{"host":"hbwa3kjetxrogfq8","time":1609851404,"event":{"mods":["AchievementEnabler","BaseMod","Block Reminder","Colored Map","Colored Powertips","Highlight Path","Minty Spire (QoL Compilation)","Rare Cards Sparkle","Relic Stats","StSLib"],"gold_per_floor":[17,36,47,66,81,108,120,120,120,70,99,99,118,128,128,229,229,239,45,57,67,67,67,67,67,67,85,85,85,120,135,135,235,285,297,12,12,27,27,27,58,58,58,73,73,73,73,89,89,89],"floor_reached":51,"playtime":2654,"items_purged":["Strike_B"],"score":837,"play_id":"5988e603-44d2-4c71-a3c2-cfd904d6330b","local_time":"20210105135644","is_ascension_mode":true,"campfire_choices":[{"floor":8,"key":"REST"},{"data":"Consume","floor":12,"key":"SMITH"},{"data":"Zap","floor":15,"key":"SMITH"},{"floor":23,"key":"REST"},{"floor":25,"key":"REST"},{"floor":28,"key":"REST"},{"floor":32,"key":"REST"},{"floor":40,"key":"REST"},{"floor":42,"key":"REST"},{"floor":45,"key":"REST"},{"floor":49,"key":"REST"}],"circlet_count":0,"master_deck":["Defend_B+1","Defend_B+1","Defend_B+1","Defend_B+1","Zap+1","Dualcast+1","Ball Lightning+1","Leap+1","Ball Lightning+1","Rebound+1","Consume+1","Rip and Tear+1","BootSequence+1","Cold Snap+1","Melter+1","Thunder Strike+1","Redo+1","Defragment+1","Leap+1","Loop+1","Writhe","Loop+1","Sweeping Beam+1","Storm+1","Storm+1","Sweeping Beam+1","Sweeping Beam+1","Buffer+1","Hello World+1","Coolheaded+1","Coolheaded+1","Stack+1","Mind Blast+1"],"relics":["Cracked Core","Akabeko","War Paint","Dream Catcher","Fusion Hammer","Bag of Marbles","Nilry\u0027s Codex","Sundial","Mummified Hand","Tiny House","Cables","HornCleat","Orichalcum","Question Card","Mark of the Bloom"],"acts_visited":["Exordium","TheCity","TheBeyond"],"potions_floor_usage":[11,11,11,16,16,30,30,33,35,41,50,50],"damage_taken":[{"damage":0,"enemies":"Cultist","floor":1,"turns":4},{"damage":0,"enemies":"Small Slimes","floor":2,"turns":3},{"damage":2,"enemies":"2 Louse","floor":3,"turns":3},{"damage":16,"enemies":"Lots of Slimes","floor":4,"turns":4},{"damage":6,"enemies":"Looter","floor":5,"turns":3},{"damage":17,"enemies":"Lagavulin","floor":6,"turns":7},{"damage":0,"enemies":"Large Slime","floor":7,"turns":3},{"damage":0,"enemies":"Gremlin Nob","floor":11,"turns":1},{"damage":0,"enemies":"2 Fungi Beasts","floor":13,"turns":2},{"damage":0,"enemies":"Looter","floor":14,"turns":2},{"damage":12,"enemies":"Hexaghost","floor":16,"turns":8},{"damage":0,"enemies":"Spheric Guardian","floor":18,"turns":2},{"damage":7,"enemies":"Shell Parasite","floor":20,"turns":4},{"damage":9,"enemies":"Cultist and Chosen","floor":21,"turns":7},{"damage":19,"enemies":"Snecko","floor":27,"turns":5},{"damage":26,"enemies":"Slavers","floor":30,"turns":4},{"damage":15,"enemies":"Shelled Parasite and Fungi","floor":31,"turns":4},{"damage":8,"enemies":"Champ","floor":33,"turns":6},{"damage":41,"enemies":"3 Darklings","floor":35,"turns":4},{"damage":0,"enemies":"3 Shapes","floor":38,"turns":3},{"damage":26,"enemies":"Reptomancer","floor":41,"turns":6},{"damage":27,"enemies":"Maw","floor":44,"turns":6},{"damage":14,"enemies":"Jaw Worm Horde","floor":48,"turns":2},{"damage":20,"enemies":"Donu and Deca","floor":50,"turns":8}],"seed_played":"5658566018622410282","potions_obtained":[{"floor":2,"key":"Energy Potion"},{"floor":3,"key":"SkillPotion"},{"floor":6,"key":"FearPotion"},{"floor":11,"key":"SpeedPotion"},{"floor":13,"key":"EssenceOfSteel"},{"floor":14,"key":"Block Potion"},{"floor":20,"key":"Dexterity Potion"},{"floor":30,"key":"FocusPotion"},{"floor":34,"key":"Explosive Potion"},{"floor":35,"key":"DuplicationPotion"},{"floor":44,"key":"LiquidMemories"},{"floor":48,"key":"Weak Potion"}],"is_trial":false,"path_per_floor":["M","M","M","M","M","E","M","R","T","?","E","R","M","M","R","B",null,"M","$","M","M","?","R","?","R","T","M","R","?","E","M","R","B",null,"M","$","?","M","$","R","E","R","T","M","R","?","?","M","R","B",null],"character_chosen":"DEFECT","items_purchased":["Defragment","Leap","Cables","Hello World"],"campfire_rested":9,"item_purchase_floors":[19,19,36,36],"current_hp_per_floor":[75,75,73,57,51,34,34,56,56,56,56,56,56,56,56,44,75,75,75,68,59,59,75,59,75,75,56,75,75,49,34,56,48,80,39,39,39,39,39,63,37,61,61,34,58,58,58,44,44,24],"gold":89,"neow_bonus":"REMOVE_TWO","is_daily":false,"chose_seed":false,"campfire_upgraded":2,"win_rate":0.0,"timestamp":1609851404,"path_taken":["M","M","M","M","M","E","M","R","T","?","E","R","M","M","R","BOSS","M","$","M","M","?","R","?","R","T","M","R","?","E","?","R","BOSS","M","$","?","?","?","R","E","R","T","M","R","?","?","M","R","BOSS"],"items_purchased_type":["Card","Card","Relic","Card"],"build_version":"2020-12-22","purchased_purges":1,"victory":true,"max_hp_per_floor":[75,75,75,75,75,75,75,75,75,75,75,75,75,75,75,75,75,75,75,75,75,75,75,75,75,75,75,75,75,75,75,75,75,80,80,80,80,80,80,80,80,80,80,80,80,80,80,80,80,80],"relic_stats":{"Dream Catcher":8,"Mark of the Bloom":24,"counters":[24,98],"Sundial":[2],"Mummified Hand":[51],"War Paint":["Dualcast","Defend_B"],"Orichalcum":[18],"Question Card":5,"obtain_stats":[{"Mark of the Bloom":47,"Tiny House":34,"Nilry\u0027s Codex":24,"War Paint":9,"Orichalcum":41,"Question Card":43,"Akabeko":6,"Cables":36,"Dream Catcher":11,"HornCleat":37,"Sundial":26,"Mummified Hand":30,"Fusion Hammer":17,"Bag of Marbles":22,"Cracked Core":0},{"Mark of the Bloom":22,"Tiny House":18,"Nilry\u0027s Codex":14,"War Paint":7,"Orichalcum":21,"Question Card":21,"Akabeko":6,"Cables":19,"Dream Catcher":8,"HornCleat":19,"Sundial":14,"Mummified Hand":16,"Fusion Hammer":11,"Bag of Marbles":14,"Cracked Core":0},{"Mark of the Bloom":89,"Tiny House":71,"Nilry\u0027s Codex":53,"War Paint":27,"Orichalcum":84,"Question Card":84,"Akabeko":24,"Cables":75,"Dream Catcher":28,"HornCleat":75,"Sundial":53,"Mummified Hand":61,"Fusion Hammer":40,"Bag of Marbles":53,"Cracked Core":0}],"Cables":[21,19,2,0,0]},"card_choices":[{"not_picked":["Compile Driver","Coolheaded"],"picked":"Ball Lightning","floor":1},{"not_picked":["Streamline","Conserve Battery"],"picked":"Leap","floor":2},{"not_picked":["Genetic Algorithm","Go for the Eyes"],"picked":"Ball Lightning","floor":3},{"not_picked":["Double Energy","Conserve Battery"],"picked":"Rebound","floor":4},{"not_picked":["Barrage","Sunder"],"picked":"Consume","floor":5},{"not_picked":["Chaos","Double Energy"],"picked":"Rip and Tear","floor":6},{"not_picked":["Stack","Tempest","Compile Driver"],"picked":"SKIP","floor":7},{"not_picked":["Stack","Leap"],"picked":"BootSequence","floor":11},{"not_picked":["Redo","Scrape"],"picked":"Cold Snap","floor":13},{"not_picked":["Coolheaded","Rip and Tear"],"picked":"Melter","floor":14},{"not_picked":["Reboot","Meteor Strike"],"picked":"Thunder Strike","floor":16},{"not_picked":["Stack","Lockon"],"picked":"Redo","floor":18},{"not_picked":["Reprogram","Beam Cell","Recycle+1"],"picked":"SKIP","floor":20},{"not_picked":["Streamline+1","Rebound"],"picked":"Loop+1","floor":21},{"not_picked":["Conserve Battery","Rainbow"],"picked":"Loop","floor":23},{"not_picked":["Beam Cell","Leap"],"picked":"Sweeping Beam+1","floor":27},{"not_picked":["Aggregate","Redo"],"picked":"Storm","floor":28},{"not_picked":["Go for the Eyes","Ball Lightning","Fusion+1"],"picked":"SKIP","floor":30},{"not_picked":["Leap","Ball Lightning"],"picked":"Sweeping Beam","floor":31},{"not_picked":["Rebound","Melter"],"picked":"Sweeping Beam+1","floor":32},{"not_picked":["Multi-Cast","Core Surge"],"picked":"Buffer","floor":33},{"not_picked":["Ball Lightning+1","Compile Driver","Rebound+1"],"picked":"SKIP","floor":35},{"not_picked":["Blizzard+1","Rebound+1","Streamline"],"picked":"SKIP","floor":38},{"not_picked":["Gash","Sunder+1"],"picked":"Coolheaded+1","floor":40},{"not_picked":["Sweeping Beam+1","All For One"],"picked":"Coolheaded","floor":41},{"not_picked":["Lockon+1","Leap"],"picked":"Stack","floor":42},{"not_picked":["Cold Snap","Steam+1","Reboot","Undo"],"picked":"SKIP","floor":44},{"not_picked":["PanicButton","Impatience","Panache"],"picked":"Mind Blast","floor":46},{"not_picked":["Beam Cell","Double Energy+1","Leap","Go for the Eyes"],"picked":"SKIP","floor":48}],"player_experience":612123,"relics_obtained":[{"floor":6,"key":"Akabeko"},{"floor":9,"key":"War Paint"},{"floor":11,"key":"Dream Catcher"},{"floor":24,"key":"Nilry\u0027s Codex"},{"floor":26,"key":"Sundial"},{"floor":30,"key":"Mummified Hand"},{"floor":37,"key":"HornCleat"},{"floor":41,"key":"Orichalcum"},{"floor":43,"key":"Question Card"}],"event_choices":[{"cards_removed":["Strike_B"],"damage_healed":0,"gold_gain":0,"player_choice":"Card Removal","damage_taken":0,"max_hp_gain":0,"max_hp_loss":0,"event_name":"The Cleric","floor":10,"gold_loss":50},{"damage_healed":0,"gold_gain":0,"player_choice":"Opened","damage_taken":0,"relics_obtained":["Bag of Marbles"],"max_hp_gain":0,"max_hp_loss":0,"event_name":"The Mausoleum","floor":22,"gold_loss":0,"cards_obtained":["Writhe"]},{"damage_healed":0,"gold_gain":0,"player_choice":"Obtained Book","damage_taken":16,"max_hp_gain":0,"max_hp_loss":0,"event_name":"Cursed Tome","floor":24,"gold_loss":0},{"damage_healed":0,"gold_gain":0,"player_choice":"Copied","damage_taken":0,"max_hp_gain":0,"max_hp_loss":0,"event_name":"Duplicator","floor":29,"gold_loss":0,"cards_obtained":["Storm"]},{"damage_healed":0,"gold_gain":0,"player_choice":"Relic","damage_taken":0,"max_hp_gain":0,"max_hp_loss":0,"event_name":"Wheel of Change","floor":37,"gold_loss":0},{"damage_healed":0,"gold_gain":0,"player_choice":"Memory 1","damage_taken":0,"max_hp_gain":0,"max_hp_loss":0,"event_name":"SensoryStone","floor":46,"gold_loss":0},{"damage_healed":0,"gold_gain":0,"player_choice":"Upgrade","damage_taken":0,"relics_obtained":["Mark of the Bloom"],"max_hp_gain":0,"max_hp_loss":0,"event_name":"MindBloom","floor":47,"gold_loss":0,"cards_upgraded":["Defend_B","Defend_B","Ball Lightning","Leap","Ball Lightning","Rebound","Rip and Tear","BootSequence","Cold Snap","Melter","Thunder Strike","Redo","Defragment","Leap","Loop","Storm","Storm","Sweeping Beam","Buffer","Hello World","Coolheaded","Stack","Mind Blast"]}],"is_beta":false,"boss_relics":[{"not_picked":["Runic Pyramid","Snecko Eye"],"picked":"Fusion Hammer"},{"not_picked":["Busted Crown","SacredBark"],"picked":"Tiny House"}],"items_purged_floors":[19],"is_endless":false,"potions_floor_spawned":[2,3,6,11,13,14,20,30,35,44,48],"ascension_level":3}}