{"host":"6gnv7me3tk2udb7q","time":1609869422,"event":{"mods":["BaseMod","Bestiary","Colored Map","Minty Spire (QoL Compilation)"],"gold_per_floor":[118,132,132,149,54,54,81,81,132,159,177,30,30,30,30],"floor_reached":14,"playtime":616,"items_purged":[],"score":172,"play_id":"aaab6115-4524-4aef-88f8-563f36f19ec7","local_time":"20210105125702","is_ascension_mode":true,"campfire_choices":[{"data":"Apotheosis","floor":6.0,"key":"SMITH"},{"data":"Echo Form","floor":8.0,"key":"SMITH"},{"data":"Double Energy","floor":13.0,"key":"SMITH"}],"circlet_count":0,"master_deck":["Strike_B","Strike_B","Strike_B","Strike_B","Defend_B","Defend_B","Defend_B","Defend_B","Zap","Dualcast","Apotheosis+1","Coolheaded","Conserve Battery","Shame","Echo Form+1","Hello World","Conserve Battery","Enlightenment","Self Repair","Steam Power","Double Energy+1"],"relics":["Cracked Core","Pen Nib","Strawberry","InkBottle","Medical Kit"],"acts_visited":["Exordium"],"potions_floor_usage":[],"damage_taken":[{"damage":0.0,"enemies":"Cultist","floor":1.0,"turns":4.0},{"damage":4.0,"enemies":"Jaw Worm","floor":2.0,"turns":3.0},{"damage":13.0,"enemies":"Small Slimes","floor":4.0,"turns":3.0},{"damage":0.0,"enemies":"Lagavulin","floor":7.0,"turns":6.0},{"damage":8.0,"enemies":"3 Sentries","floor":10.0,"turns":8.0},{"damage":14.0,"enemies":"2 Fungi Beasts","floor":11.0,"turns":5.0},{"damage":63,"enemies":"Gremlin Nob","floor":14,"turns":5}],"seed_played":"-8744467488550498584","potions_obtained":[{"floor":10.0,"key":"BlessingOfTheForge"},{"floor":11.0,"key":"Fruit Juice"}],"is_trial":false,"path_per_floor":["M","M","?","M","$","R","E","R","T","E","M","$","R","E"],"character_chosen":"DEFECT","items_purchased":["Enlightenment","Medical Kit"],"campfire_rested":0,"item_purchase_floors":[5,12],"current_hp_per_floor":[68,64,64,51,51,51,51,51,58,50,41,41,41,0,0],"gold":30,"neow_bonus":"RANDOM_COLORLESS_2","is_daily":false,"chose_seed":false,"campfire_upgraded":3,"win_rate":0.0,"timestamp":1609869422,"path_taken":["M","M","?","M","?","R","E","R","T","E","?","$","R","E"],"items_purchased_type":["Card","Relic"],"build_version":"2020-12-22","purchased_purges":0,"victory":false,"max_hp_per_floor":[68,68,68,68,68,68,68,68,75,75,80,80,80,80,80],"card_choices":[{"not_picked":["Panache","Thinking Ahead"],"picked":"Apotheosis","floor":0.0},{"not_picked":["Hologram","Cold Snap"],"picked":"Coolheaded","floor":1.0},{"not_picked":["Beam Cell","Redo"],"picked":"Conserve Battery","floor":2.0},{"not_picked":["Gash","Force Field"],"picked":"Conserve Battery","floor":4.0},{"not_picked":["Tempest","Fusion"],"picked":"Self Repair","floor":7.0},{"not_picked":["Steam","Recycle"],"picked":"Steam Power","floor":10.0},{"not_picked":["Consume","Coolheaded"],"picked":"Double Energy","floor":11.0}],"player_experience":600913,"relics_obtained":[{"floor":7.0,"key":"Pen Nib"},{"floor":9.0,"key":"Strawberry"},{"floor":10.0,"key":"InkBottle"}],"event_choices":[{"damage_healed":0.0,"max_hp_gain":0.0,"max_hp_loss":0.0,"gold_gain":0.0,"event_name":"Match and Keep!","player_choice":"3 cards matched","floor":3.0,"gold_loss":0.0,"damage_taken":0.0,"cards_obtained":["Shame","Echo Form","Hello World"]}],"is_beta":false,"boss_relics":[],"items_purged_floors":[],"is_endless":false,"potions_floor_spawned":[10,11],"killed_by":"Gremlin Nob","ascension_level":8}}