{"host":"9l4mw5jqza9qz9hr","time":1609840516,"event":{"mods":["AchievementEnabler","Always Whale","BaseMod","Colored Map","Minty Spire (QoL Compilation)","StSLib","SuperFastMode"],"gold_per_floor":[19,29,29,29,49,89,89,102,127,141,161,176,249,289,289,289,289],"floor_reached":16,"playtime":627,"items_purged":[],"score":196,"play_id":"853fa3d2-1e29-41b5-b1cf-cc86c127bf1a","local_time":"20210105185516","is_ascension_mode":true,"campfire_choices":[{"data":"Armaments","floor":7.0,"key":"SMITH"},{"data":"Entrench","floor":15.0,"key":"SMITH"}],"circlet_count":0,"master_deck":["AscendersBane","Strike_R","Strike_R","Strike_R","Defend_R","Defend_R","Defend_R","Defend_R","Bash","Shrug It Off","Feed","Infernal Blade","Armaments+1","Clothesline","Entrench+1","Pommel Strike","Body Slam","Power Through","Exhume","Shockwave"],"relics":["Burning Blood","Golden Idol","Orichalcum","Smiling Mask","Bag of Preparation","Darkstone Periapt"],"acts_visited":["Exordium"],"potions_floor_usage":[],"damage_taken":[{"damage":0.0,"enemies":"Small Slimes","floor":1.0,"turns":3.0},{"damage":9.0,"enemies":"2 Louse","floor":2.0,"turns":2.0},{"damage":20.0,"enemies":"Cultist","floor":5.0,"turns":7.0},{"damage":38.0,"enemies":"3 Sentries","floor":6.0,"turns":19.0},{"damage":2.0,"enemies":"Looter","floor":8.0,"turns":4.0},{"damage":5.0,"enemies":"2 Fungi Beasts","floor":10.0,"turns":3.0},{"damage":6.0,"enemies":"Blue Slaver","floor":11.0,"turns":6.0},{"damage":7.0,"enemies":"Gremlin Gang","floor":12.0,"turns":7.0},{"damage":27.0,"enemies":"Lagavulin Event","floor":13.0,"turns":5.0},{"damage":16.0,"enemies":"Gremlin Nob","floor":14.0,"turns":4.0},{"damage":30,"enemies":"The Guardian","floor":16,"turns":13}],"seed_played":"8884030349075161702","potions_obtained":[{"floor":1.0,"key":"SneckoOil"},{"floor":8.0,"key":"ColorlessPotion"},{"floor":11.0,"key":"BlessingOfTheForge"}],"is_trial":false,"path_per_floor":["M","M","$","?","M","E","R","M","T","M","M","M","?","E","R","B"],"character_chosen":"IRONCLAD","items_purchased":[],"campfire_rested":0,"item_purchase_floors":[],"current_hp_per_floor":[81,81,81,80,69,41,41,48,48,52,55,57,36,29,29,0,0],"gold":289,"neow_bonus":"TRANSFORM_TWO_CARDS","is_daily":false,"chose_seed":false,"campfire_upgraded":2,"win_rate":0.0,"timestamp":1609840516,"path_taken":["M","M","$","?","M","E","R","M","T","M","M","M","?","E","R","BOSS"],"items_purchased_type":[],"build_version":"2020-12-22","purchased_purges":0,"victory":false,"max_hp_per_floor":[83,86,86,80,83,87,87,90,90,93,96,99,99,102,102,102,102],"card_choices":[{"not_picked":["Rupture","Intimidate"],"picked":"Infernal Blade","floor":1.0},{"not_picked":["Bloodletting","Uppercut"],"picked":"Armaments","floor":2.0},{"not_picked":["Infernal Blade","Pummel"],"picked":"Clothesline","floor":5.0},{"not_picked":["Cleave","Thunderclap"],"picked":"Entrench","floor":6.0},{"not_picked":["Thunderclap","Cleave"],"picked":"Pommel Strike","floor":8.0},{"not_picked":["Clash","Armaments"],"picked":"Body Slam","floor":10.0},{"not_picked":["Headbutt","Flex"],"picked":"Power Through","floor":11.0},{"not_picked":["Ghostly Armor","Armaments"],"picked":"Exhume","floor":12.0},{"not_picked":["Perfected Strike","Clash"],"picked":"Shockwave","floor":13.0},{"not_picked":["Perfected Strike","Spot Weakness","Clash"],"picked":"SKIP","floor":14.0}],"player_experience":171350,"relics_obtained":[{"floor":6.0,"key":"Orichalcum"},{"floor":9.0,"key":"Smiling Mask"},{"floor":14.0,"key":"Darkstone Periapt"}],"event_choices":[{"damage_healed":0.0,"max_hp_gain":0.0,"max_hp_loss":6.0,"gold_gain":0.0,"event_name":"Golden Idol","player_choice":"Lose Max HP","floor":4.0,"gold_loss":0.0,"damage_taken":0.0,"relics_obtained":["Golden Idol"]},{"damage_healed":0.0,"max_hp_gain":0.0,"max_hp_loss":0.0,"gold_gain":30.0,"event_name":"Dead Adventurer","player_choice":"Searched \u00273\u0027 times","floor":13.0,"gold_loss":0.0,"damage_taken":0.0,"relics_obtained":["Bag of Preparation"]}],"is_beta":false,"boss_relics":[],"items_purged_floors":[],"is_endless":false,"potions_floor_spawned":[1,8,11],"killed_by":"The Guardian","ascension_level":10}}