{"host":"iyvjjqtjrywxqc57","time":1609838841,"event":{"mods":["AchievementEnabler","BaseMod","Bestiary","Better Altar","Better Match","Better Note","Better Sensory Stone","Better Skull","Better Third Choice","Colored Map","Colored Powertips","Displayed Cursed Tome","Downfall","Jorbs\u0027s Wanderer Trilogy","Minty Spire (QoL Compilation)","Quick Restart","Rare Cards Sparkle","Relic Stats","StSLib"],"gold_per_floor":[114,114,128,24,24,36,61,73,85,114,157,184,225,248,260,374,386,413,444,456,483,495,541,553,578,644,656,682,627,581,613,613,613,613],"floor_reached":33,"playtime":3121,"items_purged":[],"score":352,"play_id":"a6f02c17-d5dc-47db-86dd-3ce93cd31333","local_time":"20210105032721","is_ascension_mode":false,"campfire_choices":[{"floor":6,"key":"REST"},{"floor":15,"key":"REST"},{"floor":24,"key":"REST"},{"floor":32,"key":"REST"}],"circlet_count":0,"master_deck":["Strike_G","Strike_G","Defend_G","Defend_G","Defend_G","Defend_G","Defend_G","Survivor","Neutralize","Escape Plan","Dagger Spray+1","PiercingWail","Dagger Spray","Deflect","Slice","PiercingWail","Noxious Fumes","Adrenaline","Poisoned Stab","Bane+1","Poisoned Stab","Outmaneuver+1","Poisoned Stab","Poisoned Stab+1","Crippling Poison","Deadly Poison","Bane"],"relics":["Fusion Hammer","MawBank","Nunchaku","Ornamental Fan","Sundial","Empty Cage","Red Mask","PreservedInsect","Vajra"],"acts_visited":["Exordium","TheCity"],"potions_floor_usage":[4,13,13,16,16,31,33],"damage_taken":[{"damage":0,"enemies":"Small Slimes","floor":1,"turns":3},{"damage":0,"enemies":"Cultist","floor":3,"turns":6},{"damage":0,"enemies":"2 Louse","floor":7,"turns":3},{"damage":1,"enemies":"Exordium Thugs","floor":10,"turns":5},{"damage":2,"enemies":"3 Sentries","floor":11,"turns":6},{"damage":0,"enemies":"Gremlin Gang","floor":12,"turns":3},{"damage":0,"enemies":"Lagavulin","floor":13,"turns":7},{"damage":0,"enemies":"3 Louse","floor":14,"turns":3},{"damage":29,"enemies":"Hexaghost","floor":16,"turns":15},{"damage":0,"enemies":"2 Thieves","floor":18,"turns":5},{"damage":3,"enemies":"3 Byrds","floor":19,"turns":5},{"damage":4,"enemies":"Centurion and Healer","floor":21,"turns":10},{"damage":22,"enemies":"Masked Bandits","floor":23,"turns":4},{"damage":34,"enemies":"3 Cultists","floor":25,"turns":6},{"damage":11,"enemies":"Chosen and Byrds","floor":28,"turns":6},{"damage":0,"enemies":"Gremlin Leader","floor":31,"turns":4},{"damage":60,"enemies":"Automaton","floor":33,"turns":6}],"seed_played":"5160449197744354715","potions_obtained":[{"floor":3,"key":"Poison Potion"},{"floor":11,"key":"Weak Potion"},{"floor":12,"key":"Energy Potion"},{"floor":13,"key":"EssenceOfSteel"},{"floor":14,"key":"GhostInAJar"},{"floor":21,"key":"Dexterity Potion"},{"floor":25,"key":"DistilledChaos"}],"is_trial":false,"path_per_floor":["M","?","M","$","?","R","M","?","T","M","E","M","E","M","R","B",null,"M","M","$","M","?","?","R","M","T","$","M","$","$","E","R","B"],"character_chosen":"THE_SILENT","items_purchased":["Fruit Juice","Crippling Poison","Deadly Poison"],"campfire_rested":4,"item_purchase_floors":[4,29,30],"current_hp_per_floor":[70,70,70,75,72,75,75,75,75,74,72,72,72,72,75,46,75,75,72,72,68,68,46,68,34,34,34,23,23,23,23,45,0,0],"gold":613,"neow_bonus":"BOSS_RELIC","is_daily":false,"chose_seed":false,"campfire_upgraded":0,"win_rate":0.0,"timestamp":1609838841,"path_taken":["M","?","M","?","?","R","M","?","T","?","E","M","E","M","R","BOSS","M","?","$","M","?","?","R","M","T","$","M","?","$","E","R","BOSS"],"items_purchased_type":["Potion","Card","Card"],"build_version":"2020-12-22","purchased_purges":0,"victory":false,"max_hp_per_floor":[70,70,70,75,75,75,75,75,75,75,75,75,75,75,75,75,75,75,75,75,75,75,75,75,75,75,75,75,75,75,75,75,75,75],"relic_stats":{"Nunchaku":[17],"counters":[17,97],"Ornamental Fan":[100],"Sundial":[8],"PreservedInsect":43,"MawBank":288,"obtain_stats":[{"Nunchaku":9,"Ornamental Fan":11,"Sundial":13,"Vajra":31,"Fusion Hammer":0,"PreservedInsect":26,"Red Mask":23,"MawBank":5,"Empty Cage":17,"Ring of the Snake":0},{"Nunchaku":3,"Ornamental Fan":5,"Sundial":7,"Vajra":16,"Fusion Hammer":0,"PreservedInsect":14,"Red Mask":13,"MawBank":2,"Empty Cage":9,"Ring of the Snake":0},{"Nunchaku":12,"Ornamental Fan":23,"Sundial":33,"Vajra":91,"Fusion Hammer":0,"PreservedInsect":81,"Red Mask":75,"MawBank":9,"Empty Cage":51,"Ring of the Snake":0}]},"card_choices":[{"not_picked":["Outmaneuver","Bane"],"picked":"Escape Plan","floor":1},{"not_picked":["Prepared","Dodge and Roll"],"picked":"Dagger Spray","floor":3},{"not_picked":["Cloak And Dagger","Accuracy"],"picked":"PiercingWail","floor":7},{"not_picked":["PiercingWail","Quick Slash"],"picked":"Dagger Spray","floor":10},{"not_picked":["Backflip","Flying Knee"],"picked":"Deflect","floor":11},{"not_picked":["Prepared","Bane"],"picked":"Slice","floor":12},{"not_picked":["Calculated Gamble","Flying Knee"],"picked":"PiercingWail","floor":13},{"not_picked":["Glass Knife","Poisoned Stab"],"picked":"Noxious Fumes","floor":14},{"not_picked":["Night Terror","Wraith Form v2"],"picked":"Adrenaline","floor":16},{"not_picked":["Bane","Well Laid Plans+1"],"picked":"Poisoned Stab","floor":18},{"not_picked":["Underhanded Strike","Terror"],"picked":"Bane+1","floor":19},{"not_picked":["Bane","Predator"],"picked":"Poisoned Stab","floor":21},{"not_picked":["Choke+1","Masterful Stab"],"picked":"Outmaneuver+1","floor":23},{"not_picked":["Dodge and Roll","Sucker Punch"],"picked":"Poisoned Stab","floor":25},{"not_picked":["Bane","Dodge and Roll+1"],"picked":"Poisoned Stab+1","floor":28},{"not_picked":["Underhanded Strike","Acrobatics"],"picked":"Bane","floor":31}],"player_experience":79305,"relics_obtained":[{"floor":9,"key":"Nunchaku"},{"floor":11,"key":"Ornamental Fan"},{"floor":13,"key":"Sundial"},{"floor":23,"key":"Red Mask"},{"floor":26,"key":"PreservedInsect"},{"floor":31,"key":"Vajra"}],"event_choices":[{"cards_removed":["Strike_G"],"damage_healed":0,"gold_gain":0,"player_choice":"Offered Basic","damage_taken":0,"max_hp_gain":0,"max_hp_loss":0,"event_name":"Bonfire Elementals","floor":2,"gold_loss":0},{"damage_healed":0,"gold_gain":0,"player_choice":"Relic ","damage_taken":3,"max_hp_gain":0,"max_hp_loss":0,"event_name":"betterThird:BetterScrap","floor":5,"gold_loss":0,"cards_obtained":["Amplify"]},{"damage_healed":0,"gold_gain":0,"player_choice":"Grow","damage_taken":0,"max_hp_gain":0,"max_hp_loss":0,"event_name":"Living Wall","floor":8,"gold_loss":0,"cards_upgraded":["Dagger Spray"]},{"cards_removed":["Strike_G"],"damage_healed":0,"gold_gain":0,"player_choice":"Give","damage_taken":0,"max_hp_gain":0,"max_hp_loss":0,"event_name":"betterNote:BetterNote","floor":22,"gold_loss":0,"cards_obtained":["Strike_G"]},{"damage_healed":0,"gold_gain":0,"player_choice":"Fought Bandits","damage_taken":0,"max_hp_gain":0,"max_hp_loss":0,"event_name":"Masked Bandits","floor":23,"gold_loss":0}],"is_beta":false,"boss_relics":[{"not_picked":["Coffee Dripper","Snecko Eye"],"picked":"Empty Cage"}],"items_purged_floors":[],"is_endless":false,"potions_floor_spawned":[3,11,12,13,14,21,25],"killed_by":"Automaton","ascension_level":0}}