{"host":"tzyzz5n7hg2ni9q2","time":1609830394,"event":{"mods":["BaseMod","Minty Spire (QoL Compilation)","Quick Restart"],"gold_per_floor":[118,129,129,204,204,241,241,271,271,345,373,392,392,407,407,512,512,535,535,634,654,654,654,654,654],"floor_reached":24,"playtime":853,"items_purged":[],"score":354,"play_id":"3b2000f7-333a-4bd2-8163-27f1588846d2","local_time":"20210105080634","is_ascension_mode":true,"campfire_choices":[{"data":"True Grit","floor":7.0,"key":"SMITH"},{"data":"True Grit","floor":15,"key":"SMITH"},{"data":"Limit Break","floor":23,"key":"SMITH"}],"circlet_count":0,"master_deck":["AscendersBane","Strike_R","Strike_R","Strike_R","Strike_R","Defend_R","Defend_R","Defend_R","Defend_R","Bash","True Grit+1","Disarm","Shrug It Off","Body Slam","Cleave","Evolve","Disarm","True Grit+1","Limit Break+1","Metallicize"],"relics":["Burning Blood","NeowsBlessing","Prayer Wheel","CeramicFish","Shuriken","Paper Frog","Sozu","Happy Flower"],"acts_visited":["Exordium","TheCity"],"potions_floor_usage":[],"damage_taken":[{"damage":0.0,"enemies":"Cultist","floor":1.0,"turns":1.0},{"damage":0.0,"enemies":"Jaw Worm","floor":2.0,"turns":1.0},{"damage":0.0,"enemies":"3 Sentries","floor":6.0,"turns":2.0},{"damage":2.0,"enemies":"2 Louse","floor":8.0,"turns":3.0},{"damage":4.0,"enemies":"Red Slaver","floor":11.0,"turns":6.0},{"damage":13.0,"enemies":"Exordium Wildlife","floor":12.0,"turns":8.0},{"damage":6,"enemies":"Gremlin Gang","floor":14,"turns":7},{"damage":24,"enemies":"Hexaghost","floor":16,"turns":17},{"damage":12,"enemies":"Shell Parasite","floor":18,"turns":16},{"damage":25,"enemies":"Spheric Guardian","floor":21,"turns":9},{"damage":18,"enemies":"Gremlin Leader","floor":24,"turns":4}],"seed_played":"-1630727274255360210","potions_obtained":[{"floor":6.0,"key":"HeartOfIron"},{"floor":11.0,"key":"BloodPotion"},{"floor":16,"key":"Dexterity Potion"}],"is_trial":false,"path_per_floor":["M","M","T","?","?","E","R","M","T","T","M","M","?","M","R","B",null,"M","?","?","M","?","R","E"],"character_chosen":"IRONCLAD","items_purchased":[],"campfire_rested":0,"item_purchase_floors":[],"current_hp_per_floor":[78,80,80,69,69,75,75,79,79,79,80,73,73,73,73,55,74,68,68,68,49,49,49,31,31],"gold":654,"neow_bonus":"THREE_ENEMY_KILL","is_daily":false,"chose_seed":false,"campfire_upgraded":3,"win_rate":0.0,"timestamp":1609830394,"path_taken":["M","M","?","?","?","E","R","?","T","?","M","?","?","M","R","BOSS","M","?","?","M","?","R","E"],"items_purchased_type":[],"build_version":"2020-12-22","purchased_purges":0,"victory":false,"max_hp_per_floor":[80,80,80,80,80,80,80,80,80,80,80,80,80,80,80,80,80,80,80,80,80,80,80,80,80],"card_choices":[{"not_picked":["Armaments","Twin Strike"],"picked":"True Grit","floor":1.0},{"not_picked":["Armaments","Clothesline"],"picked":"Disarm","floor":2.0},{"not_picked":["Rage","Headbutt"],"picked":"Shrug It Off","floor":6.0},{"not_picked":["Wild Strike","Heavy Blade"],"picked":"Body Slam","floor":8.0},{"not_picked":["Spot Weakness","Reckless Charge"],"picked":"Cleave","floor":8.0},{"not_picked":["Warcry","Armaments"],"picked":"Evolve","floor":11.0},{"not_picked":["Pommel Strike","Dark Embrace"],"picked":"Disarm","floor":11.0},{"not_picked":["Cleave","Warcry"],"picked":"True Grit","floor":12.0},{"not_picked":["Twin Strike","Spot Weakness","Wild Strike"],"picked":"SKIP","floor":12.0},{"not_picked":["Intimidate","Corruption","Warcry"],"picked":"SKIP","floor":14},{"not_picked":["Cleave","Clothesline","Iron Wave"],"picked":"SKIP","floor":14},{"not_picked":["Brutality","Immolate"],"picked":"Limit Break","floor":16},{"not_picked":["Armaments","Power Through"],"picked":"Metallicize","floor":18},{"not_picked":["Bloodletting","Flex","Uppercut"],"picked":"SKIP","floor":18},{"not_picked":["Body Slam","Havoc","Cleave"],"picked":"SKIP","floor":21},{"not_picked":["Havoc","Rupture","Carnage+1"],"picked":"SKIP","floor":21}],"player_experience":239720,"relics_obtained":[{"floor":3.0,"key":"Prayer Wheel"},{"floor":6.0,"key":"CeramicFish"},{"floor":9.0,"key":"Shuriken"},{"floor":10.0,"key":"Paper Frog"}],"event_choices":[{"damage_healed":0.0,"max_hp_gain":0.0,"max_hp_loss":0.0,"gold_gain":75.0,"event_name":"World of Goop","player_choice":"Gather Gold","floor":4.0,"gold_loss":0.0,"damage_taken":11.0},{"cards_removed":["Strike_R"],"damage_healed":0.0,"max_hp_gain":0.0,"max_hp_loss":0.0,"gold_gain":0.0,"event_name":"Bonfire Elementals","player_choice":"Offered Basic","floor":5.0,"gold_loss":0.0,"damage_taken":0.0},{"damage_healed":0.0,"max_hp_gain":0.0,"max_hp_loss":0.0,"gold_gain":0.0,"event_name":"Liars Game","player_choice":"Ignored","floor":13.0,"gold_loss":0.0,"damage_taken":0.0},{"damage_healed":0,"gold_gain":0,"player_choice":"Opened","damage_taken":0,"relics_obtained":["Happy Flower"],"max_hp_gain":0,"max_hp_loss":0,"event_name":"The Mausoleum","floor":19,"gold_loss":0},{"damage_healed":0,"gold_gain":99,"player_choice":"Stole From Cult","damage_taken":0,"max_hp_gain":0,"max_hp_loss":0,"event_name":"Nest","floor":20,"gold_loss":0},{"damage_healed":0,"gold_gain":0,"player_choice":"Ignored","damage_taken":0,"max_hp_gain":0,"max_hp_loss":0,"event_name":"Vampires","floor":22,"gold_loss":0}],"is_beta":false,"boss_relics":[{"not_picked":["Cursed Key","Runic Dome"],"picked":"Sozu"}],"items_purged_floors":[],"is_endless":false,"potions_floor_spawned":[6,11,16],"killed_by":"Gremlin Leader","ascension_level":12}}