{"host":"d8hh7rr4yzitjeuj","time":1609851854,"event":{"mods":["2.2 Compatiblity","AchievementEnabler","Act Like it!","BaseMod","Colored Map","Colored Powertips","Highlight Path","Keyboard Shortcuts","Minty Spire (QoL Compilation)","Permanent Neow","Quick Restart","StSLib","SuperFastMode"],"gold_per_floor":[13,28,38,53,53,53,128,140,140,140,166,184,218,231,231,231,231],"floor_reached":16,"playtime":365,"items_purged":[],"score":208,"play_id":"e9928f2a-2a2d-402c-891d-f3ddd5988be6","local_time":"20210105220414","is_ascension_mode":true,"campfire_choices":[{"data":"Sunder","floor":6,"key":"SMITH"},{"data":"Coolheaded","floor":10,"key":"SMITH"},{"data":"Recycle","floor":15,"key":"SMITH"}],"circlet_count":0,"master_deck":["AscendersBane","Strike_B","Strike_B+1","Strike_B","Defend_B","Defend_B","Defend_B","Zap","Dualcast","Undo","Recycle+1","Barrage","Reinforced Body","Sunder+1","Sweeping Beam+1","Coolheaded+1","Ball Lightning","Turbo","Glacier"],"relics":["Cracked Core","Centennial Puzzle","Nunchaku","Whetstone"],"acts_visited":["Exordium"],"potions_floor_usage":[13,16],"damage_taken":[{"damage":0,"enemies":"Cultist","floor":1,"turns":3},{"damage":0,"enemies":"Small Slimes","floor":2,"turns":2},{"damage":9,"enemies":"Jaw Worm","floor":3,"turns":3},{"damage":9,"enemies":"Large Slime","floor":4,"turns":8},{"damage":0,"enemies":"3 Louse","floor":8,"turns":3},{"damage":3,"enemies":"Blue Slaver","floor":12,"turns":4},{"damage":8,"enemies":"Gremlin Nob","floor":13,"turns":3},{"damage":1,"enemies":"Exordium Wildlife","floor":14,"turns":2},{"damage":27,"enemies":"Slime Boss","floor":16,"turns":5}],"seed_played":"-2191037547113289095","potions_obtained":[{"floor":2,"key":"SteroidPotion"},{"floor":4,"key":"Weak Potion"}],"is_trial":false,"path_per_floor":["M","M","M","M","$","R","?","M","T","R","T","M","E","M","R","B"],"character_chosen":"DEFECT","items_purchased":[],"campfire_rested":0,"item_purchase_floors":[],"current_hp_per_floor":[64,64,55,46,46,46,35,35,35,35,35,32,24,23,23,0,0],"gold":231,"neow_bonus":"TRANSFORM_TWO_CARDS","is_daily":false,"chose_seed":false,"campfire_upgraded":3,"win_rate":0.0,"timestamp":1609851854,"path_taken":["M","?","M","M","$","R","?","M","T","R","?","M","E","M","R","BOSS"],"items_purchased_type":[],"build_version":"2020-12-22","purchased_purges":0,"victory":false,"max_hp_per_floor":[71,71,71,71,71,71,71,71,71,71,71,71,71,71,71,71,71],"card_choices":[{"not_picked":["Go for the Eyes","Static Discharge"],"picked":"Barrage","floor":1},{"not_picked":["Melter","White Noise"],"picked":"Reinforced Body","floor":2},{"not_picked":["Beam Cell","Static Discharge"],"picked":"Sunder","floor":3},{"not_picked":["Stack","Darkness"],"picked":"Sweeping Beam","floor":4},{"not_picked":["Stack","Chill"],"picked":"Coolheaded","floor":8},{"not_picked":["Hologram","Undo"],"picked":"Ball Lightning","floor":12},{"not_picked":["Darkness","Streamline"],"picked":"Turbo","floor":13},{"not_picked":["Double Energy","Consume"],"picked":"Glacier","floor":14}],"player_experience":1408012,"relics_obtained":[{"floor":9,"key":"Centennial Puzzle"},{"floor":11,"key":"Nunchaku"},{"floor":13,"key":"Whetstone"}],"event_choices":[{"damage_healed":0,"gold_gain":75,"player_choice":"Gather Gold","damage_taken":11,"max_hp_gain":0,"max_hp_loss":0,"event_name":"World of Goop","floor":7,"gold_loss":0}],"is_beta":false,"boss_relics":[],"items_purged_floors":[],"is_endless":false,"potions_floor_spawned":[2,4,8],"killed_by":"Slime Boss","ascension_level":20}}