{"host":"ig7tc0uedzltt2sr","time":1609827154,"event":{"mods":["BaseMod","Better Twitch Integration","Block Reminder","Colored Map","Colored Powertips","Communication Mod","Current Relic Mod","GifTheSpireLib","HexUI Lib","Minty Spire (QoL Compilation)","Quick Restart","Random Character Button","Rare Cards Sparkle","Relic Sorter","Relic Stats","Slay the Relics Exporter","StSLib","SuperFastMode","Synergy Search","Twitch Decklist","Twitch Utils","everything is the same but u backflip on backflip","slay the spire mod where everything is the same but ironclad has a cowboy hat"],"gold_per_floor":[112,112,124,140,140,140,140,155,155,173,193,212,227,245,245,245,245],"floor_reached":16,"playtime":103,"items_purged":[],"score":98,"play_id":"9dc1fbe0-255a-4c44-9469-76c0daeb4bc2","local_time":"20210104221234","is_ascension_mode":false,"campfire_choices":[{"data":"Strike_R","floor":6,"key":"SMITH"},{"floor":15,"key":"REST"}],"circlet_count":0,"master_deck":["Strike_R+1","Strike_R","Strike_R","Strike_R","Strike_R+1","Defend_R","Defend_R","Defend_R","Defend_R+1","Bash","Ghostly Armor","Feel No Pain","Twin Strike","Rampage","Reckless Charge","Rupture","Corruption","Shrug It Off","Twin Strike"],"relics":["Burning Blood","NeowsBlessing","Happy Flower","Dream Catcher","Gremlin Horn"],"acts_visited":["Exordium"],"potions_floor_usage":[],"damage_taken":[{"damage":0,"enemies":"Cultist","floor":1,"turns":1},{"damage":0,"enemies":"Jaw Worm","floor":3,"turns":1},{"damage":0,"enemies":"2 Louse","floor":4,"turns":2},{"damage":5,"enemies":"Looter","floor":8,"turns":5},{"damage":7,"enemies":"Blue Slaver","floor":10,"turns":4},{"damage":19,"enemies":"Large Slime","floor":11,"turns":6},{"damage":25,"enemies":"Gremlin Gang","floor":12,"turns":4},{"damage":13,"enemies":"Lots of Slimes","floor":13,"turns":4},{"damage":15,"enemies":"Large Slime","floor":14,"turns":8},{"damage":58,"enemies":"Hexaghost","floor":16,"turns":9}],"seed_played":"-4189853799944825830","potions_obtained":[{"floor":1,"key":"EssenceOfSteel"},{"floor":8,"key":"PowerPotion"},{"floor":11,"key":"DistilledChaos"},{"floor":14,"key":"BloodPotion"}],"is_trial":false,"path_per_floor":["M","?","M","M","?","R","T","M","T","M","M","M","M","M","R","B"],"character_chosen":"IRONCLAD","items_purchased":[],"campfire_rested":1,"item_purchase_floors":[],"current_hp_per_floor":[80,77,80,80,64,64,64,65,65,64,51,32,25,16,40,0,0],"gold":245,"neow_bonus":"THREE_ENEMY_KILL","is_daily":false,"chose_seed":false,"campfire_upgraded":1,"win_rate":0.0,"timestamp":1609827154,"path_taken":["M","?","M","M","?","R","?","?","T","M","M","M","M","M","R","BOSS"],"items_purchased_type":[],"build_version":"2020-12-22","purchased_purges":0,"victory":false,"max_hp_per_floor":[80,80,80,80,80,80,80,80,80,80,80,80,80,80,80,80,80],"relic_stats":{"Dream Catcher":1,"Happy Flower":[14],"Gremlin Horn":[9,9],"counters":[10,44],"obtain_stats":[{"Dream Catcher":7,"NeowsBlessing":0,"Happy Flower":2,"Gremlin Horn":9,"Burning Blood":0},{"Dream Catcher":3,"NeowsBlessing":0,"Happy Flower":1,"Gremlin Horn":4,"Burning Blood":0},{"Dream Catcher":4,"NeowsBlessing":0,"Happy Flower":1,"Gremlin Horn":9,"Burning Blood":0}],"Burning Blood":39},"card_choices":[{"not_picked":["Shrug It Off","Flex"],"picked":"Ghostly Armor","floor":1},{"not_picked":["Flex","Headbutt"],"picked":"Feel No Pain","floor":3},{"not_picked":["Flex","Clash"],"picked":"Twin Strike","floor":4},{"not_picked":["Dark Embrace","Infernal Blade"],"picked":"Rampage","floor":8},{"not_picked":["Cleave","Headbutt"],"picked":"Reckless Charge","floor":10},{"not_picked":["Wild Strike","Armaments"],"picked":"Rupture","floor":11},{"not_picked":["Sentinel","Iron Wave"],"picked":"Corruption","floor":12},{"not_picked":["Heavy Blade","Iron Wave"],"picked":"Shrug It Off","floor":13},{"not_picked":["Sword Boomerang","Wild Strike"],"picked":"Twin Strike","floor":14}],"player_experience":1427421,"relics_obtained":[{"floor":7,"key":"Dream Catcher"},{"floor":9,"key":"Gremlin Horn"}],"event_choices":[{"damage_healed":0,"gold_gain":0,"player_choice":"Success","damage_taken":3,"relics_obtained":["Happy Flower"],"max_hp_gain":0,"max_hp_loss":0,"event_name":"Scrap Ooze","floor":2,"gold_loss":0},{"damage_healed":0,"gold_gain":0,"player_choice":"Entered Light","damage_taken":16,"max_hp_gain":0,"max_hp_loss":0,"event_name":"Shining Light","floor":5,"gold_loss":0,"cards_upgraded":["Defend_R","Strike_R"]}],"is_beta":false,"boss_relics":[],"items_purged_floors":[],"is_endless":false,"potions_floor_spawned":[1,8,11,14],"killed_by":"Hexaghost","ascension_level":0}}