{"host":"whyfdmrq1ty0e9zp","time":1609842844,"event":{"mods":["Act Like it!","BaseMod","Colored Map","Colored Powertips","Conspire","Gensokyo","LagranYue(¿≠∏Ò¿ °§‘¬)","Marisa£®ÏF”Í°°ƒß¿Ì…≥£©","Minty Spire (QoL Compilation)","MostiFishMod","Prisma Mod","Quick Restart","Relic Stats","Remilia£®¿Ÿ√◊¿Ú—«£©","Replay The Spire","StSLib","TestMod","The Servant 0.9.4","Youmu£®ªÍ∆«—˝√Œ£©","vexMod","°æ“≈ŒÔø®≈∆°øREMEMod"],"gold_per_floor":[369,384,384,404,404,85,60,77,77,77,77],"floor_reached":10,"playtime":513,"items_purged":["Strike_RM"],"score":116,"play_id":"a913fd11-aad2-4d39-8810-d2eb60ee4dd5","local_time":"20210105183404","is_ascension_mode":true,"campfire_choices":[],"circlet_count":0,"master_deck":["AscendersBane","Strike_RM","Strike_RM","Defend_RM","Defend_RM","Defend_RM","RedMoon","ScarletShoot","MostiFishMod:StarOceanB+1","ScarletSymphony","UnstableMagic","DiffusionOfMisfortune"],"relics":["ScarletHat","testmod-TestBox","DaveBox","REME_ComplimentaryCards","testmod-TimeTraveler","BrkXgEgg","LagranYue:RandomDrawCardRelic","SynthV:TestCard","Membership Card","PreservedInsect","testmod-Antiphasic","Golden Egg"],"acts_visited":["Exordium"],"potions_floor_usage":[10],"damage_taken":[{"damage":0,"enemies":"Gensokyo:2_Kodama","floor":1,"turns":4},{"damage":0,"enemies":"Gensokyo:Gryphon","floor":2,"turns":3},{"damage":0,"enemies":"Gensokyo:Python","floor":4,"turns":5},{"damage":17,"enemies":"Gensokyo:3_Kodama","floor":8,"turns":6},{"damage":0,"enemies":"Gensokyo:Cirno","floor":10,"turns":3}],"seed_played":"-8885547206195685586","potions_obtained":[{"floor":2,"key":"Adrenaline Potion"},{"floor":8,"key":"Energy Potion"}],"is_trial":false,"path_per_floor":["M","M","?","M","?","$","?","M","T","E"],"character_chosen":"REMILIA","items_purchased":["Membership Card","PreservedInsect","UnstableMagic"],"campfire_rested":0,"item_purchase_floors":[6,6,6],"current_hp_per_floor":[63,63,29,32,32,32,32,17,17,17,17],"gold":77,"neow_bonus":"TWO_FIFTY_GOLD","is_daily":false,"chose_seed":false,"campfire_upgraded":0,"win_rate":0.0,"timestamp":1609842844,"path_taken":["M","M","?","?","?","$","?","?","T","E"],"items_purchased_type":["Relic","Relic","Card"],"build_version":"2020-12-22","purchased_purges":1,"victory":false,"max_hp_per_floor":[70,70,70,70,70,70,70,70,70,70,70],"relic_stats":{"counters":[5,21],"PreservedInsect":11,"obtain_stats":[{"testmod-Antiphasic":7,"Golden Egg":9,"testmod-TestBox":0,"testmod-TimeTraveler":0,"SynthV:TestCard":1,"DaveBox":0,"LagranYue:RandomDrawCardRelic":0,"BrkXgEgg":0,"PreservedInsect":6,"Membership Card":6,"ScarletHat":0,"REME_ComplimentaryCards":0},{"testmod-Antiphasic":3,"Golden Egg":4,"testmod-TestBox":0,"testmod-TimeTraveler":0,"SynthV:TestCard":1,"DaveBox":0,"LagranYue:RandomDrawCardRelic":0,"BrkXgEgg":0,"PreservedInsect":3,"Membership Card":3,"ScarletHat":0,"REME_ComplimentaryCards":0},{"testmod-Antiphasic":12,"Golden Egg":18,"testmod-TestBox":0,"testmod-TimeTraveler":0,"SynthV:TestCard":4,"DaveBox":0,"LagranYue:RandomDrawCardRelic":0,"BrkXgEgg":0,"PreservedInsect":12,"Membership Card":12,"ScarletHat":0,"REME_ComplimentaryCards":0}]},"card_choices":[{"not_picked":["FavorOfDestiny","MillenniumVampire","VampireKiss"],"picked":"SKIP","floor":1},{"not_picked":["SuperhumanBloodyKnife","DiffusionOfMisfortune","GlobalNightmare","VampireFantasy"],"picked":"ScarletSymphony","floor":2},{"not_picked":["BloodyMagicSquare","Stigmanizer","ScarletDevil","GlobalNightmare","VampirishNight"],"picked":"SKIP","floor":4},{"not_picked":["BombardNight","BadLadyScramble","GlobalNightmare","BlasphemousPunishment"],"picked":"DiffusionOfMisfortune","floor":8}],"player_experience":509582,"relics_obtained":[{"floor":1,"key":"SynthV:TestCard"},{"floor":9,"key":"Golden Egg"}],"event_choices":[],"is_beta":false,"boss_relics":[],"items_purged_floors":[6],"is_endless":false,"potions_floor_spawned":[2,8],"killed_by":"Gensokyo:Cirno","ascension_level":20}}