{"host":"56ghxnzsglgdq727","time":1609829473,"event":{"mods":["AchievementEnabler","BaseMod","Downfall","Minty Spire (QoL Compilation)","StSLib"],"gold_per_floor":[99,99,99,99,99,99,99,199,199,199,217,231,231,259,270,369,369,369,369,369,29,29,29,29,29,29,29,14,14,14,14,14,14,14,14,14,14,14,14,14,14,14,14,14,14,14,14,14,14,14,14,14,14,14],"floor_reached":52,"playtime":3051,"items_purged":["champ:Execute"],"score":715,"play_id":"b973cb56-e541-44c5-8225-2177bca12d5c","local_time":"20210105015113","is_ascension_mode":true,"campfire_choices":[{"data":"champ:Taunt","floor":1,"key":"SMITH"},{"data":"champ:PerfectedStrike","floor":13,"key":"SMITH"},{"data":"champ:Balance","floor":18,"key":"SMITH"},{"floor":26,"key":"REST"},{"floor":30,"key":"REST"},{"floor":35,"key":"RECALL"},{"data":"champ:MurderStrike","floor":42,"key":"SMITH"},{"data":"champ:Balance","floor":44,"key":"SMITH"}],"circlet_count":0,"master_deck":["champ:Strike+1","champ:Strike","champ:Strike","champ:Strike","champ:Defend","champ:Defend","champ:Defend","champ:Defend","champ:Taunt+1","champ:ShieldWall+1","champ:Balance","champ:Balance+1","champ:PerfectedStrike+1","champ:PerfectedStrike","champ:ShieldSlam","champ:CheapShot+1","champ:DefensiveShout","champ:BringItOn+1","champ:MurderStrike+1","expansioncontent:TimeRipple","champ:DefensiveStyle+1","champ:Balance+1","champ:IgnorePain","champ:DefensiveShout","champ:PerfectedStrike+1","champ:IgnorePain","champ:Aggression+1","Parasite","champ:TornadoPunch"],"relics":["champ:ChampionCrown","downfall:HeartsMalice","WingedGreaves","Odd Mushroom","downfall:Hecktoplasm","downfall:RedIOU","Bag of Marbles","Whetstone","downfall:HeartBlessingGreen","Akabeko","Enchiridion","Busted Crown","Pocketwatch","downfall:HeartBlessingRed","downfall:HeartBlessingBlue","White Beast Statue"],"acts_visited":["Exordium","TheCity","TheBeyond","TheEnding"],"potions_floor_usage":[16,16,16,27,27,32,48,50,50,50],"damage_taken":[{"damage":0,"enemies":"2 Louse","floor":2,"turns":1},{"damage":0,"enemies":"Small Slimes","floor":4,"turns":1},{"damage":0,"enemies":"Jaw Worm","floor":9,"turns":1},{"damage":0,"enemies":"3 Louse","floor":11,"turns":2},{"damage":9,"enemies":"Blue Slaver","floor":12,"turns":3},{"damage":32,"enemies":"The Mushroom Lair","floor":14,"turns":3},{"damage":0,"enemies":"Large Slime","floor":15,"turns":3},{"damage":16,"enemies":"downfall:Ironclad","floor":16,"turns":8},{"damage":22,"enemies":"Shell Parasite","floor":19,"turns":4},{"damage":0,"enemies":"downfall:FleeingMerchant","floor":21,"turns":5},{"damage":0,"enemies":"Chosen","floor":22,"turns":1},{"damage":81,"enemies":"Gremlin Leader","floor":23,"turns":11},{"damage":16,"enemies":"Slavers","floor":27,"turns":4},{"damage":9,"enemies":"downfall:FleeingMerchant","floor":28,"turns":5},{"damage":10,"enemies":"Snecko","floor":31,"turns":4},{"damage":0,"enemies":"Shelled Parasite and Fungi","floor":32,"turns":4},{"damage":43,"enemies":"downfall:Watcher","floor":33,"turns":9},{"damage":21,"enemies":"3 Darklings","floor":36,"turns":4},{"damage":3,"enemies":"3 Shapes","floor":37,"turns":1},{"damage":15,"enemies":"Sphere and 2 Shapes","floor":38,"turns":4},{"damage":16,"enemies":"Mind Bloom Boss Battle","floor":39,"turns":9},{"damage":2,"enemies":"Writhing Mass","floor":43,"turns":4},{"damage":5,"enemies":"Jaw Worm Horde","floor":45,"turns":3},{"damage":9,"enemies":"4 Shapes","floor":46,"turns":2},{"damage":0,"enemies":"downfall:FleeingMerchant","floor":47,"turns":1},{"damage":5,"enemies":"Nemesis","floor":48,"turns":5},{"damage":4,"enemies":"Transient","floor":49,"turns":5},{"damage":47,"enemies":"downfall:Silent","floor":50,"turns":7},{"damage":101,"enemies":"downfall:CharBossMerchant","floor":52,"turns":9}],"seed_played":"5679165469920295170","potions_obtained":[{"floor":11,"key":"LiquidMemories"},{"floor":12,"key":"Dexterity Potion"},{"floor":14,"key":"hexamod:EctoCoolerPotion"},{"floor":19,"key":"Swift Potion"},{"floor":23,"key":"Guardian:BlockOnCardUsePotion"},{"floor":31,"key":"Regen Potion"},{"floor":37,"key":"SpeedPotion"},{"floor":43,"key":"Weak Potion"},{"floor":48,"key":"DuplicationPotion"},{"floor":49,"key":"Explosive Potion"}],"is_trial":false,"path_per_floor":["R","M","?","M","?","?","T","?","M","?","M","M","R","?","M","B",null,"R","M","?","$","M","E","T","?","R","E","$","?","R","M","M","B",null,"R","M","M","M","?","?","T","R","M","R","M","M","$","E","M","B",null,"E"],"character_chosen":"THE_CHAMP","items_purchased":["champ:MurderStrike","expansioncontent:TimeRipple"],"campfire_rested":2,"item_purchase_floors":[21,21],"current_hp_per_floor":[90,90,90,90,90,48,48,48,48,48,48,44,44,22,22,6,90,90,83,83,83,83,12,12,12,39,36,27,11,38,28,42,9,90,90,82,82,80,64,64,64,74,74,74,72,66,66,66,66,19,100,0,0,0],"gold":14,"neow_bonus":"THREE_ENEMY_KILL","is_daily":false,"chose_seed":false,"campfire_upgraded":5,"win_rate":0.0,"timestamp":1609829473,"path_taken":["R","M","?","M","?","?","T","?","?","?","M","M","R","?","M","BOSS","R","M","?","$","M","E","T","?","R","E","$","?","R","M","M","BOSS","R","M","M","M","?","?","T","R","M","R","?","M","$","E","M","BOSS","E"],"items_purchased_type":["Card","Card"],"build_version":"2020-12-22","purchased_purges":1,"victory":false,"max_hp_per_floor":[90,90,90,90,90,90,90,90,90,90,90,90,90,90,90,90,90,90,90,90,90,90,90,90,90,90,90,90,90,90,90,90,90,90,90,90,90,90,90,90,90,100,100,100,100,100,100,100,100,100,100,100,100,100],"card_choices":[{"not_picked":["champ:BerserkersShout","champ:AdrenalArmor"],"picked":"champ:ShieldWall","floor":2},{"not_picked":["champ:EnragedBash","champ:Encircle","champ:BladeFlurry"],"picked":"SKIP","floor":4},{"not_picked":["champ:HeartStrike","champ:Riposte"],"picked":"champ:Balance","floor":9},{"not_picked":["champ:RapidStrikes","champ:BerserkersShout"],"picked":"champ:Balance","floor":11},{"not_picked":["champ:CrookedStrike","champ:RageSigil"],"picked":"champ:PerfectedStrike","floor":12},{"not_picked":["champ:Circumvent","champ:FanOfKnives"],"picked":"champ:PerfectedStrike","floor":14},{"not_picked":["champ:FanOfKnives","champ:TornadoPunch"],"picked":"champ:ShieldSlam","floor":15},{"not_picked":["champ:CrownThrow","champ:LastStand"],"picked":"champ:CheapShot","floor":16},{"not_picked":["champ:Circumvent","champ:RecklessLeap"],"picked":"champ:DefensiveShout","floor":19},{"not_picked":["champ:Backstep","champ:GladiatorsShout"],"picked":"champ:BringItOn+1","floor":21},{"not_picked":["champ:RapidStrikes","champ:CrookedStrike","champ:FlashCut"],"picked":"SKIP","floor":22},{"not_picked":["champ:BladeFlurry+1","champ:Aggression"],"picked":"champ:DefensiveStyle+1","floor":23},{"not_picked":["champ:BerserkersShout","champ:GladiatorStyle"],"picked":"champ:Balance","floor":27},{"not_picked":["champ:AdrenalArmor","champ:RisingSlash+1"],"picked":"champ:IgnorePain","floor":28},{"not_picked":["champ:Haymaker","champ:GladiatorsShout+1"],"picked":"champ:DefensiveShout","floor":31},{"not_picked":["champ:GutPunch","champ:Riposte"],"picked":"champ:PerfectedStrike+1","floor":32},{"not_picked":["champ:Improvising","champ:SteelEdge"],"picked":"champ:IgnorePain","floor":33},{"not_picked":["champ:AdrenalArmor+1"],"picked":"SKIP","floor":36},{"not_picked":[],"picked":"champ:Aggression+1","floor":37},{"not_picked":["champ:BringItOn+1"],"picked":"SKIP","floor":38},{"not_picked":["champ:GladiatorsShout+1"],"picked":"SKIP","floor":43},{"not_picked":[],"picked":"champ:TornadoPunch","floor":45},{"not_picked":["champ:GladiatorsShout+1"],"picked":"SKIP","floor":46},{"not_picked":["champ:Circumvent"],"picked":"SKIP","floor":47},{"not_picked":["champ:StanceDance+1"],"picked":"SKIP","floor":48},{"not_picked":["champ:Haymaker+1"],"picked":"SKIP","floor":49}],"player_experience":153632,"relics_obtained":[{"floor":7,"key":"WingedGreaves"},{"floor":14,"key":"Odd Mushroom"},{"floor":23,"key":"Bag of Marbles"},{"floor":24,"key":"Whetstone"},{"floor":27,"key":"Akabeko"},{"floor":29,"key":"Enchiridion"},{"floor":39,"key":"Pocketwatch"},{"floor":48,"key":"White Beast Statue"}],"event_choices":[{"damage_healed":0,"gold_gain":0,"player_choice":"Success","damage_taken":42,"relics_obtained":["Vajra"],"max_hp_gain":0,"max_hp_loss":0,"event_name":"Scrap Ooze","floor":6,"gold_loss":0},{"damage_healed":0,"gold_gain":0,"player_choice":"Grow","damage_taken":0,"max_hp_gain":0,"max_hp_loss":0,"event_name":"Living Wall","floor":10,"gold_loss":0,"cards_upgraded":["champ:ShieldWall"]},{"damage_healed":0,"gold_gain":0,"player_choice":"Fought Mushrooms","damage_taken":0,"max_hp_gain":0,"max_hp_loss":0,"event_name":"Mushrooms","floor":14,"gold_loss":0},{"damage_healed":0,"gold_gain":0,"player_choice":"Ignored","damage_taken":0,"max_hp_gain":0,"max_hp_loss":0,"event_name":"Vampires","floor":25,"gold_loss":0}],"is_beta":false,"boss_relics":[{"not_picked":["Calling Bell","SacredBark"],"picked":"downfall:Hecktoplasm"},{"not_picked":["Cursed Key","Runic Dome"],"picked":"Busted Crown"}],"items_purged_floors":[21],"is_endless":false,"potions_floor_spawned":[11,12,14,15,19,23,31,37,43,48,49],"killed_by":"downfall:CharBossMerchant","ascension_level":1}}