{"host":"1a3cjta80tad0aqj","time":1609890482,"event":{"mods":["2.2 Compatiblity","AchievementEnabler","BaseMod","Colored Map","DeckTracker","KOR Keyword Fix","Keyboard Shortcuts","Minty Spire (QoL Compilation)","Permanent Neow","Quick Restart","Random Character Button","StSLib","SuperFastMode","everything is the same but u backflip on backflip"],"gold_per_floor":[110,110,110,39,52,52,2,2,49,49,70,1,14,14,14,139,139,163,184,202,217,74,74,107,107,130,130,55,55,55,70,70,70,70],"floor_reached":33,"playtime":1646,"items_purged":["Defend_B"],"score":278,"play_id":"837bc468-de90-41d7-936b-8537037577be","local_time":"20210106084802","is_ascension_mode":false,"campfire_choices":[{"data":"Lockon","floor":6,"key":"SMITH"},{"data":"Leap","floor":8,"key":"SMITH"},{"data":"Zap","floor":10,"key":"SMITH"},{"data":"Dualcast","floor":15,"key":"SMITH"},{"data":"Auto Shields","floor":23,"key":"SMITH"},{"data":"Beam Cell","floor":25,"key":"SMITH"},{"data":"Rebound","floor":27,"key":"SMITH"},{"data":"White Noise","floor":32,"key":"SMITH"}],"circlet_count":0,"master_deck":["Strike_B","Strike_B+1","Strike_B+1","Strike_B","Defend_B","Defend_B","Defend_B","Zap+1","Dualcast+1","Double Energy","Lockon+1","Leap+1","Rebound+1","Beam Cell+1","Rebound","Recycle","Electrodynamics","Redo+1","Compile Driver","Auto Shields+1","Rebound+1","White Noise+1","Ghostly","Ghostly","Ghostly","Ghostly","Ghostly"],"relics":["Cracked Core","Whetstone","Golden Idol","Omamori","Pantograph","Sozu","Lee\u0027s Waffle","Incense Burner","PreservedInsect","Thread and Needle"],"acts_visited":["Exordium","TheCity"],"potions_floor_usage":[16,33],"damage_taken":[{"damage":1,"enemies":"Jaw Worm","floor":1,"turns":4},{"damage":1,"enemies":"2 Louse","floor":5,"turns":2},{"damage":0,"enemies":"Cultist","floor":11,"turns":3},{"damage":5,"enemies":"Looter","floor":13,"turns":2},{"damage":41,"enemies":"The Guardian","floor":16,"turns":8},{"damage":20,"enemies":"2 Thieves","floor":18,"turns":4},{"damage":10,"enemies":"3 Byrds","floor":19,"turns":3},{"damage":4,"enemies":"3 Cultists","floor":20,"turns":4},{"damage":37,"enemies":"Snake Plant","floor":21,"turns":3},{"damage":26,"enemies":"Gremlin Leader","floor":24,"turns":4},{"damage":5,"enemies":"Centurion and Healer","floor":31,"turns":7},{"damage":52,"enemies":"Champ","floor":33,"turns":12}],"seed_played":"460277853617679258","potions_obtained":[{"floor":1,"key":"Block Potion"},{"floor":16,"key":"SteroidPotion"}],"is_trial":false,"path_per_floor":["M","?","?","$","M","R","$","R","T","R","M","$","M","T","R","B",null,"M","M","M","M","$","R","E","R","T","R","$","?","?","M","R","B"],"character_chosen":"DEFECT","items_purchased":["Lockon","FocusPotion","Beam Cell","Rebound","Lee\u0027s Waffle"],"campfire_rested":0,"item_purchase_floors":[4,7,12,12,22],"current_hp_per_floor":[74,56,56,56,55,55,55,55,55,55,55,55,50,50,50,34,75,55,45,41,4,82,82,56,56,56,56,56,41,41,36,36,0,0],"gold":70,"neow_bonus":"RANDOM_COMMON_RELIC","is_daily":false,"chose_seed":false,"campfire_upgraded":8,"win_rate":0.0,"timestamp":1609890482,"path_taken":["M","?","?","$","M","R","$","R","T","R","M","?","M","?","R","BOSS","M","M","M","M","$","R","E","R","T","R","$","?","?","M","R","BOSS"],"items_purchased_type":["Card","Potion","Card","Card","Relic"],"build_version":"2020-12-22","purchased_purges":1,"victory":false,"max_hp_per_floor":[75,75,75,75,75,75,75,75,75,75,75,75,75,75,75,75,75,75,75,75,75,82,82,82,82,82,82,82,41,41,41,41,41,41],"card_choices":[{"not_picked":["Stack","Capacitor"],"picked":"Double Energy","floor":1},{"not_picked":["Reprogram","Ball Lightning"],"picked":"Leap","floor":5},{"not_picked":["Rip and Tear","Steam"],"picked":"Rebound","floor":11},{"not_picked":["Coolheaded","Cold Snap"],"picked":"Recycle","floor":13},{"not_picked":["Multi-Cast","Buffer"],"picked":"Electrodynamics","floor":16},{"not_picked":["White Noise","Streamline"],"picked":"Redo+1","floor":18},{"not_picked":["Cold Snap","Redo"],"picked":"Compile Driver","floor":19},{"not_picked":["Hologram+1","Steam"],"picked":"Auto Shields","floor":20},{"not_picked":["Hologram+1","Aggregate"],"picked":"Rebound+1","floor":21},{"not_picked":["Chaos","Turbo"],"picked":"White Noise","floor":24},{"not_picked":["Scrape","Turbo","Compile Driver"],"picked":"SKIP","floor":31}],"player_experience":147826,"relics_obtained":[{"floor":9,"key":"Omamori"},{"floor":14,"key":"Pantograph"},{"floor":24,"key":"Incense Burner"},{"floor":26,"key":"PreservedInsect"}],"event_choices":[{"damage_healed":0,"gold_gain":0,"player_choice":"Take Damage","damage_taken":18,"relics_obtained":["Golden Idol"],"max_hp_gain":0,"max_hp_loss":0,"event_name":"Golden Idol","floor":2,"gold_loss":0},{"damage_healed":0,"gold_gain":0,"player_choice":"Ignored","damage_taken":0,"max_hp_gain":0,"max_hp_loss":0,"event_name":"Liars Game","floor":3,"gold_loss":0},{"damage_healed":0,"gold_gain":0,"player_choice":"Became a Ghost","damage_taken":0,"max_hp_gain":0,"max_hp_loss":41,"event_name":"Ghosts","floor":29,"gold_loss":0,"cards_obtained":["Ghostly","Ghostly","Ghostly","Ghostly","Ghostly"]},{"damage_healed":0,"gold_gain":0,"player_choice":"Stole Relic","damage_taken":0,"relics_obtained":["Thread and Needle"],"max_hp_gain":0,"max_hp_loss":0,"event_name":"Addict","floor":30,"gold_loss":0,"cards_obtained":["Shame"]}],"is_beta":false,"boss_relics":[{"not_picked":["Velvet Choker","Ectoplasm"],"picked":"Sozu"}],"items_purged_floors":[28],"is_endless":false,"potions_floor_spawned":[1,16,19,24,31],"killed_by":"Champ","ascension_level":0}}