{"host":"2se5dq1do2gp0x9k","time":1609868635,"event":{"mods":["BaseMod","Block Reminder","Colored Map","Colored Powertips","Minty Spire (QoL Compilation)","Relic Stats","StSLib","SuperFastMode","Synergy Search"],"gold_per_floor":[119,139,139,155,230,230,230],"floor_reached":6,"playtime":218,"items_purged":[],"score":59,"play_id":"8319849a-9e1c-4e32-b01a-decb54feb108","local_time":"20210105094355","is_ascension_mode":true,"campfire_choices":[],"circlet_count":0,"master_deck":["AscendersBane","Strike_P","Strike_P","Strike_P","Strike_P","Defend_P","Defend_P","Defend_P","Defend_P","Eruption","Vigilance","Good Instincts","FlurryOfBlows","Tantrum","ClearTheMind"],"relics":["PureWater","Nunchaku"],"acts_visited":["Exordium"],"potions_floor_usage":[],"damage_taken":[{"damage":0,"enemies":"Small Slimes","floor":1,"turns":2},{"damage":7,"enemies":"Jaw Worm","floor":2,"turns":2},{"damage":2,"enemies":"2 Louse","floor":4,"turns":2},{"damage":50,"enemies":"Gremlin Nob","floor":6,"turns":4}],"seed_played":"397058131135410954","potions_obtained":[{"floor":1,"key":"Energy Potion"},{"floor":4,"key":"BlessingOfTheForge"}],"is_trial":false,"path_per_floor":["M","M","?","M","?","E"],"character_chosen":"WATCHER","items_purchased":[],"campfire_rested":0,"item_purchase_floors":[],"current_hp_per_floor":[65,58,46,44,33,0,0],"gold":230,"neow_bonus":"RANDOM_COLORLESS","is_daily":false,"chose_seed":false,"campfire_upgraded":0,"win_rate":0.0,"timestamp":1609868635,"path_taken":["M","M","?","M","?","E"],"items_purchased_type":[],"build_version":"2020-12-22","purchased_purges":0,"victory":false,"max_hp_per_floor":[72,72,72,72,72,72,72],"relic_stats":{"Nunchaku":[1],"counters":[4,10],"obtain_stats":[{"Nunchaku":3,"PureWater":0},{"Nunchaku":2,"PureWater":0},{"Nunchaku":4,"PureWater":0}]},"card_choices":[{"not_picked":["Purity","Mind Blast"],"picked":"Good Instincts","floor":0},{"not_picked":["ClearTheMind","Indignation"],"picked":"FlurryOfBlows","floor":1},{"not_picked":["JustLucky","ReachHeaven"],"picked":"Tantrum","floor":2},{"not_picked":["SandsOfTime","FlyingSleeves"],"picked":"ClearTheMind","floor":4}],"player_experience":3776196,"relics_obtained":[],"event_choices":[{"damage_healed":0,"gold_gain":0,"player_choice":"Success","damage_taken":12,"relics_obtained":["Nunchaku"],"max_hp_gain":0,"max_hp_loss":0,"event_name":"Scrap Ooze","floor":3,"gold_loss":0},{"damage_healed":0,"gold_gain":75,"player_choice":"Gather Gold","damage_taken":11,"max_hp_gain":0,"max_hp_loss":0,"event_name":"World of Goop","floor":5,"gold_loss":0}],"is_beta":false,"boss_relics":[],"items_purged_floors":[],"is_endless":false,"potions_floor_spawned":[1,4],"killed_by":"Gremlin Nob","ascension_level":13}}