{"host":"vsdszi3rnxsdp24p","time":1609879406,"event":{"mods":["AchievementEnabler","BaseMod","Bestiary","Colored Map","Colored Powertips","Curses Come First","DeckTracker","Hermit","Highlight Path","Ironclad Rager","Minty Spire (QoL Compilation)","Quick Restart","Relic Sorter","Relic Stats","StSLib","SuperFastMode","Synergy Search","The Cursed","The Mystic"],"gold_per_floor":[109,122,122,1,20,20,70,83,83,83,83,83,103,131,131,131,131],"floor_reached":16,"playtime":563,"items_purged":[],"score":100,"play_id":"e2fca37d-b409-4973-8e5e-ed4752f7ca23","local_time":"20210105214326","is_ascension_mode":false,"campfire_choices":[{"data":"hermit:Manifest","floor":6,"key":"SMITH"},{"data":"hermit:GoldenBullet","floor":10,"key":"SMITH"},{"data":"hermit:Shortfuse","floor":12,"key":"SMITH"},{"data":"hermit:HighNoon","floor":15,"key":"SMITH"}],"circlet_count":0,"master_deck":["hermit:Strike_Hermit","hermit:Strike_Hermit","hermit:Strike_Hermit","hermit:Strike_Hermit","hermit:Defend_Hermit","hermit:Defend_Hermit","hermit:Defend_Hermit","hermit:Defend_Hermit","hermit:Snapshot","hermit:Covet","hermit:Shortfuse+1","hermit:Manifest+1","Pain","hermit:Determination+1","hermit:SprayPray","hermit:Horror","hermit:GoldenBullet+1","hermit:ItchyTrigger","hermit:HighNoon+1"],"relics":["hermit:Momento","NeowsBlessing","WarpedTongs","hermit:Spyglass","Bottled Flame"],"acts_visited":["Exordium"],"potions_floor_usage":[16,16,16],"damage_taken":[{"damage":0,"enemies":"Jaw Worm","floor":1,"turns":1},{"damage":0,"enemies":"Cultist","floor":2,"turns":1},{"damage":0,"enemies":"2 Louse","floor":5,"turns":1},{"damage":11,"enemies":"Exordium Wildlife","floor":8,"turns":4},{"damage":10,"enemies":"Large Slime","floor":13,"turns":5},{"damage":11,"enemies":"Gremlin Nob","floor":14,"turns":3},{"damage":48,"enemies":"The Guardian","floor":16,"turns":8}],"seed_played":"-6858491640179140881","potions_obtained":[{"floor":1,"key":"AttackPotion"},{"floor":8,"key":"ColorlessPotion"},{"floor":14,"key":"Fire Potion"}],"is_trial":false,"path_per_floor":["M","M","?","$","M","R","?","M","T","R","?","R","M","E","R","B"],"character_chosen":"HERMIT","items_purchased":["hermit:Determination","hermit:SprayPray"],"campfire_rested":0,"item_purchase_floors":[4,4],"current_hp_per_floor":[75,75,75,75,75,75,75,64,64,64,64,64,54,43,43,0,0],"gold":131,"neow_bonus":"THREE_ENEMY_KILL","is_daily":false,"chose_seed":false,"campfire_upgraded":4,"win_rate":0.0,"timestamp":1609879406,"path_taken":["M","M","?","$","?","R","?","M","T","R","?","R","M","E","R","BOSS"],"items_purchased_type":["Card","Card"],"build_version":"2020-12-22","purchased_purges":0,"victory":false,"max_hp_per_floor":[75,75,75,75,75,75,75,75,75,75,75,75,75,75,75,75,75],"relic_stats":{"counters":[7,23],"obtain_stats":[{"Bottled Flame":14,"NeowsBlessing":0,"hermit:Momento":0,"hermit:Spyglass":9,"WarpedTongs":3},{"Bottled Flame":6,"NeowsBlessing":0,"hermit:Momento":0,"hermit:Spyglass":4,"WarpedTongs":2},{"Bottled Flame":15,"NeowsBlessing":0,"hermit:Momento":0,"hermit:Spyglass":7,"WarpedTongs":2}],"WarpedTongs":[21]},"card_choices":[{"not_picked":["hermit:Coalescence","hermit:Roulette"],"picked":"hermit:Shortfuse","floor":1},{"not_picked":["hermit:HoleUp","hermit:Grudge"],"picked":"hermit:Manifest","floor":2},{"not_picked":["hermit:Quickdraw","hermit:Snipe"],"picked":"hermit:Horror","floor":5},{"not_picked":["hermit:HighCaliber","hermit:LuckOfTheDraw"],"picked":"hermit:GoldenBullet","floor":8},{"not_picked":["hermit:BodyArmor","hermit:TrackingShot"],"picked":"hermit:ItchyTrigger","floor":13},{"not_picked":["hermit:LoneWolf","hermit:Quickdraw"],"picked":"hermit:HighNoon","floor":14}],"player_experience":145923,"relics_obtained":[{"floor":9,"key":"hermit:Spyglass"},{"floor":14,"key":"Bottled Flame"}],"event_choices":[{"damage_healed":0,"gold_gain":0,"player_choice":"Rummage","damage_taken":0,"relics_obtained":["WarpedTongs"],"max_hp_gain":0,"max_hp_loss":0,"event_name":"Accursed Blacksmith","floor":3,"gold_loss":0,"cards_obtained":["Pain"]},{"damage_healed":0,"gold_gain":50,"player_choice":"Gained Gold","damage_taken":0,"max_hp_gain":0,"max_hp_loss":0,"event_name":"Golden Wing","floor":7,"gold_loss":0},{"damage_healed":0,"gold_gain":0,"player_choice":"Grow","damage_taken":0,"max_hp_gain":0,"max_hp_loss":0,"event_name":"Living Wall","floor":11,"gold_loss":0,"cards_upgraded":["hermit:Determination"]}],"is_beta":false,"boss_relics":[],"items_purged_floors":[],"is_endless":false,"potions_floor_spawned":[1,8,14],"killed_by":"The Guardian","ascension_level":0}}