{"host":"wuk1ltmmka824l9y","time":1609847941,"event":{"mods":["AchievementEnabler","BaseMod","Custom Start","DeckTracker","Minty Spire (QoL Compilation)","Quick Restart","StSLib","SuperFastMode"],"gold_per_floor":[109,121,121,196,213,213,228,248,248,173,173,173,192,207,207,310,310,327,227,227,213,226,226,236,236,236],"floor_reached":25,"playtime":989,"items_purged":["Defend_P","FlurryOfBlows+1"],"score":259,"play_id":"e1a71fee-c0f4-4240-9234-7eca6c8b13dc","local_time":"20210105205901","is_ascension_mode":true,"campfire_choices":[{"data":"Eruption","floor":6.0,"key":"SMITH"},{"data":"FlurryOfBlows","floor":15.0,"key":"SMITH"},{"data":"Meditate","floor":23,"key":"SMITH"}],"circlet_count":0,"master_deck":["Strike_P","Strike_P","Strike_P","Strike_P","Defend_P","Defend_P","Defend_P","Eruption+1","Vigilance","EmptyBody","FollowUp","WheelKick","FlyingSleeves","Meditate+1","ClearTheMind","ClearTheMind","Scrawl","FollowUp+1","WheelKick"],"relics":["PureWater","Meat on the Bone","Strawberry","Snecko Eye"],"acts_visited":["Exordium","TheCity"],"potions_floor_usage":[25],"damage_taken":[{"damage":0.0,"enemies":"Small Slimes","floor":1.0,"turns":4.0},{"damage":0.0,"enemies":"Jaw Worm","floor":2.0,"turns":4.0},{"damage":0.0,"enemies":"2 Louse","floor":5.0,"turns":1.0},{"damage":0.0,"enemies":"Looter","floor":7.0,"turns":2.0},{"damage":7.0,"enemies":"3 Louse","floor":8.0,"turns":2.0},{"damage":3.0,"enemies":"Exordium Wildlife","floor":13.0,"turns":3.0},{"damage":0.0,"enemies":"Gremlin Gang","floor":14.0,"turns":3.0},{"damage":0.0,"enemies":"Slime Boss","floor":16.0,"turns":4.0},{"damage":0.0,"enemies":"Spheric Guardian","floor":18.0,"turns":2.0},{"damage":20.0,"enemies":"2 Thieves","floor":21.0,"turns":4.0},{"damage":45,"enemies":"Shelled Parasite and Fungi","floor":22,"turns":5},{"damage":0,"enemies":"Snecko","floor":24,"turns":2},{"damage":45,"enemies":"Book of Stabbing","floor":25,"turns":5}],"seed_played":"-2033750873123550785","potions_obtained":[{"floor":2.0,"key":"Energy Potion"},{"floor":8.0,"key":"PowerPotion"},{"floor":22,"key":"Regen Potion"}],"is_trial":false,"path_per_floor":["M","M","?","?","M","R","M","M","T","$","?","T","M","M","R","B",null,"M","$","?","M","M","R","M","E"],"character_chosen":"WATCHER","items_purchased":[],"campfire_rested":0,"item_purchase_floors":[],"current_hp_per_floor":[72,72,72,61,61,61,61,54,54,54,59,66,63,63,63,63,84,84,84,84,64,31,31,43,3,3],"gold":236,"neow_bonus":"THREE_CARDS","is_daily":false,"chose_seed":false,"campfire_upgraded":3,"win_rate":0.0,"timestamp":1609847941,"path_taken":["M","M","?","?","M","R","M","M","T","$","?","?","M","M","R","BOSS","M","$","?","M","M","R","M","E"],"items_purchased_type":[],"build_version":"2020-12-22","purchased_purges":2,"victory":false,"max_hp_per_floor":[72,72,72,72,72,72,72,72,72,72,77,84,84,84,84,84,84,84,84,84,84,84,84,84,84,84],"card_choices":[{"not_picked":["FlyingSleeves","Prostrate"],"picked":"EmptyBody","floor":0.0},{"not_picked":["Halt","EmptyMind"],"picked":"FollowUp","floor":1.0},{"not_picked":["Vengeance","ThirdEye"],"picked":"WheelKick","floor":2.0},{"not_picked":["Crescendo","EmptyFist"],"picked":"FlurryOfBlows","floor":5.0},{"not_picked":["CrushJoints","SashWhip"],"picked":"FlyingSleeves","floor":7.0},{"not_picked":["Prostrate","ReachHeaven"],"picked":"Meditate","floor":8.0},{"not_picked":["Consecrate","SignatureMove"],"picked":"ClearTheMind","floor":13.0},{"not_picked":["JustLucky","CutThroughFate"],"picked":"ClearTheMind","floor":14.0},{"not_picked":["Judgement","Blasphemy"],"picked":"Scrawl","floor":16.0},{"not_picked":["JustLucky","Crescendo","BowlingBash"],"picked":"SKIP","floor":18.0},{"not_picked":["CrushJoints","EmptyMind+1"],"picked":"FollowUp+1","floor":21.0},{"not_picked":["Evaluate","FlurryOfBlows"],"picked":"WheelKick","floor":22},{"not_picked":["JustLucky","FlurryOfBlows","BowlingBash+1"],"picked":"SKIP","floor":24}],"player_experience":351825,"relics_obtained":[{"floor":9.0,"key":"Meat on the Bone"},{"floor":12.0,"key":"Strawberry"}],"event_choices":[{"damage_healed":0.0,"max_hp_gain":0.0,"max_hp_loss":0.0,"gold_gain":0.0,"event_name":"Liars Game","player_choice":"Ignored","floor":3.0,"gold_loss":0.0,"damage_taken":0.0},{"damage_healed":0.0,"max_hp_gain":0.0,"max_hp_loss":0.0,"gold_gain":75.0,"event_name":"World of Goop","player_choice":"Gather Gold","floor":4.0,"gold_loss":0.0,"damage_taken":11.0},{"damage_healed":0.0,"max_hp_gain":5.0,"max_hp_loss":0.0,"gold_gain":0.0,"event_name":"Big Fish","player_choice":"Donut","floor":11.0,"gold_loss":0.0,"damage_taken":0.0},{"damage_healed":0.0,"max_hp_gain":0.0,"max_hp_loss":0.0,"gold_gain":0.0,"event_name":"Ghosts","player_choice":"Ignored","floor":20.0,"gold_loss":0.0,"damage_taken":0.0}],"is_beta":false,"boss_relics":[{"not_picked":["Fusion Hammer","Sozu"],"picked":"Snecko Eye"}],"items_purged_floors":[10,19],"is_endless":false,"potions_floor_spawned":[2,8,22],"killed_by":"Book of Stabbing","ascension_level":1}}