{"host":"1hzg86ju9fvxh562","time":1609882187,"event":{"mods":["AchievementEnabler","Act Like it!","AlwaysNeverKeys","BaseMod","Bestiary","Better Altar","Better Match","Better Note","Better Sensory Stone","Better Skull","Better Third Choice","Colored Map","Colored Powertips","Curses Come First","Displayed Cursed Tome","Filter the Spire","Highlight Path","Keyboard Shortcuts","Minty Spire (QoL Compilation)","Rare Cards Sparkle","Relic Sorter","Relic Stats","Spicy Shops","StSLib","everything is the same but u backflip on backflip","slay the spire mod where everything is the same but ironclad has a cowboy hat"],"gold_per_floor":[117,117,128,141,160,188,188,223,223,256,266,216,236,246,246,349,349,359,284,511,72,92,92,127,146,146,165,190,190,202,222,222,318,318,336,336,336],"floor_reached":36,"playtime":4575,"items_purged":[],"score":780,"play_id":"8128f8c7-ce1b-489f-bd6b-564de8b00067","local_time":"20210105192947","is_ascension_mode":true,"campfire_choices":[{"data":"Doppelganger","floor":7.0,"key":"SMITH"},{"floor":15.0,"key":"REST"},{"data":"Accuracy","floor":23.0,"key":"SMITH"},{"data":"Tactician","floor":29.0,"key":"SMITH"},{"data":"Cloak And Dagger","floor":32.0,"key":"SMITH"}],"circlet_count":0,"master_deck":["AscendersBane","Survivor","Neutralize+1","Concentrate+1","Accuracy+1","Underhanded Strike","Phantasmal Killer","Malaise","Doppelganger+1","Distraction+1","Adrenaline","Predator","Blade Dance+1","Backflip","Cloak And Dagger+1","Blade Dance","Acrobatics","Cloak And Dagger","Grand Finale+1","Leg Sweep+1","Reflex+1","Tactician+1","Prepared","Tactician","Accuracy+1","Corpse Explosion"],"relics":["Pandora\u0027s Box","War Paint","Molten Egg 2","Pantograph","The Courier","Coffee Dripper","Bag of Marbles","Paper Crane","PreservedInsect","Ornamental Fan","Bird Faced Urn","Snecko Eye"],"acts_visited":["Exordium","TheCity","TheBeyond"],"potions_floor_usage":[],"damage_taken":[{"damage":0.0,"enemies":"2 Louse","floor":1.0,"turns":3.0},{"damage":4.0,"enemies":"Cultist","floor":3.0,"turns":5.0},{"damage":7.0,"enemies":"Small Slimes","floor":4.0,"turns":2.0},{"damage":4.0,"enemies":"2 Fungi Beasts","floor":5.0,"turns":2.0},{"damage":3.0,"enemies":"Gremlin Nob","floor":6.0,"turns":3.0},{"damage":0.0,"enemies":"3 Sentries","floor":8.0,"turns":5.0},{"damage":17.0,"enemies":"Gremlin Nob","floor":10.0,"turns":3.0},{"damage":11.0,"enemies":"Large Slime","floor":11.0,"turns":4.0},{"damage":0.0,"enemies":"Lots of Slimes","floor":13.0,"turns":1.0},{"damage":0.0,"enemies":"Looter","floor":14.0,"turns":2.0},{"damage":25.0,"enemies":"Hexaghost","floor":16.0,"turns":5.0},{"damage":2.0,"enemies":"2 Thieves","floor":18.0,"turns":2.0},{"damage":0.0,"enemies":"3 Byrds","floor":22.0,"turns":4.0},{"damage":0.0,"enemies":"Book of Stabbing","floor":24.0,"turns":4.0},{"damage":5.0,"enemies":"Snecko","floor":25.0,"turns":3.0},{"damage":1.0,"enemies":"Centurion and Healer","floor":27.0,"turns":2.0},{"damage":8.0,"enemies":"Slavers","floor":28.0,"turns":4.0},{"damage":0.0,"enemies":"Cultist and Chosen","floor":30.0,"turns":3.0},{"damage":1.0,"enemies":"Chosen and Byrds","floor":31.0,"turns":3.0},{"damage":12.0,"enemies":"Collector","floor":33.0,"turns":4.0},{"damage":5,"enemies":"3 Darklings","floor":35,"turns":2},{"damage":0,"enemies":"3 Shapes","floor":36,"turns":1}],"seed_played":"-6949391276010865766","potions_obtained":[{"floor":3.0,"key":"SneckoOil"},{"floor":4.0,"key":"Block Potion"},{"floor":13.0,"key":"Fire Potion"},{"floor":16.0,"key":"DuplicationPotion"},{"floor":22.0,"key":"SkillPotion"},{"floor":24.0,"key":"Ancient Potion"},{"floor":33.0,"key":"AttackPotion"},{"floor":35,"key":"EssenceOfSteel"}],"is_trial":false,"path_per_floor":["M","?","M","M","M","E","R","E","T","E","M","?","M","M","R","B",null,"M","?","?","$","M","R","E","M","T","M","E","R","M","M","R","B",null,"M","M"],"character_chosen":"THE_SILENT","items_purchased":["Bag of Marbles","Paper Crane","PreservedInsect"],"campfire_rested":1,"item_purchase_floors":[21,21,21],"current_hp_per_floor":[63,63,59,52,48,45,45,45,45,28,17,17,17,17,38,38,62,60,60,35,35,35,35,35,30,30,29,21,21,23,26,26,43,63,58,60,60],"gold":336,"neow_bonus":"BOSS_RELIC","is_daily":false,"chose_seed":false,"campfire_upgraded":4,"win_rate":0.0,"timestamp":1609882187,"path_taken":["M","?","M","?","M","E","R","E","T","E","M","?","M","M","R","BOSS","M","?","?","$","M","R","E","M","T","M","E","R","M","M","R","BOSS","M","M"],"items_purchased_type":["Relic","Relic","Relic"],"build_version":"2020-12-22","purchased_purges":0,"victory":false,"max_hp_per_floor":[70,70,70,70,70,70,70,70,70,70,70,70,70,70,70,70,70,70,70,70,70,70,70,70,70,70,70,70,70,70,70,70,70,70,70,70,70],"relic_stats":{"counters":[22,67],"Ornamental Fan":[72],"Pantograph":50,"Bird Faced Urn":[12],"Snecko Eye":[6,3,6,7],"Pandora\u0027s Box":["Concentrate","Riddle With Holes","Accuracy","Underhanded Strike","Phantasmal Killer","Malaise","Doppelganger","Distraction","Distraction","Adrenaline"],"PreservedInsect":83,"War Paint":["Distraction","Blade Dance"],"obtain_stats":[{"The Courier":10,"PreservedInsect":21,"War Paint":6,"Paper Crane":21,"Ornamental Fan":24,"Pantograph":9,"Bird Faced Urn":28,"Snecko Eye":34,"Pandora\u0027s Box":0,"Molten Egg 2":8,"Coffee Dripper":17,"Bag of Marbles":21,"Ring of the Snake":0},{"The Courier":7,"PreservedInsect":12,"War Paint":5,"Paper Crane":12,"Ornamental Fan":14,"Pantograph":6,"Bird Faced Urn":17,"Snecko Eye":20,"Pandora\u0027s Box":0,"Molten Egg 2":6,"Coffee Dripper":11,"Bag of Marbles":12,"Ring of the Snake":0},{"The Courier":23,"PreservedInsect":37,"War Paint":15,"Paper Crane":37,"Ornamental Fan":45,"Pantograph":20,"Bird Faced Urn":54,"Snecko Eye":64,"Pandora\u0027s Box":0,"Molten Egg 2":20,"Coffee Dripper":35,"Bag of Marbles":37,"Ring of the Snake":0}]},"card_choices":[{"not_picked":["Outmaneuver","Dagger Spray"],"picked":"Predator","floor":1.0},{"not_picked":["Bane","Predator"],"picked":"Blade Dance","floor":3.0},{"not_picked":["PiercingWail","Riddle With Holes"],"picked":"Backflip","floor":4.0},{"not_picked":["PiercingWail","Dodge and Roll","Expertise"],"picked":"SKIP","floor":5.0},{"not_picked":["Dash","Quick Slash"],"picked":"Cloak And Dagger","floor":6.0},{"not_picked":["Deadly Poison","Acrobatics"],"picked":"Blade Dance","floor":8.0},{"not_picked":["Concentrate","A Thousand Cuts"],"picked":"Acrobatics","floor":10.0},{"not_picked":["Slice+1","Predator+1","Dagger Spray+1"],"picked":"SKIP","floor":11.0},{"not_picked":["Dagger Throw+1","Dash+1","Riddle With Holes+1"],"picked":"SKIP","floor":13.0},{"not_picked":["Blade Dance","Dodge and Roll"],"picked":"Cloak And Dagger","floor":14.0},{"not_picked":["Doppelganger","Envenom"],"picked":"Grand Finale+1","floor":16.0},{"not_picked":["Endless Agony+1","PiercingWail"],"picked":"Leg Sweep+1","floor":18.0},{"not_picked":["Backstab+1","Underhanded Strike+1"],"picked":"Reflex+1","floor":22.0},{"not_picked":["Dagger Throw+1","Die Die Die+1"],"picked":"Tactician","floor":24.0},{"not_picked":["Dash+1","Backflip","PiercingWail"],"picked":"SKIP","floor":25.0},{"not_picked":["Dodge and Roll","Catalyst"],"picked":"Prepared","floor":27.0},{"not_picked":["Acrobatics","Riddle With Holes+1"],"picked":"Tactician","floor":28.0},{"not_picked":["Slice+1","Backflip"],"picked":"Accuracy+1","floor":30.0},{"not_picked":["Flying Knee+1","Cloak And Dagger","Slice+1"],"picked":"SKIP","floor":31.0},{"not_picked":["Grand Finale+1","Envenom"],"picked":"Corpse Explosion","floor":33.0},{"not_picked":["Poisoned Stab+1","Backflip+1","Blade Dance"],"picked":"SKIP","floor":35}],"player_experience":428800,"relics_obtained":[{"floor":6.0,"key":"War Paint"},{"floor":8.0,"key":"Molten Egg 2"},{"floor":9.0,"key":"Pantograph"},{"floor":10.0,"key":"The Courier"},{"floor":24.0,"key":"Ornamental Fan"},{"floor":28.0,"key":"Bird Faced Urn"}],"event_choices":[{"damage_healed":0.0,"max_hp_gain":0.0,"max_hp_loss":0.0,"gold_gain":0.0,"event_name":"Accursed Blacksmith","player_choice":"Forge","floor":2.0,"gold_loss":0.0,"damage_taken":0.0,"cards_upgraded":["Concentrate"]},{"cards_removed":["Riddle With Holes"],"damage_healed":0.0,"max_hp_gain":0.0,"max_hp_loss":0.0,"gold_gain":0.0,"event_name":"The Cleric","player_choice":"Card Removal","floor":12.0,"gold_loss":50.0,"damage_taken":0.0},{"cards_removed":["Distraction"],"damage_healed":0.0,"max_hp_gain":0.0,"max_hp_loss":0.0,"gold_gain":0.0,"event_name":"Beggar","player_choice":"Gave Gold","floor":19.0,"gold_loss":75.0,"damage_taken":0.0},{"damage_healed":0.0,"max_hp_gain":0.0,"max_hp_loss":0.0,"gold_gain":227.0,"event_name":"betterSkull:BetterSkull","player_choice":"UP GO GO ","floor":20.0,"gold_loss":0.0,"damage_taken":29.0,"cards_upgraded":["Neutralize"],"relics_obtained":[]}],"is_beta":false,"boss_relics":[{"not_picked":["Tiny House","Astrolabe"],"picked":"Coffee Dripper"},{"not_picked":["Empty Cage","Philosopher\u0027s Stone"],"picked":"Snecko Eye"}],"items_purged_floors":[],"is_endless":false,"potions_floor_spawned":[3,4,13,16,22,24,25,33,35],"killed_by":"3 Shapes","ascension_level":11}}