{"host":"u7lm8z2rvb4dg2oo","time":1609824425,"event":{"mods":["AchievementEnabler","BaseMod","Colored Map","Colored Powertips","Curses Come First","Googly Eyes","Highlight Path","Minty Spire (QoL Compilation)","Quick Restart","StSLib"],"gold_per_floor":[110,123,123,143,143,176,176,186,237,237,10,110,126,153,153,252,252,269,285,43,55,70,70,83,83,130,130,130,3,3,14,14,113,113,128,128,128],"floor_reached":36,"playtime":1653,"items_purged":[],"score":572,"play_id":"dba128c8-3e7b-4631-a876-d816204bb782","local_time":"20210105002705","is_ascension_mode":true,"campfire_choices":[{"floor":7.0,"key":"REST"},{"floor":10.0,"key":"REST"},{"floor":15.0,"key":"REST"},{"floor":23,"key":"REST"},{"floor":25,"key":"REST"},{"data":"LessonLearned","floor":30,"key":"SMITH"},{"floor":32,"key":"REST"}],"circlet_count":0,"master_deck":["Strike_P","Strike_P","Strike_P","Defend_P","Defend_P","Defend_P","Defend_P","Eruption+1","Vigilance+1","Wireheading+1","Tantrum","FearNoEvil","Ragnarok+1","Vengeance","LessonLearned+1","Protect+1","Vault+1","WindmillStrike+1","Establishment","Conclude","SpiritShield+1","Prostrate+1"],"relics":["PureWater","Art of War","TeardropLocket","Vajra","Strange Spoon","Lantern","Philosopher\u0027s Stone","Bag of Preparation","MutagenicStrength","SlaversCollar"],"acts_visited":["Exordium","TheCity","TheBeyond"],"potions_floor_usage":[21,21,36,36],"damage_taken":[{"damage":0.0,"enemies":"2 Louse","floor":1.0,"turns":2.0},{"damage":6.0,"enemies":"Cultist","floor":2.0,"turns":5.0},{"damage":7.0,"enemies":"Jaw Worm","floor":4.0,"turns":3.0},{"damage":20.0,"enemies":"Gremlin Nob","floor":6.0,"turns":4.0},{"damage":15.0,"enemies":"Gremlin Gang","floor":8.0,"turns":4.0},{"damage":0.0,"enemies":"Exordium Wildlife","floor":13.0,"turns":2.0},{"damage":22.0,"enemies":"Lagavulin","floor":14.0,"turns":4.0},{"damage":0.0,"enemies":"Slime Boss","floor":16.0,"turns":5.0},{"damage":0.0,"enemies":"3 Byrds","floor":18.0,"turns":3.0},{"damage":13.0,"enemies":"Shell Parasite","floor":19.0,"turns":5.0},{"damage":0,"enemies":"Snake Plant","floor":21,"turns":2},{"damage":31,"enemies":"Centurion and Healer","floor":22,"turns":5},{"damage":19,"enemies":"Shelled Parasite and Fungi","floor":24,"turns":3},{"damage":1,"enemies":"Snake Plant","floor":31,"turns":4},{"damage":37,"enemies":"Automaton","floor":33,"turns":6},{"damage":8,"enemies":"3 Shapes","floor":35,"turns":2},{"damage":59,"enemies":"3 Darklings","floor":36,"turns":2}],"seed_played":"7144560554822926583","potions_obtained":[{"floor":6.0,"key":"EssenceOfSteel"},{"floor":8.0,"key":"Fire Potion"},{"floor":16.0,"key":"DuplicationPotion"},{"floor":19.0,"key":"StancePotion"},{"floor":31,"key":"GamblersBrew"}],"is_trial":false,"path_per_floor":["M","M","$","M","?","E","R","M","T","R","$","?","M","E","R","B",null,"M","M","$","M","M","R","M","R","T","?","?","$","R","M","R","B",null,"M","M"],"character_chosen":"WATCHER","items_purchased":["Ragnarok","Strange Spoon","Vault","WindmillStrike","Dexterity Potion","Conclude"],"campfire_rested":6,"item_purchase_floors":[11,11,20,20,29,29],"current_hp_per_floor":[65,59,59,52,52,32,53,38,38,59,59,59,59,37,58,58,69,69,56,56,56,25,46,27,48,48,48,48,48,48,47,68,31,62,54,0,0],"gold":128,"neow_bonus":"RANDOM_COMMON_RELIC","is_daily":false,"chose_seed":false,"campfire_upgraded":1,"win_rate":0.0,"timestamp":1609824425,"path_taken":["M","M","$","M","?","E","R","?","T","R","$","?","M","E","R","BOSS","M","M","$","M","?","R","M","R","T","?","?","$","R","M","R","BOSS","M","M"],"items_purchased_type":["Card","Relic","Card","Card","Potion","Card"],"build_version":"2020-12-22","purchased_purges":0,"victory":false,"max_hp_per_floor":[72,72,72,72,72,72,72,72,72,72,72,72,72,72,72,72,72,72,72,72,72,72,72,72,72,72,72,72,72,72,72,72,72,72,72,72,72],"card_choices":[{"not_picked":["Consecrate","Swivel"],"picked":"Wireheading","floor":1.0},{"not_picked":["EmptyFist","FollowUp"],"picked":"Tantrum","floor":2.0},{"not_picked":["Consecrate","BowlingBash","PathToVictory"],"picked":"SKIP","floor":4.0},{"not_picked":["WreathOfFlame","Halt","MentalFortress"],"picked":"SKIP","floor":6.0},{"not_picked":["FollowUp","SashWhip","Adaptation"],"picked":"SKIP","floor":8.0},{"not_picked":["EmptyBody","PathToVictory"],"picked":"Vengeance","floor":13.0},{"not_picked":["Crescendo","Consecrate","JustLucky"],"picked":"SKIP","floor":14.0},{"not_picked":["Devotion","Brilliance"],"picked":"LessonLearned","floor":16.0},{"not_picked":["EmptyBody","Crescendo"],"picked":"Protect+1","floor":18.0},{"not_picked":["Protect","Perseverance+1","FlurryOfBlows"],"picked":"SKIP","floor":19.0},{"not_picked":["BowlingBash+1","Sanctity"],"picked":"Establishment","floor":21},{"not_picked":["InnerPeace+1","Halt","Evaluate"],"picked":"SKIP","floor":22},{"not_picked":["ClearTheMind","Perseverance","JustLucky+1"],"picked":"SKIP","floor":24},{"not_picked":["BowlingBash","CrushJoints+1","EmptyBody"],"picked":"SKIP","floor":31},{"not_picked":["DevaForm","Alpha"],"picked":"SpiritShield","floor":33},{"not_picked":["Adaptation+1","Protect+1"],"picked":"Prostrate+1","floor":35}],"player_experience":1070161,"relics_obtained":[{"floor":6.0,"key":"TeardropLocket"},{"floor":9.0,"key":"Vajra"},{"floor":14.0,"key":"Lantern"},{"floor":26,"key":"Bag of Preparation"}],"event_choices":[{"damage_healed":0.0,"max_hp_gain":0.0,"max_hp_loss":0.0,"gold_gain":0.0,"cards_transformed":["Strike_P"],"event_name":"Transmorgrifier","player_choice":"Transformed","floor":5.0,"gold_loss":0.0,"damage_taken":0.0,"cards_obtained":["FearNoEvil"]},{"damage_healed":0.0,"max_hp_gain":0.0,"max_hp_loss":0.0,"gold_gain":100.0,"event_name":"Golden Shrine","player_choice":"Pray","floor":12.0,"gold_loss":0.0,"damage_taken":0.0},{"damage_healed":0,"gold_gain":0,"player_choice":"Inject Mutagens","damage_taken":0,"relics_obtained":["MutagenicStrength"],"max_hp_gain":0,"max_hp_loss":0,"event_name":"Drug Dealer","floor":27,"gold_loss":0},{"damage_healed":0,"gold_gain":0,"player_choice":"Ignored","damage_taken":0,"max_hp_gain":0,"max_hp_loss":0,"event_name":"Ghosts","floor":28,"gold_loss":0}],"is_beta":false,"boss_relics":[{"not_picked":["Velvet Choker","Runic Dome"],"picked":"Philosopher\u0027s Stone"},{"not_picked":["Cursed Key","Astrolabe"],"picked":"SlaversCollar"}],"items_purged_floors":[],"is_endless":false,"potions_floor_spawned":[6,8,16,19,31],"killed_by":"3 Darklings","ascension_level":7}}