{"host":"60fhthqyb911n2zd","time":1609831361,"event":{"mods":["BaseMod","Mimic Mod","Minty Spire (QoL Compilation)","Replay The Spire","Shop Mod","StSLib","The Jungle"],"gold_per_floor":[112,112,131,2,25,56,56,71,119,119,137,137,155,174,174,274,274,263,188,200,100,100,100,100,18,18,33,33,33],"floor_reached":28,"playtime":783,"items_purged":["Hemogenesis","Strike_R"],"score":273,"play_id":"cf472e27-aedc-4091-9d6f-14af6f45c879","local_time":"20210105152241","is_ascension_mode":true,"campfire_choices":[{"floor":7,"key":"REST"},{"data":"Armaments","floor":10,"key":"SMITH"},{"data":"Body Slam","floor":12,"key":"SMITH"},{"floor":15,"key":"REST"},{"data":"Entrench","floor":26,"key":"SMITH"}],"circlet_count":0,"master_deck":["Strike_R","Strike_R","Strike_R","Defend_R","Defend_R","Defend_R","Defend_R","Bash","Shrug It Off","Armaments+1","Infernal Blade","Body Slam+1","True Grit+1","Entrench+1","Cleave"],"relics":["Burning Blood","GremlinMask","Replay:Rubber Ducky","MealTicket","Oddly Smooth Stone","Velvet Choker","Replay:Wax Seal"],"acts_visited":["Exordium","TheCity"],"potions_floor_usage":[6,8,16,16,27],"damage_taken":[{"damage":10,"enemies":"Jaw Worm","floor":1,"turns":5},{"damage":6,"enemies":"Cultist","floor":3,"turns":4},{"damage":40,"enemies":"Lagavulin","floor":6,"turns":9},{"damage":4,"enemies":"Small Slimes","floor":8,"turns":3},{"damage":24,"enemies":"3 Louse","floor":11,"turns":4},{"damage":3,"enemies":"Red Slaver","floor":13,"turns":4},{"damage":0,"enemies":"2 Fungi Beasts","floor":14,"turns":4},{"damage":50,"enemies":"The Guardian","floor":16,"turns":19},{"damage":6,"enemies":"2 Thieves","floor":18,"turns":4},{"damage":8,"enemies":"Spheric Guardian","floor":20,"turns":5},{"damage":14,"enemies":"Cultist and Chosen","floor":27,"turns":10},{"damage":0,"enemies":"3 Cultists","floor":28,"turns":1}],"seed_played":"-6611528197513495001","potions_obtained":[{"floor":1,"key":"SteroidPotion"},{"floor":6,"key":"Explosive Potion"},{"floor":8,"key":"Flashbang"},{"floor":13,"key":"GamblersBrew"},{"floor":14,"key":"SkillPotion"},{"floor":18,"key":"SkillPotion"}],"is_trial":false,"path_per_floor":["M","?","M","$","T","E","R","M","T","R","M","R","M","M","R","B",null,"M","?","M","$","PTL","PTL","?","$","R","M","MIM"],"character_chosen":"IRONCLAD","items_purchased":["Armaments","Replay:Wax Seal"],"campfire_rested":2,"item_purchase_floors":[4,25],"current_hp_per_floor":[76,76,76,76,76,42,66,68,68,68,50,50,53,59,80,36,69,69,69,67,80,80,80,80,80,80,72,72,72],"gold":33,"neow_bonus":"ONE_RANDOM_RARE_CARD","is_daily":false,"chose_seed":false,"campfire_upgraded":3,"win_rate":0.0,"timestamp":1609831361,"path_taken":["M","?","M","$","?","E","R","M","T","R","M","R","M","M","R","BOSS","M","?","M","$","PTL","PTL","?","$","R","?","MIM"],"items_purchased_type":["Card","Relic"],"build_version":"2020-12-22","purchased_purges":2,"victory":false,"max_hp_per_floor":[80,80,80,80,80,80,80,80,80,80,80,80,80,80,80,80,80,80,80,80,80,80,80,80,80,80,80,80,80],"card_choices":[{"not_picked":["Rage","Thunderclap"],"picked":"Shrug It Off","floor":1},{"not_picked":["Whirlwind","Uppercut","Reckless Charge"],"picked":"SKIP","floor":3},{"not_picked":["Thunderclap","Sword Boomerang"],"picked":"Infernal Blade","floor":6},{"not_picked":["Replay:Undeath\u0027s Touch","Dual Wield"],"picked":"Body Slam","floor":8},{"not_picked":["Sword Boomerang","Whirlwind"],"picked":"True Grit","floor":11},{"not_picked":["Sever Soul","Havoc"],"picked":"Entrench","floor":13},{"not_picked":["Perfected Strike","Sentinel"],"picked":"Cleave","floor":14},{"not_picked":["Iron Wave","Wild Strike+1","Infernal Blade"],"picked":"SKIP","floor":18},{"not_picked":["Shrug It Off","Power Through","Pummel+1"],"picked":"SKIP","floor":20},{"not_picked":["Clothesline","Heavy Blade+1","Power Through"],"picked":"SKIP","floor":27}],"player_experience":489620,"relics_obtained":[{"floor":5,"key":"Replay:Rubber Ducky"},{"floor":6,"key":"MealTicket"},{"floor":9,"key":"Oddly Smooth Stone"}],"event_choices":[{"damage_healed":0,"gold_gain":0,"player_choice":"Trade","damage_taken":0,"relics_obtained":["GremlinMask"],"max_hp_gain":0,"max_hp_loss":0,"event_name":"FaceTrader","floor":2,"gold_loss":0},{"cards_removed":["Strike_R"],"damage_healed":0,"gold_gain":0,"player_choice":"Gave Gold","damage_taken":0,"max_hp_gain":0,"max_hp_loss":0,"event_name":"Beggar","floor":19,"gold_loss":75},{"damage_healed":0,"gold_gain":0,"player_choice":"Forge","damage_taken":0,"max_hp_gain":0,"max_hp_loss":0,"event_name":"Accursed Blacksmith","floor":24,"gold_loss":0,"cards_upgraded":["True Grit"]}],"is_beta":false,"boss_relics":[{"not_picked":["Astrolabe","Sozu"],"picked":"Velvet Choker"}],"items_purged_floors":[4,21],"is_endless":false,"potions_floor_spawned":[1,6,8,13,14,18],"killed_by":"3 Cultists","ascension_level":5}}