{"host":"nqsrckqog5ia9mbo","time":1609863185,"event":{"mods":["AchievementEnabler","BaseMod","Colored Map","Highlight Path","Minty Spire (QoL Compilation)"],"gold_per_floor":[119,119,48,67,67,101,101,134,159,159,173,173,208,228,228,326,326,339,339,358,372,372,372,372],"floor_reached":23,"playtime":1432,"items_purged":[],"score":304,"play_id":"cbdd2521-506a-428b-83e5-52629fff908a","local_time":"20210105171305","is_ascension_mode":true,"campfire_choices":[{"floor":7.0,"key":"RECALL"},{"data":"Armaments","floor":12.0,"key":"SMITH"},{"data":"Searing Blow","floor":15.0,"key":"SMITH"}],"circlet_count":0,"master_deck":["Strike_R","Strike_R","Strike_R","Defend_R","Defend_R","Defend_R","Defend_R","Bash","Spot Weakness","Pummel","Spot Weakness","Armaments+1","True Grit","Searing Blow+1","Heavy Blade","Infernal Blade+1","Ghostly Armor+1","J.A.X."],"relics":["Burning Blood","NeowsBlessing","Lantern","Paper Frog","Pear","Runic Cube"],"acts_visited":["Exordium","TheCity"],"potions_floor_usage":[20,23,23],"damage_taken":[{"damage":0.0,"enemies":"Cultist","floor":1.0,"turns":1.0},{"damage":0.0,"enemies":"Jaw Worm","floor":4.0,"turns":1.0},{"damage":0.0,"enemies":"3 Sentries","floor":6.0,"turns":1.0},{"damage":37.0,"enemies":"Gremlin Nob","floor":8.0,"turns":4.0},{"damage":9.0,"enemies":"2 Louse","floor":11.0,"turns":5.0},{"damage":34.0,"enemies":"Lagavulin","floor":13.0,"turns":9.0},{"damage":16.0,"enemies":"Exordium Thugs","floor":14.0,"turns":6.0},{"damage":53.0,"enemies":"The Guardian","floor":16.0,"turns":17.0},{"damage":5.0,"enemies":"Chosen","floor":18.0,"turns":4.0},{"damage":10,"enemies":"3 Byrds","floor":20,"turns":4},{"damage":51,"enemies":"Shelled Parasite and Fungi","floor":21,"turns":9},{"damage":27,"enemies":"Slavers","floor":23,"turns":3}],"seed_played":"4030257936020810077","potions_obtained":[{"floor":1.0,"key":"LiquidBronze"},{"floor":4.0,"key":"Swift Potion"},{"floor":14.0,"key":"FairyPotion"},{"floor":18.0,"key":"Weak Potion"},{"floor":20,"key":"ColorlessPotion"}],"is_trial":false,"path_per_floor":["M","?","$","M","$","E","R","E","T","?","M","R","E","M","R","B",null,"M","?","M","M","?","E"],"character_chosen":"IRONCLAD","items_purchased":["Pummel"],"campfire_rested":0,"item_purchase_floors":[3],"current_hp_per_floor":[78,71,71,77,77,80,80,49,49,49,46,46,28,18,18,11,70,71,71,67,22,22,0,0],"gold":372,"neow_bonus":"THREE_ENEMY_KILL","is_daily":false,"chose_seed":false,"campfire_upgraded":2,"win_rate":0.0,"timestamp":1609863185,"path_taken":["M","?","$","M","?","E","R","E","T","?","?","R","E","M","R","BOSS","M","?","M","M","?","E"],"items_purchased_type":["Card"],"build_version":"2020-12-22","purchased_purges":0,"victory":false,"max_hp_per_floor":[80,80,80,80,80,80,80,80,80,80,80,80,90,90,90,90,90,90,90,90,90,90,90,90],"card_choices":[{"not_picked":["Blood for Blood","Anger"],"picked":"Spot Weakness","floor":1.0},{"not_picked":["Havoc","Thunderclap","Perfected Strike"],"picked":"SKIP","floor":4.0},{"not_picked":["Dark Embrace","Ghostly Armor"],"picked":"Spot Weakness","floor":6.0},{"not_picked":["Body Slam","Reckless Charge"],"picked":"Armaments","floor":8.0},{"not_picked":["Body Slam","Anger","Searing Blow"],"picked":"SKIP","floor":11.0},{"not_picked":["Disarm","Metallicize"],"picked":"Searing Blow","floor":13.0},{"not_picked":["Rupture","Uppercut","Pummel"],"picked":"SKIP","floor":14.0},{"not_picked":["Perfected Strike","True Grit"],"picked":"Heavy Blade","floor":18.0},{"not_picked":["Cleave","Dropkick"],"picked":"Infernal Blade+1","floor":20},{"not_picked":["True Grit","Thunderclap"],"picked":"Ghostly Armor+1","floor":21}],"player_experience":137839,"relics_obtained":[{"floor":6.0,"key":"Lantern"},{"floor":8.0,"key":"Paper Frog"},{"floor":13.0,"key":"Pear"}],"event_choices":[{"cards_removed":["Strike_R"],"damage_healed":0.0,"max_hp_gain":0.0,"max_hp_loss":0.0,"gold_gain":0.0,"event_name":"Golden Wing","player_choice":"Card Removal","floor":2.0,"gold_loss":0.0,"damage_taken":7.0},{"damage_healed":0.0,"max_hp_gain":0.0,"max_hp_loss":0.0,"gold_gain":0.0,"cards_transformed":["Strike_R"],"event_name":"Transmorgrifier","player_choice":"Transformed","floor":10.0,"gold_loss":0.0,"damage_taken":0.0,"cards_obtained":["True Grit"]},{"damage_healed":0.0,"max_hp_gain":0.0,"max_hp_loss":0.0,"gold_gain":0.0,"event_name":"Ghosts","player_choice":"Ignored","floor":19.0,"gold_loss":0.0,"damage_taken":0.0},{"damage_healed":0,"gold_gain":0,"player_choice":"Obtain J.A.X.","damage_taken":0,"max_hp_gain":0,"max_hp_loss":0,"event_name":"Drug Dealer","floor":22,"gold_loss":0,"cards_obtained":["J.A.X."]}],"is_beta":false,"boss_relics":[{"not_picked":["Sozu","Coffee Dripper"],"picked":"Runic Cube"}],"items_purged_floors":[],"is_endless":false,"potions_floor_spawned":[1,4,14,18,20],"killed_by":"Slavers","ascension_level":6}}