{"host":"fnk117zi8wf5078t","time":1609829626,"event":{"mods":["AchievementEnabler","BaseMod","Colored Map","Minty Spire (QoL Compilation)","Rare Cards Sparkle","SuperFastMode","everything is the same but u backflip on backflip"],"gold_per_floor":[114,114,39,55,55,82,82,102,102,102,119,138,38,38,38,114,114,128,128,86,86,86,86,114,114,114,142,142,17,17,17,17],"floor_reached":31,"playtime":803,"items_purged":["Strike_R","Strike_R","Strike_R"],"score":540,"play_id":"a551ac1f-15e2-40e9-9bcf-20a881404817","local_time":"20210105155346","is_ascension_mode":true,"campfire_choices":[{"data":"Armaments","floor":7.0,"key":"SMITH"},{"data":"Shockwave","floor":10.0,"key":"SMITH"},{"data":"Hemokinesis","floor":15.0,"key":"SMITH"},{"data":"Armaments","floor":23.0,"key":"SMITH"},{"floor":25.0,"key":"REST"},{"floor":28.0,"key":"REST"}],"circlet_count":0,"master_deck":["AscendersBane","Strike_R+1","Defend_R+1","Bash","Hemokinesis+1","Clothesline","Armaments+1","Shockwave+1","Dropkick","Rage","Immolate","Bloodletting","Ghostly Armor","Armaments+1","Carnage"],"relics":["Burning Blood","NeowsBlessing","Paper Frog","Juzu Bracelet","Question Card","Boot","Empty Cage","Shuriken","Mummified Hand","Regal Pillow"],"acts_visited":["Exordium","TheCity"],"potions_floor_usage":[],"damage_taken":[{"damage":0.0,"enemies":"Small Slimes","floor":1.0,"turns":1.0},{"damage":0.0,"enemies":"Cultist","floor":4.0,"turns":1.0},{"damage":0.0,"enemies":"Lagavulin","floor":6.0,"turns":1.0},{"damage":8.0,"enemies":"Jaw Worm","floor":8.0,"turns":4.0},{"damage":8.0,"enemies":"Looter","floor":11.0,"turns":3.0},{"damage":15.0,"enemies":"Lots of Slimes","floor":12.0,"turns":4.0},{"damage":29.0,"enemies":"Hexaghost","floor":16.0,"turns":8.0},{"damage":14.0,"enemies":"Chosen","floor":18.0,"turns":5.0},{"damage":26.0,"enemies":"Book of Stabbing","floor":24.0,"turns":5.0},{"damage":13.0,"enemies":"Gremlin Leader","floor":27.0,"turns":6.0},{"damage":0,"enemies":"Shell Parasite","floor":31,"turns":1}],"seed_played":"-3150467168812450305","potions_obtained":[{"floor":4.0,"key":"SteroidPotion"},{"floor":11.0,"key":"CultistPotion"},{"floor":16.0,"key":"DistilledChaos"},{"floor":18.0,"key":"Block Potion"}],"is_trial":false,"path_per_floor":["M","?","$","M","?","E","R","M","T","R","M","M","$","?","R","B",null,"M","?","$","?","?","R","E","R","T","E","R","$","?","M"],"character_chosen":"IRONCLAD","items_purchased":["Ghostly Armor"],"campfire_rested":2,"item_purchase_floors":[20],"current_hp_per_floor":[74,51,51,57,57,63,63,61,61,61,59,50,50,50,50,27,63,55,55,55,55,55,55,35,57,57,50,75,75,75,75,75],"gold":17,"neow_bonus":"THREE_ENEMY_KILL","is_daily":false,"chose_seed":false,"campfire_upgraded":4,"win_rate":0.0,"timestamp":1609829626,"path_taken":["M","?","$","M","?","E","R","M","T","R","M","M","$","?","R","BOSS","M","?","?","?","?","R","E","R","T","E","R","$","?","M"],"items_purchased_type":["Card"],"build_version":"2020-12-22","purchased_purges":3,"victory":false,"max_hp_per_floor":[75,75,75,75,75,75,75,75,75,75,75,75,75,75,75,75,75,75,75,75,75,75,75,75,75,75,75,75,75,75,75,75],"card_choices":[{"not_picked":["Twin Strike","Uppercut"],"picked":"Hemokinesis","floor":1.0},{"not_picked":["Shrug It Off","Perfected Strike"],"picked":"Clothesline","floor":4.0},{"not_picked":["Hemokinesis","Second Wind"],"picked":"Armaments","floor":6.0},{"not_picked":["Hemokinesis","Sever Soul"],"picked":"Shockwave","floor":8.0},{"not_picked":["Rage","Hemokinesis","Metallicize"],"picked":"Dropkick","floor":11.0},{"not_picked":["Cleave","Iron Wave","Armaments"],"picked":"Rage","floor":12.0},{"not_picked":["Offering","Limit Break","Bludgeon"],"picked":"Immolate","floor":16.0},{"not_picked":["Wild Strike","Shrug It Off","Body Slam"],"picked":"Bloodletting","floor":18.0},{"not_picked":["Metallicize","Reckless Charge","Whirlwind"],"picked":"Carnage","floor":24.0},{"not_picked":["Pommel Strike","Body Slam","Heavy Blade","Havoc"],"picked":"SKIP","floor":27.0}],"player_experience":352199,"relics_obtained":[{"floor":6.0,"key":"Juzu Bracelet"},{"floor":9.0,"key":"Question Card"},{"floor":14.0,"key":"Boot"},{"floor":24.0,"key":"Shuriken"},{"floor":26.0,"key":"Mummified Hand"},{"floor":27.0,"key":"Regal Pillow"}],"event_choices":[{"damage_healed":0.0,"max_hp_gain":0.0,"max_hp_loss":0.0,"gold_gain":0.0,"event_name":"Shining Light","player_choice":"Entered Light","floor":2.0,"gold_loss":0.0,"damage_taken":23.0,"cards_upgraded":["Strike_R","Defend_R"]},{"damage_healed":0.0,"max_hp_gain":0.0,"max_hp_loss":0.0,"gold_gain":0.0,"event_name":"WeMeetAgain","player_choice":"Gave Potion","floor":5.0,"gold_loss":0.0,"damage_taken":0.0,"relics_obtained":["Paper Frog"]},{"damage_healed":0.0,"max_hp_gain":0.0,"max_hp_loss":0.0,"gold_gain":0.0,"event_name":"Wheel of Change","player_choice":"Relic","floor":14.0,"gold_loss":0.0,"damage_taken":0.0},{"damage_healed":0.0,"max_hp_gain":0.0,"max_hp_loss":0.0,"gold_gain":0.0,"event_name":"Ghosts","player_choice":"Ignored","floor":19.0,"gold_loss":0.0,"damage_taken":0.0},{"damage_healed":0.0,"max_hp_gain":0.0,"max_hp_loss":0.0,"gold_gain":0.0,"event_name":"Match and Keep!","player_choice":"1 cards matched","floor":21.0,"gold_loss":0.0,"damage_taken":0.0,"cards_obtained":["Armaments"]},{"cards_removed":["Defend_R"],"damage_healed":0.0,"max_hp_gain":0.0,"max_hp_loss":0.0,"gold_gain":0.0,"event_name":"Bonfire Elementals","player_choice":"Offered Basic","floor":22.0,"gold_loss":0.0,"damage_taken":0.0},{"cards_removed":["Defend_R"],"damage_healed":0.0,"max_hp_gain":0.0,"max_hp_loss":0.0,"gold_gain":0.0,"event_name":"Purifier","player_choice":"Purged","floor":30.0,"gold_loss":0.0,"damage_taken":0.0}],"is_beta":false,"boss_relics":[{"not_picked":["Runic Pyramid","Coffee Dripper"],"picked":"Empty Cage"}],"items_purged_floors":[3,13,29],"is_endless":false,"potions_floor_spawned":[4,11,16,18],"killed_by":"Shell Parasite","ascension_level":17}}