{"host":"ig7tc0uedzltt2sr","time":1609824048,"event":{"mods":["BaseMod","Better Twitch Integration","Block Reminder","Colored Map","Colored Powertips","Communication Mod","Current Relic Mod","GifTheSpireLib","HexUI Lib","Minty Spire (QoL Compilation)","Quick Restart","Random Character Button","Rare Cards Sparkle","Relic Sorter","Relic Stats","Slay the Relics Exporter","StSLib","SuperFastMode","Synergy Search","Twitch Decklist","Twitch Utils","everything is the same but u backflip on backflip","slay the spire mod where everything is the same but ironclad has a cowboy hat"],"gold_per_floor":[111,122,134,146,156,156,156,166,166,176,187,200,200,200,200],"floor_reached":14,"playtime":103,"items_purged":[],"score":88,"play_id":"24fb1fc8-0df3-4cb4-ac25-be0fb09cca41","local_time":"20210104212048","is_ascension_mode":false,"campfire_choices":[{"floor":6,"key":"REST"},{"floor":13,"key":"REST"}],"circlet_count":0,"master_deck":["Strike_R","Strike_R","Strike_R","Strike_R","Strike_R","Defend_R","Defend_R","Defend_R","Defend_R","Bash","Rampage","Pummel","Second Wind","Feel No Pain","Reckless Charge","Berserk","Inflame","Anger","Sentinel"],"relics":["Burning Blood","NeowsBlessing","Letter Opener"],"acts_visited":["Exordium"],"potions_floor_usage":[],"damage_taken":[{"damage":0,"enemies":"Cultist","floor":1,"turns":1},{"damage":0,"enemies":"2 Louse","floor":2,"turns":1},{"damage":0,"enemies":"Small Slimes","floor":3,"turns":1},{"damage":64,"enemies":"Exordium Thugs","floor":4,"turns":9},{"damage":12,"enemies":"2 Fungi Beasts","floor":5,"turns":6},{"damage":5,"enemies":"Looter","floor":8,"turns":4},{"damage":17,"enemies":"Blue Slaver","floor":10,"turns":5},{"damage":25,"enemies":"Large Slime","floor":11,"turns":9},{"damage":40,"enemies":"Gremlin Gang","floor":12,"turns":5},{"damage":39,"enemies":"Gremlin Nob","floor":14,"turns":4}],"seed_played":"586018210401130735","potions_obtained":[{"floor":1,"key":"Fruit Juice"},{"floor":2,"key":"DuplicationPotion"},{"floor":4,"key":"FairyPotion"},{"floor":10,"key":"FearPotion"}],"is_trial":false,"path_per_floor":["M","M","M","M","M","R","?","M","T","M","M","M","R","E"],"character_chosen":"IRONCLAD","items_purchased":[],"campfire_rested":2,"item_purchase_floors":[],"current_hp_per_floor":[80,80,80,27,21,46,46,47,47,36,17,8,33,0,0],"gold":200,"neow_bonus":"THREE_ENEMY_KILL","is_daily":false,"chose_seed":false,"campfire_upgraded":0,"win_rate":0.0,"timestamp":1609824048,"path_taken":["M","M","M","M","M","R","?","M","T","M","?","M","R","E"],"items_purchased_type":[],"build_version":"2020-12-22","purchased_purges":0,"victory":false,"max_hp_per_floor":[80,80,80,85,85,85,85,85,85,85,85,85,85,85,85],"relic_stats":{"counters":[10,45],"Letter Opener":[5],"obtain_stats":[{"NeowsBlessing":0,"Letter Opener":9,"Burning Blood":0},{"NeowsBlessing":0,"Letter Opener":6,"Burning Blood":0},{"NeowsBlessing":0,"Letter Opener":22,"Burning Blood":0}],"Burning Blood":36},"card_choices":[{"not_picked":["Clash","Burning Pact"],"picked":"Rampage","floor":1},{"not_picked":["Sword Boomerang","Feel No Pain"],"picked":"Pummel","floor":2},{"not_picked":["Bloodletting","Thunderclap"],"picked":"Second Wind","floor":3},{"not_picked":["Burning Pact","Battle Trance"],"picked":"Feel No Pain","floor":4},{"not_picked":["Anger","Wild Strike"],"picked":"Reckless Charge","floor":5},{"not_picked":["Flame Barrier","Dual Wield"],"picked":"Berserk","floor":8},{"not_picked":["Anger","Whirlwind"],"picked":"Inflame","floor":10},{"not_picked":["Shrug It Off","Burning Pact"],"picked":"Anger","floor":11},{"not_picked":["Infernal Blade","Perfected Strike"],"picked":"Sentinel","floor":12}],"player_experience":1424808,"relics_obtained":[{"floor":9,"key":"Letter Opener"}],"event_choices":[{"damage_healed":0,"gold_gain":0,"player_choice":"Ignored","damage_taken":0,"max_hp_gain":0,"max_hp_loss":0,"event_name":"Upgrade Shrine","floor":7,"gold_loss":0}],"is_beta":false,"boss_relics":[],"items_purged_floors":[],"is_endless":false,"potions_floor_spawned":[1,2,4,10],"killed_by":"Gremlin Nob","ascension_level":0}}