{"host":"l84l8xigz5v5foa2","time":1609869793,"event":{"mods":["2.2 Compatiblity","AchievementEnabler","BaseMod","Better Note","Better Vampires","Card Filter","Colored Map","DeckTracker","Downfall","Gremlin Skip","Highlight Path","Keyboard Shortcuts","Minty Spire (QoL Compilation)","Permanent Neow","Quick Restart","Relic Filter","Relic Stats","StSLib","SuperFastMode","Transform Curses","Unknown Chances"],"gold_per_floor":[99,109,119,119,119,119,166,166,191,291,291,291,291],"floor_reached":11,"playtime":197,"items_purged":[],"score":138,"play_id":"02f4a37e-3139-455e-9267-7f0d90202a9f","local_time":"20210106030313","is_ascension_mode":true,"campfire_choices":[{"data":"Guardian:CurlUp","floor":1.0,"key":"SMITH"},{"data":"Guardian:TwinSlam","floor":8.0,"key":"SMITH"}],"circlet_count":0,"master_deck":["AscendersBane","Guardian:Strike_Guardian","Guardian:Strike_Guardian","Guardian:Strike_Guardian","Guardian:Strike_Guardian","Guardian:Defend_Guardian","Guardian:Defend_Guardian","Guardian:Defend_Guardian","Guardian:Defend_Guardian","Guardian:CurlUp+1","Guardian:TwinSlam+1","Guardian:Reroute","Guardian:Incinerate","Slimebound:Icky"],"relics":["Guardian:ModeShifter","Guardian:StasisCodex","Centennial Puzzle","Blood Vial"],"acts_visited":[],"potions_floor_usage":[],"damage_taken":[{"damage":1.0,"enemies":"Small Slimes","floor":2.0,"turns":5.0},{"damage":7.0,"enemies":"Jaw Worm","floor":3.0,"turns":4.0},{"damage":38,"enemies":"Gremlin Nob","floor":9,"turns":5},{"damage":0,"enemies":"3 Sentries","floor":11,"turns":1}],"seed_played":"-1531448248298453803","potions_obtained":[{"floor":2.0,"key":"sneckomod:MuddlingPotion"},{"floor":9,"key":"Ancient Potion"}],"is_trial":false,"path_per_floor":["R","M","M","?","T","T","T","R","E","?","E"],"character_chosen":"GUARDIAN","items_purchased":[],"campfire_rested":0,"item_purchase_floors":[],"current_hp_per_floor":[47,46,39,39,39,39,39,39,1,1,3,3,3],"gold":291,"neow_bonus":"THREE_RARE_CARDS","is_daily":false,"chose_seed":false,"campfire_upgraded":2,"win_rate":0.0,"timestamp":1609869793,"path_taken":["R","M","M","?","?","?","T","R","E","?","E"],"items_purchased_type":[],"build_version":"2020-12-22","purchased_purges":0,"victory":false,"max_hp_per_floor":[72,72,72,72,72,72,72,72,72,72,72,72,72],"relic_stats":{"Blood Vial":2,"Centennial Puzzle":[3],"counters":[4,15],"obtain_stats":[{"Blood Vial":9,"Centennial Puzzle":6,"Guardian:ModeShifter":0,"Guardian:StasisCodex":5},{"Blood Vial":3,"Centennial Puzzle":2,"Guardian:ModeShifter":0,"Guardian:StasisCodex":2},{"Blood Vial":14,"Centennial Puzzle":9,"Guardian:ModeShifter":0,"Guardian:StasisCodex":9}]},"card_choices":[{"not_picked":["Guardian:ConstructionForm","Guardian:FastForward"],"picked":"Guardian:Gem_Synthetic","floor":0.0},{"not_picked":["Guardian:RefractedBeam","Guardian:Planning","Guardian:GuardianWhirl"],"picked":"SKIP","floor":2.0},{"not_picked":["Guardian:TemporalStrike","Guardian:DonusPower"],"picked":"Guardian:Reroute","floor":3.0},{"not_picked":["Guardian:PrimingBeam","Guardian:PrismaticBarrier"],"picked":"Guardian:Incinerate","floor":9}],"player_experience":2893097,"relics_obtained":[{"floor":5.0,"key":"Guardian:StasisCodex"},{"floor":6.0,"key":"Centennial Puzzle"},{"floor":9,"key":"Blood Vial"}],"event_choices":[],"is_beta":false,"boss_relics":[],"items_purged_floors":[],"is_endless":false,"potions_floor_spawned":[2,9],"killed_by":"3 Sentries","ascension_level":20}}