{"host":"dcj2yvrgcvh5dl2s","time":1609831853,"event":{"mods":["BaseMod","Better Note","Block Reminder","Colored Powertips","DeckTracker","Minty Spire (QoL Compilation)","Quick Restart","Rare Cards Sparkle","Relic Stats","StSLib"],"gold_per_floor":[115,190,190,27,46,79,91,122,122,150,175,185,185,200,200,274,274,288,338,357,357,23,53,65,80,104,29,29,29,41,57,57,131,131,141,55,55,72,27,27,45,74,120,120,137,137,156,167,167,167,167],"floor_reached":50,"playtime":8615,"items_purged":["Strike_R"],"score":1125,"play_id":"0f6cd1bb-04b2-4027-b2eb-a8be95e06398","local_time":"20210105173053","is_ascension_mode":true,"campfire_choices":[{"data":"Body Slam","floor":13.0,"key":"SMITH"},{"floor":15.0,"key":"REST"},{"data":"Flex","floor":28.0,"key":"SMITH"},{"data":"Double Tap","floor":32.0,"key":"SMITH"},{"data":"Barricade","floor":40.0,"key":"SMITH"},{"data":"Heavy Blade","floor":49,"key":"SMITH"}],"circlet_count":0,"master_deck":["AscendersBane","Strike_R","Defend_R","Defend_R","Defend_R","Defend_R","Bash","Carnage","Heavy Blade+1","Pommel Strike","Body Slam+1","Disarm","Reaper","Flex","Shrug It Off","Offering","Demon Form","Whirlwind+1","Flex+1","Jack Of All Trades","Pummel+1","Battle Trance+1","Shrug It Off","Metallicize+1","Double Tap+1","Barricade+1","Uppercut+1","Body Slam+1","Brutality+1","Sword Boomerang","Metallicize","Inflame","Metallicize","Inflame","Body Slam+1","Offering"],"relics":["Burning Blood","NeowsBlessing","Blue Candle","Red Skull","Matryoshka","Mummified Hand","Orichalcum","Question Card","Akabeko","Odd Mushroom","Coffee Dripper","Bottled Lightning","MealTicket","Omamori","Potion Belt","Astrolabe","Juzu Bracelet","Centennial Puzzle","Pear"],"acts_visited":["Exordium","TheCity","TheBeyond"],"potions_floor_usage":[42,50,50],"damage_taken":[{"damage":0.0,"enemies":"2 Louse","floor":1.0,"turns":1.0},{"damage":0.0,"enemies":"Small Slimes","floor":5.0,"turns":1.0},{"damage":0.0,"enemies":"Lagavulin","floor":6.0,"turns":1.0},{"damage":12.0,"enemies":"Jaw Worm","floor":7.0,"turns":3.0},{"damage":30.0,"enemies":"3 Sentries","floor":8.0,"turns":8.0},{"damage":0.0,"enemies":"Gremlin Nob","floor":10.0,"turns":3.0},{"damage":14.0,"enemies":"The Mushroom Lair","floor":11.0,"turns":4.0},{"damage":12.0,"enemies":"Gremlin Gang","floor":12.0,"turns":5.0},{"damage":6.0,"enemies":"Blue Slaver","floor":14.0,"turns":4.0},{"damage":80.0,"enemies":"Slime Boss","floor":16.0,"turns":12.0},{"damage":38.0,"enemies":"3 Byrds","floor":18.0,"turns":7.0},{"damage":0.0,"enemies":"Spheric Guardian","floor":20.0,"turns":1.0},{"damage":39.0,"enemies":"Book of Stabbing","floor":23.0,"turns":4.0},{"damage":6.0,"enemies":"Centurion and Healer","floor":24.0,"turns":3.0},{"damage":6.0,"enemies":"Chosen and Byrds","floor":25.0,"turns":4.0},{"damage":6.0,"enemies":"Snecko","floor":30.0,"turns":2.0},{"damage":6.0,"enemies":"Cultist and Chosen","floor":31.0,"turns":1.0},{"damage":19.0,"enemies":"Collector","floor":33.0,"turns":3.0},{"damage":17.0,"enemies":"Orb Walker","floor":35.0,"turns":3.0},{"damage":28.0,"enemies":"3 Darklings","floor":38.0,"turns":5.0},{"damage":30.0,"enemies":"Jaw Worm Horde","floor":41.0,"turns":2.0},{"damage":53,"enemies":"Reptomancer","floor":42,"turns":7},{"damage":25,"enemies":"Sphere and 2 Shapes","floor":45,"turns":6},{"damage":6,"enemies":"Spire Growth","floor":47,"turns":3},{"damage":11,"enemies":"Transient","floor":48,"turns":6},{"damage":58,"enemies":"Time Eater","floor":50,"turns":4}],"seed_played":"6126964987659380832","potions_obtained":[{"floor":5.0,"key":"Explosive Potion"},{"floor":11.0,"key":"BlessingOfTheForge"},{"floor":14.0,"key":"CultistPotion"},{"floor":18.0,"key":"BloodPotion"},{"floor":23.0,"key":"SteroidPotion"},{"floor":24.0,"key":"DistilledChaos"},{"floor":41.0,"key":"SkillPotion"},{"floor":42,"key":"BlessingOfTheForge"},{"floor":48,"key":"AttackPotion"}],"is_trial":false,"path_per_floor":["M","?","?","$","M","E","M","E","T","E","?","M","R","M","R","B",null,"M","?","M","?","$","E","M","M","T","$","R","?","M","M","R","B",null,"M","$","?","M","$","R","M","E","T","?","M","T","M","M","R","B"],"character_chosen":"IRONCLAD","items_purchased":["Red Skull","Bottled Lightning","Perfected Strike","Metallicize","Inflame"],"campfire_rested":1,"item_purchase_floors":[4,22,22,36,39],"current_hp_per_floor":[74,63,52,52,58,64,58,34,34,40,46,48,48,48,70,10,59,53,53,59,47,47,14,19,21,21,36,36,36,36,36,36,30,64,59,74,70,59,74,74,57,35,35,35,16,26,40,42,42,0,0],"gold":167,"neow_bonus":"THREE_ENEMY_KILL","is_daily":false,"chose_seed":false,"campfire_upgraded":5,"win_rate":0.0,"timestamp":1609831853,"path_taken":["M","?","?","$","M","E","M","E","T","E","?","M","R","M","R","BOSS","M","?","M","?","$","E","?","M","T","$","R","?","M","M","R","BOSS","M","$","?","M","?","R","?","E","T","?","M","?","M","M","R","BOSS"],"items_purchased_type":["Relic","Relic","Card","Card","Card"],"build_version":"2020-12-22","purchased_purges":1,"victory":false,"max_hp_per_floor":[75,75,75,75,75,75,75,75,75,75,75,75,75,75,75,75,75,75,75,75,75,75,75,75,75,75,75,75,75,75,75,75,75,75,75,75,75,75,75,75,75,75,75,75,75,85,85,85,85,85,85],"relic_stats":{"Centennial Puzzle":[12],"counters":[26,103],"Mummified Hand":[48],"Blue Candle":[0],"Astrolabe":["Uppercut","Body Slam","Brutality"],"MealTicket":45,"Juzu Bracelet":0,"Orichalcum":[222],"Question Card":20,"obtain_stats":[{"Potion Belt":26,"Pear":46,"NeowsBlessing":0,"Blue Candle":3,"Astrolabe":34,"Omamori":26,"Juzu Bracelet":42,"Orichalcum":9,"Odd Mushroom":11,"Question Card":9,"Burning Blood":0,"Akabeko":10,"Centennial Puzzle":43,"Matryoshka":6,"Mummified Hand":8,"MealTicket":23,"Coffee Dripper":17,"Bottled Lightning":22,"Red Skull":4},{"Potion Belt":15,"Pear":23,"NeowsBlessing":0,"Blue Candle":1,"Astrolabe":18,"Omamori":15,"Juzu Bracelet":22,"Orichalcum":5,"Odd Mushroom":7,"Question Card":5,"Burning Blood":0,"Akabeko":6,"Centennial Puzzle":22,"Matryoshka":3,"Mummified Hand":5,"MealTicket":13,"Coffee Dripper":10,"Bottled Lightning":12,"Red Skull":1},{"Potion Belt":61,"Pear":90,"NeowsBlessing":0,"Blue Candle":1,"Astrolabe":67,"Omamori":61,"Juzu Bracelet":84,"Orichalcum":14,"Odd Mushroom":21,"Question Card":14,"Burning Blood":0,"Akabeko":17,"Centennial Puzzle":84,"Matryoshka":3,"Mummified Hand":14,"MealTicket":54,"Coffee Dripper":42,"Bottled Lightning":50,"Red Skull":1}],"Burning Blood":150},"card_choices":[{"not_picked":["Wild Strike","Blood for Blood"],"picked":"Carnage","floor":1.0},{"not_picked":["Armaments","Hemokinesis"],"picked":"Heavy Blade","floor":5.0},{"not_picked":["Sever Soul","Havoc"],"picked":"Pommel Strike","floor":6.0},{"not_picked":["Dark Embrace","Pommel Strike"],"picked":"Body Slam","floor":7.0},{"not_picked":["Anger","True Grit"],"picked":"Disarm","floor":8.0},{"not_picked":["Infernal Blade","Heavy Blade","Armaments"],"picked":"Reaper","floor":10.0},{"not_picked":["Sword Boomerang","Clash","Perfected Strike"],"picked":"Flex","floor":11.0},{"not_picked":["True Grit","Pommel Strike","Feel No Pain"],"picked":"Shrug It Off","floor":12.0},{"not_picked":["True Grit","Anger","Shrug It Off"],"picked":"Offering","floor":14.0},{"not_picked":["Brutality","Corruption","Fiend Fire"],"picked":"Demon Form","floor":16.0},{"not_picked":["Heavy Blade","Headbutt","Body Slam"],"picked":"Whirlwind+1","floor":18.0},{"not_picked":["Sever Soul","Perfected Strike","Sword Boomerang"],"picked":"Flex","floor":20.0},{"not_picked":["Anger","Whirlwind","Iron Wave"],"picked":"Pummel+1","floor":23.0},{"not_picked":["Wild Strike","Heavy Blade","Power Through"],"picked":"Battle Trance+1","floor":24.0},{"not_picked":["Armaments","Clash+1","Sword Boomerang"],"picked":"Shrug It Off","floor":25.0},{"not_picked":["Perfected Strike","Power Through+1","Headbutt"],"picked":"Metallicize+1","floor":30.0},{"not_picked":["Battle Trance","Anger","Perfected Strike"],"picked":"Double Tap","floor":31.0},{"not_picked":["Exhume","Reaper","Juggernaut"],"picked":"Barricade","floor":33.0},{"not_picked":["Havoc","Thunderclap+1","Iron Wave"],"picked":"Sword Boomerang","floor":35.0},{"not_picked":["Cleave","Hemokinesis","Twin Strike","Clothesline+1"],"picked":"SKIP","floor":38.0},{"not_picked":["Entrench","Clothesline","Havoc+1"],"picked":"Metallicize","floor":41.0},{"not_picked":["Clash","Spot Weakness+1","Clothesline"],"picked":"Flex","floor":42},{"not_picked":["Infernal Blade","Blood for Blood","Sever Soul"],"picked":"Inflame","floor":45},{"not_picked":["Feel No Pain","Entrench+1","Second Wind"],"picked":"Body Slam+1","floor":47},{"not_picked":["Evolve","Uppercut+1","Searing Blow"],"picked":"Offering","floor":48}],"player_experience":2199988,"relics_obtained":[{"floor":6.0,"key":"Matryoshka"},{"floor":8.0,"key":"Mummified Hand"},{"floor":9.0,"key":"Orichalcum"},{"floor":9.0,"key":"Question Card"},{"floor":10.0,"key":"Akabeko"},{"floor":11.0,"key":"Odd Mushroom"},{"floor":23.0,"key":"MealTicket"},{"floor":26.0,"key":"Omamori"},{"floor":26.0,"key":"Potion Belt"},{"floor":42,"key":"Juzu Bracelet"},{"floor":43,"key":"Centennial Puzzle"},{"floor":46,"key":"Pear"}],"event_choices":[{"damage_healed":0.0,"max_hp_gain":0.0,"max_hp_loss":0.0,"gold_gain":75.0,"event_name":"World of Goop","player_choice":"Gather Gold","floor":2.0,"gold_loss":0.0,"damage_taken":11.0},{"damage_healed":0.0,"max_hp_gain":0.0,"max_hp_loss":0.0,"gold_gain":0.0,"event_name":"Scrap Ooze","player_choice":"Success","floor":3.0,"gold_loss":0.0,"damage_taken":11.0,"relics_obtained":["Blue Candle"]},{"damage_healed":0.0,"max_hp_gain":0.0,"max_hp_loss":0.0,"gold_gain":0.0,"event_name":"Mushrooms","player_choice":"Fought Mushrooms","floor":11.0,"gold_loss":0.0,"damage_taken":0.0},{"damage_healed":0.0,"max_hp_gain":0.0,"max_hp_loss":0.0,"gold_gain":50.0,"event_name":"Nest","player_choice":"Stole From Cult","floor":19.0,"gold_loss":0.0,"damage_taken":0.0},{"damage_healed":0.0,"max_hp_gain":0.0,"max_hp_loss":0.0,"gold_gain":0.0,"event_name":"Knowing Skull","player_choice":"CARD ","floor":21.0,"potions_obtained":[],"gold_loss":0.0,"damage_taken":12.0,"cards_obtained":["Jack Of All Trades"]},{"cards_removed":["Perfected Strike"],"damage_healed":0.0,"max_hp_gain":0.0,"max_hp_loss":0.0,"gold_gain":0.0,"event_name":"Purifier","player_choice":"Purged","floor":29.0,"gold_loss":0.0,"damage_taken":0.0},{"damage_healed":0.0,"max_hp_gain":0.0,"max_hp_loss":0.0,"gold_gain":0.0,"event_name":"The Woman in Blue","player_choice":"Bought 0 Potions","floor":37.0,"gold_loss":0.0,"damage_taken":0.0},{"cards_removed":["Flex"],"damage_healed":0,"gold_gain":0,"player_choice":"Removed Skill","damage_taken":0,"max_hp_gain":0,"max_hp_loss":0,"event_name":"Falling","floor":44,"gold_loss":0}],"is_beta":false,"boss_relics":[{"not_picked":["SlaversCollar","Runic Dome"],"picked":"Coffee Dripper"},{"not_picked":["Snecko Eye","Runic Pyramid"],"picked":"Astrolabe"}],"items_purged_floors":[27],"is_endless":false,"potions_floor_spawned":[5,11,14,18,23,24,41,42,48],"killed_by":"Time Eater","ascension_level":19}}