{"host":"1cd1aqaox6jesai3","time":1609826136,"event":{"mods":["Act Like it!","Arknights The Spire","Astrologer","Bartender","BaseMod","Colored Powertips","Googly Eyes","Hallownest","Infinite Spire","Mimic Mod","Minty Spire (QoL Compilation)","Replay The Spire","StSLib","The Bug Knight","The Construct","The Factory","The Hierophant"],"gold_per_floor":[113,131,167,129,229,273,273,299,299,299,374,374,389,349,349,436,536,604,638,638,661,733,659,737,737,737,779,771,771],"floor_reached":28,"playtime":1720,"items_purged":[],"score":248,"play_id":"5f77770d-b5d3-481b-8840-942bcd28e814","local_time":"20210105005536","is_ascension_mode":false,"campfire_choices":[{"data":"hierophant:Glossolalia","floor":7,"key":"SMITH"},{"data":"hierophant:Charity","floor":10,"key":"SMITH"},{"floor":12,"key":"REST"},{"floor":25,"key":"REST"}],"circlet_count":0,"master_deck":["hierophant:Strike_Hierophant","hierophant:Strike_Hierophant","hierophant:Strike_Hierophant","hierophant:Strike_Hierophant","hierophant:Punish","hierophant:Defend_Hierophant","hierophant:Defend_Hierophant","hierophant:Defend_Hierophant","hierophant:Defend_Hierophant","hierophant:ChurchCoffers","hierophant:Doubloon+1","hierophant:RecallFunds","hierophant:RustyCrate","hierophant:Doubloon+1","hierophant:Doubloon+1","hierophant:OrnateBuckler","hierophant:Glossolalia+1","hierophant:FlamingChariot","hierophant:Doubloon+1","hierophant:Charity+1","hierophant:RustyCrate","hierophant:Doubloon+1","hierophant:Doubloon","hierophant:MintersHammer","hierophant:MorningPrayer","hierophant:HolyVerse","hierophant:Exaltation","hierophant:Refuge","hierophant:Doubloon+1","hierophant:MorningPrayer","hierophant:Sermon+1"],"relics":["hierophant:PropheticMaskRelic","NeowsBlessing","ReplayTheSpireMod:Shallot","infinitespire:BottledMercury","Happy Flower","ReplayTheSpireMod:TigerMarble","Replay:Wanted Poster","MealTicket","Unceasing Top","Onion Ring"],"acts_visited":["Exordium","TheCity"],"potions_floor_usage":[8,13,13,16,16,19,24,28],"damage_taken":[{"damage":0,"enemies":"Cultist","floor":1,"turns":1},{"damage":0,"enemies":"Small Slimes","floor":2,"turns":1},{"damage":0,"enemies":"2 Louse","floor":3,"turns":1},{"damage":11,"enemies":"Lots of Slimes","floor":6,"turns":4},{"damage":26,"enemies":"Lagavulin","floor":8,"turns":6},{"damage":27,"enemies":"3 Sentries","floor":13,"turns":8},{"damage":20,"enemies":"Slime Boss","floor":16,"turns":9},{"damage":19,"enemies":"2 Thieves","floor":18,"turns":3},{"damage":11,"enemies":"3 Byrds","floor":19,"turns":3},{"damage":14,"enemies":"Shelled Parasite and Fungi","floor":21,"turns":6},{"damage":0,"enemies":"Sentry and Sphere","floor":22,"turns":2},{"damage":17,"enemies":"Snecko","floor":24,"turns":5},{"damage":3,"enemies":"Replay:Snechameleon","floor":27,"turns":6},{"damage":80,"enemies":"Cultist and Chosen","floor":28,"turns":6}],"seed_played":"3295225471457468707","potions_obtained":[{"floor":1,"key":"Milkshake"},{"floor":3,"key":"LiquidBronze"},{"floor":8,"key":"Fire Potion"},{"floor":14,"key":"SteroidPotion"},{"floor":14,"key":"Ancient Potion"},{"floor":14,"key":"DistilledChaos"},{"floor":18,"key":"Energy Potion"},{"floor":19,"key":"Block Potion"},{"floor":24,"key":"Adrenaline Potion"}],"is_trial":false,"path_per_floor":["M","M","M","$","?","M","R","E","T","R","?","R","E","?","R","B",null,"M","M","T","M","M","$","M","R","T","E","M"],"character_chosen":"HIEROPHANT","items_purchased":["hierophant:Glossolalia","hierophant:Refuge"],"campfire_rested":2,"item_purchase_floors":[4,23],"current_hp_per_floor":[75,75,75,75,75,64,64,38,38,38,27,49,22,22,22,2,75,56,45,45,31,35,50,33,55,55,52,0,0],"gold":771,"neow_bonus":"THREE_ENEMY_KILL","is_daily":false,"chose_seed":false,"campfire_upgraded":2,"win_rate":0.0,"timestamp":1609826136,"path_taken":["M","M","?","$","?","?","R","E","T","R","?","R","E","?","R","BOSS","M","M","?","M","M","$","M","R","T","E","M"],"items_purchased_type":["Card","Card"],"build_version":"2020-12-22","purchased_purges":0,"victory":false,"max_hp_per_floor":[75,75,75,75,75,75,75,75,75,75,75,75,75,75,75,75,75,75,75,75,75,75,75,75,75,75,75,75,75],"card_choices":[{"not_picked":["hierophant:SealAway","hierophant:Alms"],"picked":"hierophant:RecallFunds","floor":1},{"not_picked":["hierophant:RecallFunds","hierophant:RepressedViolence"],"picked":"hierophant:RustyCrate","floor":2},{"not_picked":["hierophant:RustyCrate","hierophant:Smite"],"picked":"hierophant:OrnateBuckler","floor":3},{"not_picked":["hierophant:PassingBell","hierophant:Remorse"],"picked":"hierophant:FlamingChariot","floor":6},{"not_picked":["hierophant:BulkyChest","hierophant:DisplayOfPower"],"picked":"hierophant:Charity","floor":8},{"not_picked":["hierophant:Sermon","hierophant:Purify"],"picked":"hierophant:RustyCrate","floor":13},{"not_picked":["hierophant:Anathema","hierophant:Invocation"],"picked":"hierophant:MintersHammer","floor":16},{"not_picked":["hierophant:Doubloon+1","hierophant:AuricShield+1"],"picked":"hierophant:MorningPrayer","floor":18},{"not_picked":["hierophant:AuricBeam+1","hierophant:Upheaval+1"],"picked":"hierophant:HolyVerse","floor":19},{"not_picked":["hierophant:Community","hierophant:RepressedViolence+1","hierophant:SealAway"],"picked":"SKIP","floor":21},{"not_picked":["hierophant:Upheaval+1","hierophant:CoinFling+1"],"picked":"hierophant:Exaltation","floor":22},{"not_picked":["hierophant:Doubloon","hierophant:Community"],"picked":"hierophant:MorningPrayer","floor":24},{"not_picked":["hierophant:FlamingChariot","hierophant:FieryStrike+1"],"picked":"hierophant:Sermon+1","floor":27}],"player_experience":154435,"relics_obtained":[{"floor":8,"key":"ReplayTheSpireMod:Shallot"},{"floor":9,"key":"infinitespire:BottledMercury"},{"floor":13,"key":"Happy Flower"},{"floor":20,"key":"MealTicket"},{"floor":26,"key":"Unceasing Top"},{"floor":27,"key":"Onion Ring"}],"event_choices":[{"damage_healed":0,"gold_gain":100,"player_choice":"Pray","damage_taken":0,"max_hp_gain":0,"max_hp_loss":0,"event_name":"Golden Shrine","floor":5,"gold_loss":0},{"damage_healed":0,"gold_gain":75,"player_choice":"Gather Gold","damage_taken":11,"max_hp_gain":0,"max_hp_loss":0,"event_name":"World of Goop","floor":11,"gold_loss":0},{"damage_healed":0,"gold_gain":0,"player_choice":"Bought 3 Potions","damage_taken":0,"max_hp_gain":0,"max_hp_loss":0,"event_name":"The Woman in Blue","floor":14,"gold_loss":0},{"damage_healed":0,"gold_gain":0,"player_choice":"Gave Potion","damage_taken":0,"relics_obtained":["ReplayTheSpireMod:TigerMarble"],"max_hp_gain":0,"max_hp_loss":0,"event_name":"WeMeetAgain","floor":15,"gold_loss":0}],"is_beta":false,"boss_relics":[{"not_picked":["construct:ClawGrip","Replay:Bronze Core"],"picked":"Replay:Wanted Poster"}],"items_purged_floors":[],"is_endless":false,"potions_floor_spawned":[1,3,8,18,19,24],"killed_by":"Cultist and Chosen","ascension_level":0}}