{"host":"6pgtslebjnyv5xmi","time":1609824210,"event":{"mods":["AchievementEnabler","BaseMod","Colored Map","Minty Spire (QoL Compilation)","Rare Cards Sparkle","StSLib","SuperFastMode","everything is the same but u backflip on backflip"],"gold_per_floor":[114,129,129,144,144,144,319,319,319,338,413,363,382,307,307,457,457,476,495,495,544,623,691,441,441,516,141,220,70,70,89,89,214,214,233,312,367,446,465,165,165,214,264,302,302,370,25,25,25,25],"floor_reached":51,"playtime":4302,"items_purged":["Brutality","Establishment","Juggernaut","Limit Break"],"score":867,"play_id":"6ca13af6-53b4-4055-a38d-4dd10a2bc30d","local_time":"20210105142330","daily_mods":["Shiny","Red Cards","Night Terrors"],"is_ascension_mode":false,"campfire_choices":[{"data":"Omniscience","floor":6,"key":"SMITH"},{"data":"Scrawl","floor":8,"key":"SMITH"},{"data":"LessonLearned","floor":15,"key":"SMITH"},{"data":"Corruption","floor":25,"key":"SMITH"},{"data":"Exhume","floor":30,"key":"SMITH"},{"data":"Ragnarok","floor":32,"key":"SMITH"},{"data":"Barricade","floor":45,"key":"SMITH"},{"data":"Apotheosis","floor":49,"key":"SMITH"}],"circlet_count":0,"master_deck":["Double Tap","Demon Form+1","Bludgeon","Feed","Corruption+1","Barricade+1","Fiend Fire","Berserk","Impervious","Reaper+1","Exhume+1","Offering","Immolate+1","Judgement","ConjureBlade","MasterReality+1","Brilliance","Devotion","Blasphemy","Ragnarok+1","LessonLearned+1","Scrawl+1","Vault+1","Alpha+1","Wish+1","Omniscience+1","SpiritShield","DevaForm+1","DeusExMachina+1","Immolate+1","SandsOfTime+1","Body Slam+1","Omniscience+1","Apotheosis+1"],"relics":["PureWater","Golden Idol","Kunai","Ornamental Fan","Snecko Eye","MealTicket","ClockworkSouvenir","Molten Egg 2","Bottled Lightning","Runic Pyramid","Unceasing Top","Lantern","DollysMirror","Bag of Preparation","Darkstone Periapt","Blood Vial","Oddly Smooth Stone"],"acts_visited":["Exordium","TheCity","TheBeyond"],"potions_floor_usage":[22,33,33,33,33,37,42,42,50,50,50],"damage_taken":[{"damage":0,"enemies":"Small Slimes","floor":1,"turns":1},{"damage":0,"enemies":"Jaw Worm","floor":2,"turns":1},{"damage":0,"enemies":"2 Louse","floor":4,"turns":1},{"damage":11,"enemies":"Exordium Wildlife","floor":10,"turns":2},{"damage":0,"enemies":"3 Louse","floor":13,"turns":1},{"damage":5,"enemies":"Slime Boss","floor":16,"turns":4},{"damage":27,"enemies":"2 Thieves","floor":18,"turns":3},{"damage":0,"enemies":"Shell Parasite","floor":19,"turns":2},{"damage":18,"enemies":"Cultist and Chosen","floor":21,"turns":2},{"damage":12,"enemies":"Centurion and Healer","floor":22,"turns":3},{"damage":0,"enemies":"Book of Stabbing","floor":23,"turns":5},{"damage":0,"enemies":"Sentry and Sphere","floor":28,"turns":4},{"damage":0,"enemies":"Snake Plant","floor":31,"turns":1},{"damage":0,"enemies":"Automaton","floor":33,"turns":5},{"damage":0,"enemies":"Orb Walker","floor":35,"turns":1},{"damage":0,"enemies":"3 Shapes","floor":36,"turns":4},{"damage":0,"enemies":"2 Orb Walkers","floor":37,"turns":5},{"damage":0,"enemies":"Spire Growth","floor":38,"turns":4},{"damage":0,"enemies":"3 Darklings","floor":39,"turns":4},{"damage":0,"enemies":"Sphere and 2 Shapes","floor":42,"turns":3},{"damage":0,"enemies":"Reptomancer","floor":44,"turns":2},{"damage":6,"enemies":"Giant Head","floor":46,"turns":7},{"damage":11,"enemies":"Time Eater","floor":50,"turns":4}],"seed_played":"-8136925521176778862","potions_obtained":[{"floor":10,"key":"Ancient Potion"},{"floor":16,"key":"EntropicBrew"},{"floor":18,"key":"BottledMiracle"},{"floor":23,"key":"SmokeBomb"},{"floor":33,"key":"ColorlessPotion"},{"floor":37,"key":"AttackPotion"},{"floor":42,"key":"DuplicationPotion"},{"floor":44,"key":"ColorlessPotion"},{"floor":46,"key":"Energy Potion"}],"is_trial":false,"path_per_floor":["M","M","$","M","?","R","?","R","T","M","T","?","M","$","R","B",null,"M","M","?","M","M","E","$","R","T","$","M","$","R","M","R","B",null,"M","M","?","M","M","$","?","M","T","E","R","E","$","?","R","B",null],"character_chosen":"WATCHER","items_purchased":["ClockworkSouvenir","Bottled Lightning","Lantern","DollysMirror","Apotheosis","Oddly Smooth Stone"],"campfire_rested":0,"item_purchase_floors":[24,27,40,40,47,47],"current_hp_per_floor":[72,72,72,75,69,69,69,69,69,62,62,62,62,62,62,60,72,48,48,73,58,56,56,71,71,71,78,78,78,78,78,78,81,81,81,81,81,81,81,81,91,91,91,91,91,91,91,91,91,80],"gold":25,"neow_bonus":"","is_daily":true,"chose_seed":false,"campfire_upgraded":8,"win_rate":0.0,"timestamp":1609824210,"path_taken":["M","M","$","M","?","R","?","R","T","M","?","?","M","$","R","BOSS","M","M","?","M","M","E","$","R","T","$","M","$","R","M","R","BOSS","M","M","?","M","M","$","?","?","T","E","R","E","?","?","R","BOSS"],"items_purchased_type":["Relic","Relic","Relic","Relic","Card","Relic"],"build_version":"2020-12-22","purchased_purges":4,"victory":true,"max_hp_per_floor":[72,72,72,75,69,69,69,69,69,69,69,69,69,69,69,72,72,75,75,75,78,78,78,78,78,78,78,78,78,78,78,78,81,81,81,81,81,81,81,81,91,91,91,91,91,91,91,91,91,91],"card_choices":[{"not_picked":["Headbutt","Armaments","Clothesline"],"picked":"SKIP","floor":1},{"not_picked":["Conclude","JustLucky","MasterReality"],"picked":"SKIP","floor":2},{"not_picked":["Pray","MentalFortress","WheelKick"],"picked":"SKIP","floor":4},{"not_picked":["FlyingSleeves","Havoc","Bloodletting"],"picked":"SKIP","floor":10},{"not_picked":["Indignation","FlyingSleeves","Whirlwind"],"picked":"SKIP","floor":13},{"not_picked":["Bludgeon","Offering"],"picked":"Feed","floor":16},{"not_picked":["EmptyFist+1","TalkToTheHand","Clash"],"picked":"SKIP","floor":18},{"not_picked":["Hemokinesis","TalkToTheHand","Halt+1"],"picked":"SKIP","floor":19},{"not_picked":["Blood for Blood","Entrench","Reckless Charge"],"picked":"SKIP","floor":21},{"not_picked":["EmptyBody","Consecrate","Heavy Blade"],"picked":"SKIP","floor":22},{"not_picked":["Fasting2+1","Scrawl","True Grit"],"picked":"SKIP","floor":23},{"not_picked":["WreathOfFlame","Clothesline+1","Wireheading"],"picked":"SKIP","floor":28},{"not_picked":["Armaments","BowlingBash+1","Conclude+1"],"picked":"SKIP","floor":31},{"not_picked":["Offering","Judgement"],"picked":"Immolate+1","floor":33},{"not_picked":["Heavy Blade+1","Havoc"],"picked":"SandsOfTime+1","floor":35},{"not_picked":["BowlingBash+1","Body Slam+1","Flex+1"],"picked":"SKIP","floor":36},{"not_picked":["Warcry+1","Twin Strike+1"],"picked":"Body Slam+1","floor":37},{"not_picked":["Crescendo","Twin Strike+1","Corruption"],"picked":"SKIP","floor":38},{"not_picked":["LikeWater","Protect","Wild Strike+1"],"picked":"SKIP","floor":39},{"not_picked":["Disarm","Sever Soul+1","Shockwave"],"picked":"SKIP","floor":42},{"not_picked":["Perfected Strike+1","Crescendo+1","Dark Embrace"],"picked":"SKIP","floor":44},{"not_picked":["ThirdEye","FearNoEvil+1","BowlingBash+1"],"picked":"SKIP","floor":46}],"player_experience":713785,"relics_obtained":[{"floor":9,"key":"Kunai"},{"floor":11,"key":"Ornamental Fan"},{"floor":23,"key":"MealTicket"},{"floor":26,"key":"Molten Egg 2"},{"floor":37,"key":"Unceasing Top"},{"floor":43,"key":"Bag of Preparation"},{"floor":44,"key":"Darkstone Periapt"},{"floor":46,"key":"Blood Vial"}],"event_choices":[{"damage_healed":0,"gold_gain":0,"player_choice":"Lose Max HP","damage_taken":0,"relics_obtained":["Golden Idol"],"max_hp_gain":0,"max_hp_loss":6,"event_name":"Golden Idol","floor":5,"gold_loss":0},{"damage_healed":0,"gold_gain":175,"player_choice":"AGREE","damage_taken":0,"max_hp_gain":0,"max_hp_loss":0,"event_name":"Liars Game","floor":7,"gold_loss":0,"cards_obtained":["Doubt"]},{"cards_removed":["Doubt"],"damage_healed":0,"gold_gain":0,"player_choice":"Card Removal","damage_taken":0,"max_hp_gain":0,"max_hp_loss":0,"event_name":"The Cleric","floor":12,"gold_loss":50},{"damage_healed":25,"gold_gain":0,"player_choice":"Heal","damage_taken":0,"max_hp_gain":0,"max_hp_loss":0,"event_name":"The Library","floor":20,"gold_loss":0},{"damage_healed":0,"gold_gain":0,"player_choice":"Fight","damage_taken":0,"max_hp_gain":0,"max_hp_loss":0,"event_name":"Mysterious Sphere","floor":37,"gold_loss":0},{"cards_removed":["Feed"],"damage_healed":0,"gold_gain":0,"player_choice":"Offered Rare","damage_taken":0,"max_hp_gain":10,"max_hp_loss":0,"event_name":"Bonfire Elementals","floor":41,"gold_loss":0},{"damage_healed":0,"gold_gain":0,"player_choice":"Full Heal","damage_taken":0,"max_hp_gain":0,"max_hp_loss":0,"event_name":"Wheel of Change","floor":48,"gold_loss":0}],"is_beta":false,"boss_relics":[{"not_picked":["Philosopher\u0027s Stone","Astrolabe"],"picked":"Snecko Eye"},{"not_picked":["Empty Cage","Black Star"],"picked":"Runic Pyramid"}],"items_purged_floors":[14,24,27,29],"is_endless":false,"potions_floor_spawned":[10,16,18,21,23,33,37,42,44,46],"ascension_level":0}}