{"host":"h5acbxt0wmjo1kpm","time":1609845949,"event":{"mods":["2.2 Compatiblity","Act Like it!","AlwaysNeverKeys","Aspiration","Bard","Bartender","BaseMod","Better Third Choice","Colored Map","Elementarium","Gensokyo","GifTheSpireLib","Hallownest","Marisa????????","Menagerie","Minty Spire (QoL Compilation)","Permanent Neow","Potionbrewer","Relic Filter","Remilia??????","Replay The Spire","Robot Space Explorer","RumiaBox-????????","Shade Mod","Spicy Shops","StSLib","Strawberry Spire","The Blackbeard","The Dragon Tamer","The Gatherer","The Hayseed","The Problem Sleuth","The Servant 0.9.4","Wandering Minibosses","vexMod"],"gold_per_floor":[117,68,88,88,100,100,100],"floor_reached":6,"playtime":449,"items_purged":[],"score":61,"play_id":"b8c40227-ec0f-406d-a2c3-a9fca61c95d8","local_time":"20210105032549","is_ascension_mode":true,"campfire_choices":[],"circlet_count":0,"master_deck":["AscendersBane","TheSimpletonMod:Strike_TheSimpleton","TheSimpletonMod:Strike_TheSimpleton","TheSimpletonMod:Strike_TheSimpleton","TheSimpletonMod:Strike_TheSimpleton","TheSimpletonMod:Defend_TheSimpleton","TheSimpletonMod:Defend_TheSimpleton","TheSimpletonMod:Defend_TheSimpleton","TheSimpletonMod:Defend_TheSimpleton","TheSimpletonMod:Haymaker","TheSimpletonMod:ReapAndSow","TheSimpletonMod:Photosynthesis","TheSimpletonMod:Ferment","TheSimpletonMod:Potatoes","TheSimpletonMod:CloseScrape","TheSimpletonMod:Swelter"],"relics":["TheSimpletonMod:SpudOfTheInnocent","TheSimpletonMod:NightSoil","TheSimpletonMod:TheHarvester","Hallownest:DreamNailRelic"],"acts_visited":["Hallownest:Greenpath"],"potions_floor_usage":[],"damage_taken":[{"damage":12,"enemies":"Hallownest:monsterHuskGuard","floor":1,"turns":5},{"damage":11,"enemies":"Hallownest:2_Baldur","floor":3,"turns":6},{"damage":27,"enemies":"Hallownest:2_MossCreeps","floor":5,"turns":7},{"damage":19,"enemies":"Hallownest:eliteMossKnight","floor":6,"turns":6}],"seed_played":"-8355151458686792610","potions_obtained":[{"floor":1,"key":"Elixir"}],"is_trial":false,"path_per_floor":["M","$","M","?","M","E"],"character_chosen":"THE_SIMPLETON","items_purchased":["TheSimpletonMod:Potatoes"],"campfire_rested":0,"item_purchase_floors":[2],"current_hp_per_floor":[56,56,49,49,26,11,11],"gold":100,"neow_bonus":"ONE_RANDOM_RARE_CARD","is_daily":false,"chose_seed":false,"campfire_upgraded":0,"win_rate":0.0,"timestamp":1609845949,"path_taken":["M","$","M","?","M","E"],"items_purchased_type":["Card"],"build_version":"2020-12-22","purchased_purges":0,"victory":false,"max_hp_per_floor":[71,71,71,71,71,71,71],"card_choices":[{"not_picked":["TheSimpletonMod:GoToMarket","TheSimpletonMod:Rototilling"],"picked":"TheSimpletonMod:Ferment","floor":1},{"not_picked":["TheSimpletonMod:SaladShooter","TheSimpletonMod:Mulch"],"picked":"TheSimpletonMod:CloseScrape","floor":3},{"not_picked":["TheSimpletonMod:Rototilling","TheSimpletonMod:Polyculture"],"picked":"TheSimpletonMod:Swelter","floor":5}],"player_experience":2151721,"relics_obtained":[],"event_choices":[],"is_beta":false,"boss_relics":[],"items_purged_floors":[],"is_endless":false,"potions_floor_spawned":[1],"killed_by":"Hallownest:eliteMossKnight","ascension_level":14}}