{"host":"4rvakrj1idbgia3f","time":1609808800,"event":{"mods":["BaseMod","Colored Map","Colored Powertips","DeckTracker","Highlight Path","Minty Spire (QoL Compilation)","Random Character Button","StSLib"],"gold_per_floor":[114,114,114,114,114,114,71,100,100,126,140,140,165,195,195,272,272,289,289,289],"floor_reached":19,"playtime":511,"items_purged":[],"score":462,"play_id":"8ab47a78-80f0-41a6-9040-e15b2eac32eb","local_time":"20210105100640","is_ascension_mode":true,"campfire_choices":[{"data":"Bash","floor":6,"key":"SMITH"},{"data":"Evolve","floor":12,"key":"SMITH"},{"data":"Fire Breathing","floor":15,"key":"SMITH"}],"circlet_count":0,"master_deck":["AscendersBane","Strike_R","Strike_R","Strike_R+1","Strike_R+1","Strike_R","Defend_R","Defend_R","Defend_R","Bash+1","Spot Weakness","Fire Breathing+1","Pummel","Evolve+1","Shrug It Off","Barricade","Twin Strike"],"relics":["Burning Blood","NeowsBlessing","Letter Opener","Eternal Feather","Lantern","Toy Ornithopter","Dream Catcher","Coffee Dripper"],"acts_visited":["Exordium","TheCity"],"potions_floor_usage":[16],"damage_taken":[{"damage":0,"enemies":"Cultist","floor":1,"turns":1},{"damage":0,"enemies":"Lagavulin","floor":8,"turns":1},{"damage":0,"enemies":"3 Sentries","floor":10,"turns":1},{"damage":0,"enemies":"Small Slimes","floor":11,"turns":2},{"damage":32,"enemies":"Gremlin Nob","floor":14,"turns":4},{"damage":27,"enemies":"Slime Boss","floor":16,"turns":7},{"damage":47,"enemies":"2 Thieves","floor":18,"turns":4},{"damage":40,"enemies":"Masked Bandits","floor":19,"turns":3}],"seed_played":"8251733565879242849","potions_obtained":[{"floor":8,"key":"Energy Potion"},{"floor":10,"key":"ColorlessPotion"}],"is_trial":false,"path_per_floor":["M","?","?","?","?","R","$","E","T","E","M","R","T","E","R","B",null,"M","?"],"character_chosen":"IRONCLAD","items_purchased":["Fire Breathing"],"campfire_rested":0,"item_purchase_floors":[7],"current_hp_per_floor":[74,74,67,44,49,49,49,55,55,61,67,76,76,50,59,43,71,30,0,0],"gold":289,"neow_bonus":"THREE_ENEMY_KILL","is_daily":false,"chose_seed":false,"campfire_upgraded":3,"win_rate":0.0,"timestamp":1609808800,"path_taken":["M","?","?","?","?","R","$","E","T","E","M","R","?","E","R","BOSS","M","?"],"items_purchased_type":["Card"],"build_version":"2020-12-22","purchased_purges":0,"victory":false,"max_hp_per_floor":[75,75,75,75,80,80,80,80,80,80,80,80,80,80,80,80,80,80,80,80],"card_choices":[{"not_picked":["Wild Strike","Flex"],"picked":"Spot Weakness","floor":1},{"not_picked":["Body Slam","Havoc"],"picked":"Pummel","floor":8},{"not_picked":["Thunderclap","Double Tap"],"picked":"Evolve","floor":10},{"not_picked":["Ghostly Armor","Infernal Blade"],"picked":"Shrug It Off","floor":11},{"not_picked":["Anger","Barricade","Dropkick"],"picked":"SKIP","floor":14},{"not_picked":["Bludgeon","Brutality"],"picked":"Barricade","floor":16},{"not_picked":["Flex","Pommel Strike"],"picked":"Twin Strike","floor":18}],"player_experience":1941451,"relics_obtained":[{"floor":8,"key":"Letter Opener"},{"floor":9,"key":"Eternal Feather"},{"floor":10,"key":"Lantern"},{"floor":13,"key":"Toy Ornithopter"},{"floor":14,"key":"Dream Catcher"}],"event_choices":[{"damage_healed":0,"gold_gain":0,"player_choice":"Ignored","damage_taken":0,"max_hp_gain":0,"max_hp_loss":0,"event_name":"Liars Game","floor":2,"gold_loss":0},{"cards_removed":["Defend_R"],"damage_healed":0,"gold_gain":0,"player_choice":"Card Removal","damage_taken":7,"max_hp_gain":0,"max_hp_loss":0,"event_name":"Golden Wing","floor":3,"gold_loss":0},{"damage_healed":0,"gold_gain":0,"player_choice":"Entered Light","damage_taken":23,"max_hp_gain":0,"max_hp_loss":0,"event_name":"Shining Light","floor":4,"gold_loss":0,"cards_upgraded":["Strike_R","Strike_R"]},{"damage_healed":0,"gold_gain":0,"player_choice":"Donut","damage_taken":0,"max_hp_gain":5,"max_hp_loss":0,"event_name":"Big Fish","floor":5,"gold_loss":0},{"damage_healed":0,"gold_gain":0,"player_choice":"Fought Bandits","damage_taken":0,"max_hp_gain":0,"max_hp_loss":0,"event_name":"Masked Bandits","floor":19,"gold_loss":0}],"is_beta":false,"boss_relics":[{"not_picked":["Tiny House","Runic Dome"],"picked":"Coffee Dripper"}],"items_purged_floors":[],"is_endless":false,"potions_floor_spawned":[8,10,14],"killed_by":"Masked Bandits","ascension_level":20}}