{"host":"fnk117zi8wf5078t","time":1609831786,"event":{"mods":["AchievementEnabler","BaseMod","Colored Map","Minty Spire (QoL Compilation)","Rare Cards Sparkle","SuperFastMode","everything is the same but u backflip on backflip"],"gold_per_floor":[111,111,111,128,128,163,178,178,203,213,213,138,95,170,170,244,244,261,280,294,182,182,182,214,226,226,226,151,151,162,182,182,253,253,270,287,287,287,298,298,312,132,156,181,181,3,20,0,0,0,0],"floor_reached":50,"playtime":1669,"items_purged":["Defend_R","Writhe","Parasite"],"score":922,"play_id":"2da407bf-2ca2-485f-94f5-3a6d122673ea","local_time":"20210105162946","is_ascension_mode":true,"campfire_choices":[{"data":"Spot Weakness","floor":8.0,"key":"SMITH"},{"floor":15.0,"key":"REST"},{"floor":23.0,"key":"REST"},{"floor":29.0,"key":"REST"},{"data":"Rupture","floor":32.0,"key":"SMITH"},{"floor":40,"key":"REST"},{"data":"Rupture","floor":45,"key":"SMITH"},{"floor":49,"key":"REST"}],"circlet_count":0,"master_deck":["AscendersBane","Strike_R","Defend_R","Defend_R","Defend_R","Bash","Spot Weakness+1","Pummel","Rupture+1","Anger","Offering","Whirlwind+1","Hemokinesis+1","Combust","Seeing Red","Shockwave","Exhume","Headbutt","Rupture+1","Madness","Madness","Battle Trance","Anger"],"relics":["Burning Blood","NeowsBlessing","Blood Vial","Meat on the Bone","Regal Pillow","Philosopher\u0027s Stone","HornCleat","Juzu Bracelet","Paper Frog","Busted Crown","MealTicket","Calipers","Red Mask"],"acts_visited":["Exordium","TheCity","TheBeyond"],"potions_floor_usage":[33,36,39,47,50],"damage_taken":[{"damage":0.0,"enemies":"Jaw Worm","floor":1.0,"turns":1.0},{"damage":0.0,"enemies":"2 Louse","floor":4.0,"turns":1.0},{"damage":0.0,"enemies":"Gremlin Nob","floor":6.0,"turns":1.0},{"damage":12.0,"enemies":"Cultist","floor":7.0,"turns":4.0},{"damage":14.0,"enemies":"3 Louse","floor":10.0,"turns":3.0},{"damage":33.0,"enemies":"Slime Boss","floor":16.0,"turns":8.0},{"damage":35.0,"enemies":"Shell Parasite","floor":18.0,"turns":4.0},{"damage":14.0,"enemies":"3 Byrds","floor":19.0,"turns":4.0},{"damage":8.0,"enemies":"Centurion and Healer","floor":20.0,"turns":3.0},{"damage":40.0,"enemies":"Slavers","floor":24.0,"turns":2.0},{"damage":45.0,"enemies":"Shelled Parasite and Fungi","floor":25.0,"turns":3.0},{"damage":9.0,"enemies":"Snecko","floor":30.0,"turns":3.0},{"damage":33.0,"enemies":"Centurion and Healer","floor":31.0,"turns":2.0},{"damage":47,"enemies":"Automaton","floor":33,"turns":6},{"damage":26,"enemies":"Orb Walker","floor":35,"turns":3},{"damage":29,"enemies":"3 Darklings","floor":36,"turns":3},{"damage":16,"enemies":"Writhing Mass","floor":39,"turns":3},{"damage":58,"enemies":"4 Shapes","floor":41,"turns":3},{"damage":26,"enemies":"Mind Bloom Boss Battle","floor":44,"turns":5},{"damage":12,"enemies":"3 Darklings","floor":47,"turns":3},{"damage":82,"enemies":"Donu and Deca","floor":50,"turns":4}],"seed_played":"4419671346868834702","potions_obtained":[{"floor":1.0,"key":"Weak Potion"},{"floor":3.0,"key":"CultistPotion"},{"floor":3.0,"key":"ColorlessPotion"},{"floor":19.0,"key":"FairyPotion"},{"floor":20.0,"key":"Strength Potion"},{"floor":31.0,"key":"SteroidPotion"},{"floor":35,"key":"ColorlessPotion"},{"floor":36,"key":"DistilledChaos"},{"floor":47,"key":"Explosive Potion"}],"is_trial":false,"path_per_floor":["M","?","?","M","?","E","M","R","T","M","?","?","$","?","R","B",null,"M","M","M","$","?","R","E","M","T","?","?","R","M","M","R","B",null,"M","M","?","?","M","R","M","$","T","?","R","$","M","?","R","B"],"character_chosen":"IRONCLAD","items_purchased":["Fire Breathing","Combust","Battle Trance","Block Potion"],"campfire_rested":5,"item_purchase_floors":[13,21,42,46],"current_hp_per_floor":[74,48,48,56,56,64,60,60,60,54,47,47,47,36,73,48,68,53,47,47,47,47,75,53,28,28,28,28,65,64,51,51,24,62,44,35,21,21,25,62,24,24,24,40,40,55,51,51,72,0,0],"gold":0,"neow_bonus":"THREE_ENEMY_KILL","is_daily":false,"chose_seed":false,"campfire_upgraded":3,"win_rate":0.0,"timestamp":1609831786,"path_taken":["M","?","?","?","?","E","M","R","T","M","?","?","?","?","R","BOSS","M","M","M","$","?","R","E","M","T","?","?","R","M","M","R","BOSS","M","M","?","?","M","R","M","?","T","?","R","$","M","?","R","BOSS"],"items_purchased_type":["Card","Card","Card","Potion"],"build_version":"2020-12-22","purchased_purges":3,"victory":false,"max_hp_per_floor":[75,75,75,75,75,75,75,75,75,75,75,75,75,75,75,75,75,75,75,75,75,75,75,75,75,75,75,75,75,75,75,75,75,75,75,75,75,75,75,75,75,75,75,75,75,72,72,72,72,72,72],"card_choices":[{"not_picked":["Armaments","Carnage"],"picked":"Spot Weakness","floor":1.0},{"not_picked":["Reckless Charge","Perfected Strike"],"picked":"Pummel","floor":4.0},{"not_picked":["Thunderclap","Seeing Red"],"picked":"Rupture","floor":6.0},{"not_picked":["Warcry","Rage","Wild Strike"],"picked":"SKIP","floor":7.0},{"not_picked":["Armaments","Dark Embrace"],"picked":"Anger","floor":10.0},{"not_picked":["Exhume","Corruption"],"picked":"Offering","floor":16.0},{"not_picked":["Havoc","Rage"],"picked":"Whirlwind+1","floor":18.0},{"not_picked":["Bloodletting","Fire Breathing"],"picked":"Hemokinesis+1","floor":19.0},{"not_picked":["Body Slam","Cleave","Havoc"],"picked":"SKIP","floor":20.0},{"not_picked":["Barricade","Bloodletting"],"picked":"Seeing Red","floor":24.0},{"not_picked":["Sword Boomerang","Perfected Strike","Pommel Strike"],"picked":"SKIP","floor":25.0},{"not_picked":["Perfected Strike","Dark Embrace+1"],"picked":"Shockwave","floor":30.0},{"not_picked":["Thunderclap","Evolve","Power Through"],"picked":"SKIP","floor":31.0},{"not_picked":["Immolate","Impervious"],"picked":"Exhume","floor":33},{"not_picked":[],"picked":"Headbutt","floor":35},{"not_picked":[],"picked":"Rupture","floor":36},{"not_picked":["Headbutt+1"],"picked":"SKIP","floor":39},{"not_picked":["Sever Soul"],"picked":"SKIP","floor":41},{"not_picked":[],"picked":"Anger","floor":47}],"player_experience":353318,"relics_obtained":[{"floor":6.0,"key":"Meat on the Bone"},{"floor":9.0,"key":"Regal Pillow"},{"floor":24.0,"key":"Juzu Bracelet"},{"floor":26.0,"key":"Paper Frog"},{"floor":43,"key":"MealTicket"},{"floor":44,"key":"Calipers"}],"event_choices":[{"damage_healed":0.0,"max_hp_gain":0.0,"max_hp_loss":0.0,"gold_gain":0.0,"event_name":"Scrap Ooze","player_choice":"Success","floor":2.0,"gold_loss":0.0,"damage_taken":26.0,"relics_obtained":["Blood Vial"]},{"damage_healed":0.0,"max_hp_gain":0.0,"max_hp_loss":0.0,"gold_gain":0.0,"event_name":"Lab","player_choice":"Got Potions","floor":3.0,"gold_loss":0.0,"damage_taken":0.0},{"cards_removed":["Strike_R"],"damage_healed":0.0,"max_hp_gain":0.0,"max_hp_loss":0.0,"gold_gain":0.0,"event_name":"Living Wall","player_choice":"Forget","floor":5.0,"gold_loss":0.0,"damage_taken":0.0},{"cards_removed":["Strike_R"],"damage_healed":0.0,"max_hp_gain":0.0,"max_hp_loss":0.0,"gold_gain":0.0,"event_name":"Golden Wing","player_choice":"Card Removal","floor":11.0,"gold_loss":0.0,"damage_taken":7.0},{"cards_removed":["Strike_R"],"damage_healed":0.0,"max_hp_gain":0.0,"max_hp_loss":0.0,"gold_gain":0.0,"event_name":"The Cleric","player_choice":"Card Removal","floor":12.0,"gold_loss":75.0,"damage_taken":0.0},{"damage_healed":0.0,"max_hp_gain":0.0,"max_hp_loss":0.0,"gold_gain":75.0,"event_name":"World of Goop","player_choice":"Gather Gold","floor":14.0,"gold_loss":0.0,"damage_taken":11.0},{"damage_healed":0.0,"max_hp_gain":0.0,"max_hp_loss":0.0,"gold_gain":0.0,"event_name":"The Mausoleum","player_choice":"Opened","floor":22.0,"gold_loss":0.0,"damage_taken":0.0,"relics_obtained":["HornCleat"],"cards_obtained":["Writhe"]},{"damage_healed":0.0,"max_hp_gain":0.0,"max_hp_loss":0.0,"gold_gain":0.0,"event_name":"Cursed Tome","player_choice":"Ignored","floor":27.0,"gold_loss":0.0,"damage_taken":0.0},{"cards_removed":["Fire Breathing"],"damage_healed":0.0,"max_hp_gain":0.0,"max_hp_loss":0.0,"gold_gain":0.0,"event_name":"Beggar","player_choice":"Gave Gold","floor":28.0,"gold_loss":75.0,"damage_taken":0.0},{"damage_healed":0,"gold_gain":0,"player_choice":"Embrace Madness","damage_taken":14,"max_hp_gain":0,"max_hp_loss":0,"event_name":"Winding Halls","floor":37,"gold_loss":0,"cards_obtained":["Madness","Madness"]},{"cards_removed":["Strike_R"],"damage_healed":0,"gold_gain":0,"player_choice":"Removed Attack","damage_taken":0,"max_hp_gain":0,"max_hp_loss":0,"event_name":"Falling","floor":38,"gold_loss":0},{"damage_healed":0,"gold_gain":0,"player_choice":"Fight","damage_taken":0,"max_hp_gain":0,"max_hp_loss":0,"event_name":"MindBloom","floor":44,"gold_loss":0},{"damage_healed":0,"gold_gain":0,"player_choice":"Paid","damage_taken":0,"relics_obtained":["Red Mask"],"max_hp_gain":0,"max_hp_loss":0,"event_name":"Tomb of Lord Red Mask","floor":48,"gold_loss":20}],"is_beta":false,"boss_relics":[{"not_picked":["Astrolabe","Tiny House"],"picked":"Philosopher\u0027s Stone"},{"not_picked":["Coffee Dripper","Velvet Choker"],"picked":"Busted Crown"}],"items_purged_floors":[21,42,46],"is_endless":false,"potions_floor_spawned":[1,4,7,19,20,30,31,35,36,47],"killed_by":"Donu and Deca","ascension_level":17}}