{"host":"359hz4210ybch7ku","time":1609815929,"event":{"mods":["BaseMod","Block Reminder","Colored Map","Colored Powertips","Highlight Path","Minty Spire (QoL Compilation)","Slay the Relics Exporter","StSLib"],"gold_per_floor":[113,113,125,3,18,49,49,4,4,22,22,22,33,53,53,149,199,213,213,227,247,247,247],"floor_reached":22,"playtime":1471,"items_purged":["Pain"],"score":274,"play_id":"1a633d6a-a643-44ca-94f4-461cf31a5553","local_time":"20210104190529","is_ascension_mode":true,"campfire_choices":[{"data":"PathToVictory","floor":7,"key":"SMITH"},{"data":"PathToVictory","floor":12,"key":"SMITH"},{"data":"Consecrate","floor":15,"key":"SMITH"}],"circlet_count":0,"master_deck":["Strike_P","Strike_P","Strike_P","Defend_P","Defend_P","Defend_P+1","Defend_P","Eruption","Vigilance","PathToVictory+1","FlyingSleeves","Consecrate+1","PathToVictory+1","Consecrate+1","SashWhip+1","Meditate+1","PathToVictory+1","Alpha+1","TalkToTheHand+1","Wireheading","Sanctity+1"],"relics":["PureWater","NeowsBlessing","WarpedTongs","Molten Egg 2","Toxic Egg 2","Tiny House"],"acts_visited":["TheCity"],"potions_floor_usage":[6,16,18,20,22],"damage_taken":[{"damage":0,"enemies":"Cultist","floor":1,"turns":1},{"damage":2,"enemies":"Small Slimes","floor":3,"turns":1},{"damage":0,"enemies":"2 Louse","floor":5,"turns":1},{"damage":20,"enemies":"3 Sentries","floor":6,"turns":5},{"damage":11,"enemies":"Exordium Thugs","floor":10,"turns":5},{"damage":0,"enemies":"Large Slime","floor":13,"turns":2},{"damage":0,"enemies":"2 Fungi Beasts","floor":14,"turns":2},{"damage":0,"enemies":"Slime Boss","floor":16,"turns":4},{"damage":17,"enemies":"Shell Parasite","floor":18,"turns":4},{"damage":22,"enemies":"2 Thieves","floor":20,"turns":3},{"damage":14,"enemies":"Centurion and Healer","floor":21,"turns":4},{"damage":29,"enemies":"Snake Plant","floor":22,"turns":2}],"seed_played":"8929731898332413706","potions_obtained":[{"floor":3,"key":"Explosive Potion"},{"floor":10,"key":"Energy Potion"},{"floor":14,"key":"Ambrosia"},{"floor":17,"key":"Swift Potion"},{"floor":21,"key":"BottledMiracle"}],"is_trial":false,"path_per_floor":["M","?","M","$","M","E","R","$","T","M","?","R","M","M","R","B",null,"M","?","M","M","M"],"character_chosen":"WATCHER","items_purchased":["Consecrate","Consecrate+1"],"campfire_rested":0,"item_purchase_floors":[4,8],"current_hp_per_floor":[72,72,70,70,70,50,50,50,50,39,39,39,39,39,39,39,77,60,60,38,24,0,0],"gold":247,"neow_bonus":"THREE_ENEMY_KILL","is_daily":false,"chose_seed":false,"campfire_upgraded":3,"win_rate":0.0,"timestamp":1609815929,"path_taken":["M","?","M","?","M","E","R","$","T","?","?","R","M","M","R","BOSS","M","?","M","M","M"],"items_purchased_type":["Card","Card"],"build_version":"2020-12-22","purchased_purges":1,"victory":false,"max_hp_per_floor":[72,72,72,72,72,72,72,72,72,72,72,72,72,72,72,72,77,77,77,77,77,77,77],"card_choices":[{"not_picked":["ThirdEye","FollowUp"],"picked":"PathToVictory","floor":1},{"not_picked":["FollowUp","Vengeance"],"picked":"FlyingSleeves","floor":3},{"not_picked":["CrushJoints","Halt"],"picked":"PathToVictory","floor":5},{"not_picked":["ClearTheMind","Crescendo","Omniscience"],"picked":"SKIP","floor":6},{"not_picked":["BowlingBash+1","CrushJoints+1"],"picked":"SashWhip+1","floor":10},{"not_picked":["FlyingSleeves+1","Evaluate+1"],"picked":"Meditate+1","floor":13},{"not_picked":["WheelKick+1","Consecrate+1"],"picked":"PathToVictory+1","floor":14},{"not_picked":["SpiritShield+1","Omniscience+1"],"picked":"Alpha+1","floor":16},{"not_picked":["FollowUp+1","WheelKick+1"],"picked":"TalkToTheHand+1","floor":17},{"not_picked":["FollowUp+1","JustLucky+1","EmptyFist+1"],"picked":"SKIP","floor":18},{"not_picked":["Prostrate+1","PathToVictory+1"],"picked":"Sanctity+1","floor":20},{"not_picked":["InnerPeace+1","Vengeance+1","BowlingBash+1"],"picked":"SKIP","floor":21}],"player_experience":142516,"relics_obtained":[{"floor":6,"key":"Molten Egg 2"},{"floor":9,"key":"Toxic Egg 2"}],"event_choices":[{"damage_healed":0,"gold_gain":0,"player_choice":"Rummage","damage_taken":0,"relics_obtained":["WarpedTongs"],"max_hp_gain":0,"max_hp_loss":0,"event_name":"Accursed Blacksmith","floor":2,"gold_loss":0,"cards_obtained":["Pain"]},{"cards_removed":["Strike_P"],"damage_healed":0,"gold_gain":0,"player_choice":"Forget","damage_taken":0,"max_hp_gain":0,"max_hp_loss":0,"event_name":"Living Wall","floor":11,"gold_loss":0},{"damage_healed":0,"gold_gain":0,"player_choice":"Read","damage_taken":0,"max_hp_gain":0,"max_hp_loss":0,"event_name":"The Library","floor":19,"gold_loss":0,"cards_obtained":["Wireheading"]}],"is_beta":false,"boss_relics":[{"not_picked":["SacredBark","Velvet Choker"],"picked":"Tiny House"}],"items_purged_floors":[4],"is_endless":false,"potions_floor_spawned":[3,10,14,21],"killed_by":"Snake Plant","ascension_level":3}}