{"host":"ttzdpsscxkem3xrs","time":1609840647,"event":{"mods":["BaseMod","Colored Map","Downfall","Minty Spire (QoL Compilation)","Replay The Spire","StSLib","The Cursed","The Hierophant"],"gold_per_floor":[114,128,192,205,205,229,229,24,24,44,119,139,165,185,185,125,125],"floor_reached":16,"playtime":679,"items_purged":["hierophant:Strike_Hierophant"],"score":112,"play_id":"efd1128a-4989-4869-a410-ec6452936881","local_time":"20210105015727","is_ascension_mode":false,"campfire_choices":[{"floor":7,"key":"REST"},{"floor":15,"key":"REST"}],"circlet_count":0,"master_deck":["hierophant:Strike_Hierophant","hierophant:Strike_Hierophant","hierophant:Strike_Hierophant","hierophant:Punish","hierophant:Defend_Hierophant","hierophant:Defend_Hierophant","hierophant:Defend_Hierophant","hierophant:Defend_Hierophant","hierophant:ChurchCoffers","hierophant:Rebuild","hierophant:Endure","hierophant:Zeal","hierophant:MorningPrayer","hierophant:Zeal+1","hierophant:Bribe","hierophant:FlamingChariot+1","hierophant:Exaltation","hierophant:MorningPrayer","hierophant:Shelter"],"relics":["hierophant:PropheticMaskRelic","NeowsBlessing","Replay:Bottled Snecko","Molten Egg 2","BargainBundle","Mercury Hourglass","Ginger"],"acts_visited":["Exordium"],"potions_floor_usage":[6,6,13,13],"damage_taken":[{"damage":0,"enemies":"Small Slimes","floor":1,"turns":1},{"damage":0,"enemies":"2 Louse","floor":2,"turns":1},{"damage":0,"enemies":"Jaw Worm","floor":4,"turns":1},{"damage":10,"enemies":"3 Sentries","floor":6,"turns":9},{"damage":0,"enemies":"Looter","floor":10,"turns":2},{"damage":0,"enemies":"Gremlin Gang","floor":12,"turns":1},{"damage":5,"enemies":"Gremlin Nob","floor":13,"turns":3},{"damage":0,"enemies":"Blue Slaver","floor":14,"turns":4},{"damage":20,"enemies":"Hexaghost","floor":16,"turns":12}],"seed_played":"3027321688884842556","potions_obtained":[{"floor":2,"key":"Adrenaline Potion"},{"floor":3,"key":"Swift Potion"},{"floor":6,"key":"Toxic Potion"},{"floor":13,"key":"LiquidBronze"}],"is_trial":false,"path_per_floor":["M","M","?","M","?","E","R","$","T","M","?","M","E","M","R","B"],"character_chosen":"HIEROPHANT","items_purchased":["BargainBundle","AttackPotion","Swift Potion","hierophant:Bribe","hierophant:FlamingChariot+1"],"campfire_rested":2,"item_purchase_floors":[8,8,8,8,8],"current_hp_per_floor":[75,75,45,45,45,35,57,57,57,57,46,46,41,41,63,43,43],"gold":125,"neow_bonus":"THREE_ENEMY_KILL","is_daily":false,"chose_seed":false,"campfire_upgraded":0,"win_rate":0.0,"timestamp":1609840647,"path_taken":["M","M","?","M","?","E","R","$","T","M","?","M","E","M","R","BOSS"],"items_purchased_type":["Relic","Potion","Potion","Card","Card"],"build_version":"2020-12-22","purchased_purges":1,"victory":false,"max_hp_per_floor":[75,75,75,75,75,75,75,75,75,75,75,75,75,75,75,75,75],"card_choices":[{"not_picked":["hierophant:SealAway","hierophant:RustyCrate"],"picked":"hierophant:Rebuild","floor":1},{"not_picked":["hierophant:SealAway","hierophant:Martyrdom"],"picked":"hierophant:Endure","floor":2},{"not_picked":["hierophant:RustyCrate","hierophant:Smite"],"picked":"hierophant:Zeal","floor":3},{"not_picked":["hierophant:SecretStash","hierophant:FieryStrike"],"picked":"hierophant:MorningPrayer","floor":4},{"not_picked":["hierophant:Bribe","hierophant:Batter+1"],"picked":"hierophant:Zeal+1","floor":6},{"not_picked":["hierophant:TollTheBells","hierophant:Doomsaying","hierophant:AuricBeam+1"],"picked":"SKIP","floor":10},{"not_picked":["hierophant:SealAway+1","hierophant:FieryStrike+1"],"picked":"hierophant:Exaltation","floor":12},{"not_picked":["hierophant:ConvertCurrency","hierophant:Flagellation"],"picked":"hierophant:MorningPrayer","floor":13},{"not_picked":["hierophant:RepressedViolence+1","hierophant:TollTheBells"],"picked":"hierophant:Shelter","floor":14}],"player_experience":1296186,"relics_obtained":[{"floor":3,"key":"Replay:Bottled Snecko"},{"floor":6,"key":"Molten Egg 2"},{"floor":9,"key":"Mercury Hourglass"},{"floor":13,"key":"Ginger"}],"event_choices":[{"damage_healed":0,"gold_gain":0,"player_choice":"Ignored","damage_taken":0,"max_hp_gain":0,"max_hp_loss":0,"event_name":"Golden Idol","floor":5,"gold_loss":0},{"damage_healed":0,"gold_gain":75,"player_choice":"Gather Gold","damage_taken":11,"max_hp_gain":0,"max_hp_loss":0,"event_name":"World of Goop","floor":11,"gold_loss":0}],"is_beta":false,"boss_relics":[],"items_purged_floors":[8],"is_endless":false,"potions_floor_spawned":[2,6,12,13],"killed_by":"Hexaghost","ascension_level":0}}