{"host":"za51qju8r56bcr85","time":1609857684,"event":{"mods":["Act Like it!","BaseMod","Block Reminder","Googly Eyes","Minty Spire (QoL Compilation)","Quick Restart","Relic Sorter","Relic Stats","Shop Mod","StSLib","SuperFastMode"],"gold_per_floor":[209,225,238,238,257,257,269,269,269,269,281,281,299,39,49,49,120,120,132,132,38,53,67,67,83,95,95,126,171,171,71,71,71],"floor_reached":32,"playtime":1047,"items_purged":["Strike_R","Strike_R"],"score":622,"play_id":"1f2521c8-3ba7-450d-b0d2-ce42c245a720","local_time":"20210105224124","is_ascension_mode":true,"campfire_choices":[{"data":"Armaments","floor":6.0,"key":"SMITH"},{"data":"Barricade","floor":12.0,"key":"SMITH"},{"data":"Entrench","floor":16.0,"key":"SMITH"},{"data":"Impatience","floor":24.0,"key":"SMITH"},{"floor":30,"key":"REST"}],"circlet_count":0,"master_deck":["AscendersBane","Strike_R","Defend_R","Defend_R","Defend_R","Defend_R","Bash","Second Wind","Power Through","Armaments+1","Disarm","Barricade+1","Entrench+1","Shrug It Off","Berserk","Shrug It Off","Impatience+1","Burning Pact+1","Power Through","Evolve","Impervious"],"relics":["Burning Blood","Frozen Eye","Pear","Lantern","Runic Dome","Red Mask","Tiny Chest"],"acts_visited":["Exordium","TheCity"],"potions_floor_usage":[28,32],"damage_taken":[{"damage":1.0,"enemies":"Cultist","floor":1.0,"turns":3.0},{"damage":9.0,"enemies":"2 Louse","floor":2.0,"turns":5.0},{"damage":17.0,"enemies":"Jaw Worm","floor":3.0,"turns":4.0},{"damage":0.0,"enemies":"Looter","floor":5.0,"turns":4.0},{"damage":16.0,"enemies":"Red Slaver","floor":7.0,"turns":6.0},{"damage":6.0,"enemies":"Blue Slaver","floor":11.0,"turns":7.0},{"damage":45.0,"enemies":"Exordium Thugs","floor":13.0,"turns":9.0},{"damage":18.0,"enemies":"Exordium Wildlife","floor":15.0,"turns":9.0},{"damage":0.0,"enemies":"Hexaghost","floor":17.0,"turns":10.0},{"damage":0.0,"enemies":"Shell Parasite","floor":19.0,"turns":15.0},{"damage":0.0,"enemies":"Spheric Guardian","floor":22.0,"turns":12.0},{"damage":0.0,"enemies":"Centurion and Healer","floor":23.0,"turns":12.0},{"damage":0.0,"enemies":"Snecko","floor":25.0,"turns":10.0},{"damage":0.0,"enemies":"Snake Plant","floor":26.0,"turns":12.0},{"damage":65,"enemies":"Masked Bandits","floor":28,"turns":14},{"damage":62,"enemies":"Gremlin Leader","floor":32,"turns":4}],"seed_played":"-7802496341455203572","potions_obtained":[{"floor":2.0,"key":"DuplicationPotion"},{"floor":7.0,"key":"FearPotion"},{"floor":13.0,"key":"HeartOfIron"},{"floor":17.0,"key":"GamblersBrew"}],"is_trial":false,"path_per_floor":["M","M","M","?","M","R","M","?","T","?","M","R","M","$","M","R","B",null,"M","?","$","M","M","R","M","M","T","?","T","R","$","E"],"character_chosen":"IRONCLAD","items_purchased":["Lantern","Shrug It Off","Impatience"],"campfire_rested":1,"item_purchase_floors":[14,14,21],"current_hp_per_floor":[73,70,59,59,65,65,55,55,65,60,60,60,21,21,9,9,15,68,74,74,74,80,85,85,85,85,85,26,26,51,51,0,0],"gold":71,"neow_bonus":"HUNDRED_GOLD","is_daily":false,"chose_seed":false,"campfire_upgraded":4,"win_rate":0.0,"timestamp":1609857684,"path_taken":["M","?","M","?","?","R","M","?","T","?","?","R","M","$","M","R","BOSS","M","?","?","?","M","R","M","M","T","?","?","R","$","E"],"items_purchased_type":["Relic","Card","Card"],"build_version":"2020-12-22","purchased_purges":2,"victory":false,"max_hp_per_floor":[75,75,75,75,75,75,75,75,85,85,85,85,85,85,85,85,85,85,85,85,85,85,85,85,85,85,85,85,85,85,85,85,85],"relic_stats":{"counters":[16,136],"Tiny Chest":0,"obtain_stats":[{"Frozen Eye":1,"Runic Dome":18,"Lantern":14,"Pear":9,"Tiny Chest":29,"Red Mask":28,"Burning Blood":0},{"Frozen Eye":1,"Runic Dome":9,"Lantern":7,"Pear":5,"Tiny Chest":15,"Red Mask":15,"Burning Blood":0},{"Frozen Eye":1,"Runic Dome":57,"Lantern":38,"Pear":22,"Tiny Chest":132,"Red Mask":132,"Burning Blood":0}],"Burning Blood":77},"card_choices":[{"not_picked":["Iron Wave","Anger"],"picked":"Second Wind","floor":1.0},{"not_picked":["Headbutt","Infernal Blade","Flex"],"picked":"SKIP","floor":2.0},{"not_picked":["Clothesline","Perfected Strike"],"picked":"Power Through","floor":3.0},{"not_picked":["Dropkick","Inflame"],"picked":"Disarm","floor":5.0},{"not_picked":["Iron Wave","Searing Blow","Perfected Strike"],"picked":"SKIP","floor":7.0},{"not_picked":["Thunderclap","Clothesline","True Grit"],"picked":"SKIP","floor":11.0},{"not_picked":["Whirlwind","Limit Break"],"picked":"Entrench","floor":13.0},{"not_picked":["Intimidate","Warcry","Iron Wave"],"picked":"SKIP","floor":15.0},{"not_picked":["Limit Break","Juggernaut"],"picked":"Berserk","floor":17.0},{"not_picked":["Dropkick","Twin Strike"],"picked":"Shrug It Off","floor":19.0},{"not_picked":["Iron Wave","Headbutt"],"picked":"Burning Pact+1","floor":22.0},{"not_picked":["Seeing Red","Sword Boomerang"],"picked":"Power Through","floor":23.0},{"not_picked":["Heavy Blade","Clothesline","Flex"],"picked":"SKIP","floor":25.0},{"not_picked":["Clash","Sword Boomerang"],"picked":"Evolve","floor":26.0},{"not_picked":["Iron Wave","Havoc"],"picked":"Impervious","floor":28}],"player_experience":1344079,"relics_obtained":[{"floor":9.0,"key":"Pear"},{"floor":28,"key":"Red Mask"},{"floor":29,"key":"Tiny Chest"}],"event_choices":[{"damage_healed":0.0,"max_hp_gain":0.0,"max_hp_loss":0.0,"gold_gain":0.0,"event_name":"Match and Keep!","player_choice":"1 cards matched","floor":4.0,"gold_loss":0.0,"damage_taken":0.0,"cards_obtained":["Armaments"]},{"damage_healed":0.0,"max_hp_gain":0.0,"max_hp_loss":0.0,"gold_gain":0.0,"cards_transformed":["Strike_R"],"event_name":"Living Wall","player_choice":"Change","floor":8.0,"gold_loss":0.0,"damage_taken":0.0,"cards_obtained":["Barricade"]},{"damage_healed":0.0,"max_hp_gain":0.0,"max_hp_loss":0.0,"gold_gain":0.0,"event_name":"The Woman in Blue","player_choice":"Bought 0 Potions","floor":10.0,"gold_loss":0.0,"damage_taken":0.0},{"cards_removed":["Strike_R"],"damage_healed":0.0,"max_hp_gain":0.0,"max_hp_loss":0.0,"gold_gain":0.0,"event_name":"Purifier","player_choice":"Purged","floor":20.0,"gold_loss":0.0,"damage_taken":0.0},{"damage_healed":0,"gold_gain":0,"player_choice":"Fought Bandits","damage_taken":0,"max_hp_gain":0,"max_hp_loss":0,"event_name":"Masked Bandits","floor":28,"gold_loss":0}],"is_beta":false,"boss_relics":[{"not_picked":["Pandora\u0027s Box","Fusion Hammer"],"picked":"Runic Dome"}],"items_purged_floors":[14,31],"is_endless":false,"potions_floor_spawned":[2,7,13,17,19,23,25],"killed_by":"Gremlin Leader","ascension_level":20}}