{"host":"ig7tc0uedzltt2sr","time":1609824199,"event":{"mods":["BaseMod","Better Twitch Integration","Block Reminder","Colored Map","Colored Powertips","Communication Mod","Current Relic Mod","GifTheSpireLib","HexUI Lib","Minty Spire (QoL Compilation)","Quick Restart","Random Character Button","Rare Cards Sparkle","Relic Sorter","Relic Stats","Slay the Relics Exporter","StSLib","SuperFastMode","Synergy Search","Twitch Decklist","Twitch Utils","everything is the same but u backflip on backflip","slay the spire mod where everything is the same but ironclad has a cowboy hat"],"gold_per_floor":[109,123,123,123,135,135,135,152,206,234,234,234,256,275,275,275,275],"floor_reached":16,"playtime":136,"items_purged":[],"score":94,"play_id":"1c9dd65c-6065-45a9-9248-ec074957dd09","local_time":"20210104212319","is_ascension_mode":false,"campfire_choices":[{"data":"Combust","floor":6,"key":"SMITH"},{"floor":11,"key":"REST"},{"floor":15,"key":"REST"}],"circlet_count":0,"master_deck":["Strike_R","Strike_R","Strike_R","Strike_R","Strike_R","Defend_R","Defend_R","Defend_R","Defend_R","Bash","Metallicize","Combust+1","Dual Wield","Anger","Spot Weakness","Dual Wield","Infernal Blade"],"relics":["Burning Blood","CeramicFish"],"acts_visited":["Exordium"],"potions_floor_usage":[],"damage_taken":[{"damage":9,"enemies":"2 Louse","floor":1,"turns":6},{"damage":28,"enemies":"Jaw Worm","floor":2,"turns":14},{"damage":13,"enemies":"Small Slimes","floor":5,"turns":11},{"damage":18,"enemies":"2 Fungi Beasts","floor":8,"turns":5},{"damage":14,"enemies":"3 Louse","floor":10,"turns":4},{"damage":7,"enemies":"Large Slime","floor":13,"turns":6},{"damage":28,"enemies":"2 Fungi Beasts","floor":14,"turns":5},{"damage":67,"enemies":"Hexaghost","floor":16,"turns":9}],"seed_played":"5251089389410374389","potions_obtained":[{"floor":5,"key":"Dexterity Potion"},{"floor":8,"key":"ColorlessPotion"},{"floor":10,"key":"BlessingOfTheForge"}],"is_trial":false,"path_per_floor":["M","M","?","$","M","R","?","M","T","M","R","$","M","M","R","B"],"character_chosen":"IRONCLAD","items_purchased":[],"campfire_rested":2,"item_purchase_floors":[],"current_hp_per_floor":[85,63,63,63,56,56,56,44,44,36,62,62,61,39,65,0,0],"gold":275,"neow_bonus":"TEN_PERCENT_HP_BONUS","is_daily":false,"chose_seed":false,"campfire_upgraded":1,"win_rate":0.0,"timestamp":1609824199,"path_taken":["M","M","?","$","M","R","?","M","T","M","R","?","?","M","R","BOSS"],"items_purchased_type":[],"build_version":"2020-12-22","purchased_purges":0,"victory":false,"max_hp_per_floor":[88,88,88,88,88,88,88,88,88,88,88,88,88,88,88,88,88],"relic_stats":{"counters":[8,60],"CeramicFish":27,"obtain_stats":[{"CeramicFish":9,"Burning Blood":0},{"CeramicFish":4,"Burning Blood":0},{"CeramicFish":36,"Burning Blood":0}],"Burning Blood":42},"card_choices":[{"not_picked":["Headbutt","Thunderclap"],"picked":"Metallicize","floor":1},{"not_picked":["Metallicize","Dark Embrace"],"picked":"Combust","floor":2},{"not_picked":["Cleave","Twin Strike"],"picked":"Dual Wield","floor":5},{"not_picked":["Headbutt","Bloodletting"],"picked":"Anger","floor":8},{"not_picked":["Sever Soul","Sword Boomerang"],"picked":"Spot Weakness","floor":10},{"not_picked":["Headbutt","Anger"],"picked":"Dual Wield","floor":13},{"not_picked":["Dual Wield","Perfected Strike"],"picked":"Infernal Blade","floor":14}],"player_experience":1424911,"relics_obtained":[{"floor":9,"key":"CeramicFish"}],"event_choices":[{"damage_healed":0,"gold_gain":0,"player_choice":"Ignored","damage_taken":0,"max_hp_gain":0,"max_hp_loss":0,"event_name":"Golden Wing","floor":3,"gold_loss":0},{"damage_healed":0,"gold_gain":0,"player_choice":"Searched \u00270\u0027 times","damage_taken":0,"max_hp_gain":0,"max_hp_loss":0,"event_name":"Dead Adventurer","floor":7,"gold_loss":0}],"is_beta":false,"boss_relics":[],"items_purged_floors":[],"is_endless":false,"potions_floor_spawned":[5,8,10],"killed_by":"Hexaghost","ascension_level":0}}