{"host":"e2ju6k0wppswbhbd","time":1609870903,"event":{"mods":["BaseMod","Minty Spire (QoL Compilation)","Rare Cards Sparkle","StSLib"],"gold_per_floor":[114,134,134,157,177,211,211,244,244,319,357,373,338,352,352,352,352],"floor_reached":16,"playtime":1827,"items_purged":[],"score":122,"play_id":"f1d0d05a-7afe-4c33-9c76-f097a98fb517","local_time":"20210105192143","is_ascension_mode":false,"campfire_choices":[{"floor":7,"key":"RECALL"},{"data":"Survivor","floor":15,"key":"SMITH"}],"circlet_count":0,"master_deck":["Strike_G","Strike_G","Strike_G","Strike_G","Strike_G","Defend_G","Defend_G","Defend_G","Defend_G","Defend_G","Survivor+1","Neutralize","Prepared","PiercingWail","Injury","Dagger Spray","Sucker Punch","Tools of the Trade","Deadly Poison","Predator","Quick Slash","Footwork+1"],"relics":["Ring of the Snake","Golden Idol","Orichalcum","Frozen Egg 2","InkBottle"],"acts_visited":["Exordium"],"potions_floor_usage":[6,6,8,12,14],"damage_taken":[{"damage":0,"enemies":"Cultist","floor":1,"turns":4},{"damage":0,"enemies":"2 Louse","floor":2,"turns":3},{"damage":0,"enemies":"Small Slimes","floor":4,"turns":6},{"damage":0,"enemies":"Exordium Wildlife","floor":5,"turns":4},{"damage":8,"enemies":"Gremlin Nob","floor":6,"turns":5},{"damage":15,"enemies":"3 Sentries","floor":8,"turns":12},{"damage":20,"enemies":"Lagavulin","floor":11,"turns":10},{"damage":6,"enemies":"3 Louse","floor":12,"turns":2},{"damage":0,"enemies":"Gremlin Gang","floor":14,"turns":3},{"damage":36,"enemies":"Slime Boss","floor":16,"turns":8}],"seed_played":"4580629624099923855","potions_obtained":[{"floor":2,"key":"SpeedPotion"},{"floor":5,"key":"DistilledChaos"},{"floor":6,"key":"Weak Potion"},{"floor":11,"key":"Weak Potion"},{"floor":12,"key":"GamblersBrew"}],"is_trial":false,"path_per_floor":["M","M","?","M","M","E","R","E","T","?","E","M","?","M","R","B"],"character_chosen":"THE_SILENT","items_purchased":[],"campfire_rested":0,"item_purchase_floors":[],"current_hp_per_floor":[77,77,77,77,77,69,69,54,54,43,23,17,36,36,36,0,0],"gold":352,"neow_bonus":"TEN_PERCENT_HP_BONUS","is_daily":false,"chose_seed":false,"campfire_upgraded":1,"win_rate":0.0,"timestamp":1609870903,"path_taken":["M","M","?","M","M","E","R","E","T","?","E","M","?","M","R","BOSS"],"items_purchased_type":[],"build_version":"2020-12-22","purchased_purges":0,"victory":false,"max_hp_per_floor":[77,77,77,77,77,77,77,77,77,77,77,77,77,77,77,77,77],"card_choices":[{"not_picked":["Heel Hook","Bane"],"picked":"Prepared","floor":1},{"not_picked":["Infinite Blades","Blade Dance"],"picked":"PiercingWail","floor":2},{"not_picked":["Sucker Punch","Underhanded Strike"],"picked":"Dagger Spray","floor":4},{"not_picked":["Backstab","Cloak And Dagger"],"picked":"Sucker Punch","floor":5},{"not_picked":["Finisher","Deflect"],"picked":"Tools of the Trade","floor":6},{"not_picked":["Blade Dance","Heel Hook"],"picked":"Deadly Poison","floor":8},{"not_picked":["Dodge and Roll","Cloak And Dagger"],"picked":"Predator","floor":11},{"not_picked":["Sucker Punch","Acrobatics"],"picked":"Quick Slash","floor":12},{"not_picked":["Dagger Throw","Expertise"],"picked":"Footwork+1","floor":14}],"player_experience":2615127,"relics_obtained":[{"floor":6,"key":"Orichalcum"},{"floor":8,"key":"Frozen Egg 2"},{"floor":11,"key":"InkBottle"}],"event_choices":[{"damage_healed":0,"gold_gain":0,"player_choice":"Take Wound","damage_taken":0,"relics_obtained":["Golden Idol"],"max_hp_gain":0,"max_hp_loss":0,"event_name":"Golden Idol","floor":3,"gold_loss":0,"cards_obtained":["Injury"]},{"damage_healed":0,"gold_gain":75,"player_choice":"Gather Gold","damage_taken":11,"max_hp_gain":0,"max_hp_loss":0,"event_name":"World of Goop","floor":10,"gold_loss":0},{"damage_healed":19,"gold_gain":0,"player_choice":"Healed","damage_taken":0,"max_hp_gain":0,"max_hp_loss":0,"event_name":"The Cleric","floor":13,"gold_loss":35}],"is_beta":false,"boss_relics":[],"items_purged_floors":[],"is_endless":false,"potions_floor_spawned":[2,5,6,11,12],"killed_by":"Slime Boss","ascension_level":0}}