{"host":"d8hh7rr4yzitjeuj","time":1609858709,"event":{"mods":["2.2 Compatiblity","AchievementEnabler","Act Like it!","BaseMod","Colored Map","Colored Powertips","Highlight Path","Keyboard Shortcuts","Minty Spire (QoL Compilation)","Permanent Neow","Quick Restart","StSLib","SuperFastMode"],"gold_per_floor":[114,130,28,103,16,16,34,34,34,68,68,68,68],"floor_reached":12,"playtime":225,"items_purged":[],"score":152,"play_id":"40eb4241-a99b-44be-8626-cb6eb8483c6a","local_time":"20210105235829","is_ascension_mode":true,"campfire_choices":[{"data":"Perfected Strike","floor":6,"key":"SMITH"},{"data":"Shrug It Off","floor":11,"key":"SMITH"}],"circlet_count":0,"master_deck":["AscendersBane","Strike_R","Strike_R","Strike_R","Strike_R","Strike_R","Defend_R","Defend_R","Defend_R","Defend_R","Bash","Perfected Strike+1","Bloodletting","Trip","Rupture","Power Through","Shrug It Off+1"],"relics":["Burning Blood","Unceasing Top","Meat on the Bone","The Courier","Self Forming Clay"],"acts_visited":["Exordium"],"potions_floor_usage":[],"damage_taken":[{"damage":7,"enemies":"Cultist","floor":1,"turns":4},{"damage":14,"enemies":"Jaw Worm","floor":2,"turns":4},{"damage":2,"enemies":"2 Louse","floor":7,"turns":2},{"damage":48,"enemies":"3 Sentries","floor":10,"turns":11},{"damage":61,"enemies":"Gremlin Nob","floor":12,"turns":4}],"seed_played":"-456298309476226102","potions_obtained":[{"floor":2,"key":"FairyPotion"}],"is_trial":false,"path_per_floor":["M","M","$","T","$","R","M","?","T","E","R","E"],"character_chosen":"IRONCLAD","items_purchased":["Trip","Rupture"],"campfire_rested":0,"item_purchase_floors":[3,5],"current_hp_per_floor":[67,59,59,59,59,59,63,63,63,33,33,0,0],"gold":68,"neow_bonus":"ONE_RARE_RELIC","is_daily":false,"chose_seed":false,"campfire_upgraded":2,"win_rate":0.0,"timestamp":1609858709,"path_taken":["M","M","?","?","?","R","M","?","T","E","R","E"],"items_purchased_type":["Card","Card"],"build_version":"2020-12-22","purchased_purges":0,"victory":false,"max_hp_per_floor":[75,75,75,75,75,75,75,75,75,75,75,75,75],"card_choices":[{"not_picked":["Havoc","Cleave"],"picked":"Perfected Strike","floor":1},{"not_picked":["Carnage","Heavy Blade"],"picked":"Bloodletting","floor":2},{"not_picked":["True Grit","Clash"],"picked":"Power Through","floor":7},{"not_picked":["Rupture","Twin Strike"],"picked":"Shrug It Off","floor":10}],"player_experience":1409535,"relics_obtained":[{"floor":4,"key":"Meat on the Bone"},{"floor":9,"key":"The Courier"},{"floor":10,"key":"Self Forming Clay"}],"event_choices":[{"cards_removed":["Injury"],"damage_healed":0,"gold_gain":0,"player_choice":"Forget","damage_taken":0,"max_hp_gain":0,"max_hp_loss":0,"event_name":"Living Wall","floor":8,"gold_loss":0}],"is_beta":false,"boss_relics":[],"items_purged_floors":[],"is_endless":false,"potions_floor_spawned":[2],"killed_by":"Gremlin Nob","ascension_level":20}}