{"host":"15f3wpiimhe5yrng","time":1609830737,"event":{"mods":["2.2 Compatiblity","Arknights The Spire","BaseMod","Bestiary","Better Altar","Better Match","Better Note","Better Sensory Stone","Better Skull","Better Third Choice","Colored Map","Colored Powertips","Downfall","Evolution","Marisa????????","Minty Spire (QoL Compilation)","Permanent Neow","Relic Filter","SacredBarkPlus","Spicy Shops","StSLib","The Animator","The Caster","The Marked","The Poker Player","TheSwordswoman","??????REMEMod"],"gold_per_floor":[114,138,190,190,208,208,238,252,334,334,347,8,8,8,8,106,106,125,135,181,199,299,334,334,352,375,375,402,420,446,19,19,115,115,125,137,192,192,192,219,219,219,219,219,249,249,261,272,272,272,272,272,36,62,62],"floor_reached":56,"playtime":3139,"items_purged":["Pain","theMarked:ChainLightning"],"score":1613,"play_id":"7d24752e-0d62-4a68-b3dd-44594baccedb","local_time":"20210105081217","is_ascension_mode":false,"campfire_choices":[{"data":"theMarked:SoldierOfQuellstein","floor":6,"key":"SMITH"},{"floor":13,"key":"RECALL"},{"data":"theMarked:WardOff","floor":15,"key":"SMITH"},{"data":"theMarked:Levitate","floor":24,"key":"SMITH"},{"data":"theMarked:StartUp","floor":27,"key":"SMITH"},{"data":"Pain","floor":32,"key":"PURGE"},{"data":"theMarked:Strike","floor":41,"key":"PURGE"},{"data":"theMarked:Defend","floor":46,"key":"PURGE"},{"data":"theMarked:Defend","floor":49,"key":"PURGE"},{"data":"theMarked:Defend","floor":52,"key":"PURGE"}],"circlet_count":0,"master_deck":["theMarked:ChainLightning","theMarked:ChainLightning","theMarked:SoldierOfQuellstein+1","Slimebound:FormOfPuddle","Shame","theMarked:WardOff","theMarked:WardOff+1","theMarked:WardOff+1","animator:Curse_Nutcracker","theMarked:ResourceFulStrike","theMarked:BanishingStrike","theMarked:Levitate+1","theMarked:WardOff","theMarked:StartUp+1","theMarked:WardOff+1","Writhe","theMarked:DeterminationOfTheMarked+1","REME_FirmDetermination+1","theMarked:Parkour+1","Madness","Madness","Clumsy","theMarked:DispelDoubt+1","Decay","theMarked:WardOff+1","theMarked:HeritageOfTheMarked+1","REME_FirmDetermination+1"],"relics":["EVO:Axolotl","REME_ComplimentaryCards","Cursed Key","Toy Ornithopter","WarpedTongs","Incense Burner","Matryoshka","Oddly Smooth Stone","Membership Card","Frozen Egg 2","SlaversCollar","War Paint","Strawberry","Blood Vial","Ginger","Lizard Tail","Peace Pipe","REME_CardOfGreed","TungstenRod","Sozu","Ice Cream","Potion Belt","Mercury Hourglass","Molten Egg 2","Bottled Tornado","REME_PuzzleBoxRelic","DollysMirror","Bronze Scales","HornCleat"],"acts_visited":["Exordium","TheCity","TheBeyond","TheEnding"],"potions_floor_usage":[11,18,20,21,55],"damage_taken":[{"damage":0,"enemies":"Cultist","floor":1,"turns":3},{"damage":16,"enemies":"Jaw Worm","floor":5,"turns":2},{"damage":21,"enemies":"3 Sentries","floor":7,"turns":10},{"damage":1,"enemies":"2 Louse","floor":8,"turns":2},{"damage":5,"enemies":"Exordium Thugs","floor":11,"turns":4},{"damage":7,"enemies":"Slime Boss","floor":16,"turns":8},{"damage":9,"enemies":"2 Thieves","floor":18,"turns":4},{"damage":16,"enemies":"Spheric Guardian","floor":19,"turns":6},{"damage":0,"enemies":"Snake Plant","floor":20,"turns":2},{"damage":10,"enemies":"Cultist and Chosen","floor":21,"turns":6},{"damage":10,"enemies":"Book of Stabbing","floor":23,"turns":5},{"damage":7,"enemies":"Snecko","floor":25,"turns":5},{"damage":6,"enemies":"Gremlin Leader","floor":28,"turns":5},{"damage":4,"enemies":"Chosen and Byrds","floor":29,"turns":5},{"damage":7,"enemies":"Book of Stabbing","floor":30,"turns":6},{"damage":0,"enemies":"Automaton","floor":33,"turns":9},{"damage":0,"enemies":"3 Darklings","floor":35,"turns":4},{"damage":0,"enemies":"3 Shapes","floor":36,"turns":5},{"damage":0,"enemies":"2 Orb Walkers","floor":37,"turns":5},{"damage":0,"enemies":"Giant Head","floor":40,"turns":6},{"damage":0,"enemies":"Giant Head","floor":44,"turns":2},{"damage":0,"enemies":"Nemesis","floor":45,"turns":5},{"damage":0,"enemies":"Writhing Mass","floor":47,"turns":2},{"damage":9,"enemies":"4 Shapes","floor":48,"turns":2},{"damage":2,"enemies":"Donu and Deca","floor":50,"turns":6},{"damage":0,"enemies":"Shield and Spear","floor":54,"turns":4},{"damage":34,"enemies":"The Heart","floor":55,"turns":7}],"seed_played":"-3737991645349842723","potions_obtained":[{"floor":5,"key":"Fire Potion"},{"floor":7,"key":"Swift Potion"},{"floor":8,"key":"Weak Potion"},{"floor":16,"key":"REME_GoldPotion"},{"floor":19,"key":"REME_GoldPotion"},{"floor":21,"key":"LiquidMemories"},{"floor":28,"key":"EssenceOfSteel"},{"floor":30,"key":"SneckoOil"}],"is_trial":false,"path_per_floor":["M","T","T","?","M","R","E","M","T","?","M","$","R","$","R","B",null,"M","M","M","M","?","E","R","M","T","R","E","M","E","$","R","B",null,"M","M","?","?","T","E","R","?","T","?","E","R","M","M","R","B",null,"R","$","E","B",null],"character_chosen":"THE_DEFAULT","items_purchased":["Membership Card","Frozen Egg 2","theMarked:BanishingStrike","REME_FirmDetermination+1","Peace Pipe","REME_CardOfGreed","TungstenRod","theMarked:HeritageOfTheMarked+1","DollysMirror","Bronze Scales"],"campfire_rested":0,"item_purchase_floors":[12,12,12,31,31,31,31,53,53,53],"current_hp_per_floor":[70,70,70,70,54,54,33,32,32,32,32,32,32,32,32,25,70,61,45,50,45,45,35,35,28,35,35,31,29,24,24,24,26,77,77,77,77,68,68,70,70,70,70,72,74,74,77,68,68,68,77,77,77,77,48],"gold":62,"neow_bonus":"BOSS_RELIC","is_daily":false,"chose_seed":false,"campfire_upgraded":4,"win_rate":0.0,"timestamp":1609830737,"path_taken":["M","?","?","?","?","R","E","M","T","?","M","$","R","$","R","BOSS","M","M","?","M","?","E","R","M","T","R","E","M","E","$","R","BOSS","M","M","?","?","?","E","R","?","T","?","E","R","M","M","R","BOSS","R","$","E","BOSS"],"items_purchased_type":["Relic","Relic","Card","Card","Relic","Relic","Relic","Card","Relic","Relic"],"build_version":"2020-12-22","purchased_purges":2,"victory":true,"max_hp_per_floor":[70,70,70,70,70,70,70,70,70,70,70,70,70,70,70,70,70,70,70,70,70,70,70,70,70,77,77,77,77,77,77,77,77,77,77,77,77,77,77,77,77,77,77,77,77,77,77,77,77,77,77,77,77,77,77],"card_choices":[{"not_picked":["theMarked:ResourceFulStrike","theMarked:Seal","theMarked:BanishingStrike"],"picked":"SKIP","floor":1},{"not_picked":["theMarked:Electrocute","theMarked:WastefulDefense"],"picked":"theMarked:WardOff","floor":5},{"not_picked":["theMarked:EmpowerWeapon","theMarked:ResourceFulStrike"],"picked":"theMarked:WardOff","floor":7},{"not_picked":["theMarked:StartUp","theMarked:Parry"],"picked":"theMarked:WardOff","floor":8},{"not_picked":["theMarked:RepellingDischarge","theMarked:AttractMetal"],"picked":"theMarked:ResourceFulStrike","floor":11},{"not_picked":["theMarked:EternalStudent","theMarked:Challenge"],"picked":"theMarked:Levitate","floor":16},{"not_picked":["theMarked:ResourceFulStrike+1","theMarked:SwordAndMagic"],"picked":"theMarked:WardOff","floor":18},{"not_picked":["theMarked:StartUp","theMarked:ContemptForTheProud+1","theMarked:MaelstromOfLightning"],"picked":"SKIP","floor":19},{"not_picked":["theMarked:ContemptForTheProud+1","theMarked:MaelstromOfLightning"],"picked":"theMarked:StartUp","floor":19},{"not_picked":["theMarked:WastefulAttack+1","theMarked:TunnelVision"],"picked":"theMarked:WardOff+1","floor":20},{"not_picked":["theMarked:Electrify","theMarked:TwofoldDefense","theMarked:RepellingDischarge"],"picked":"SKIP","floor":21},{"not_picked":["theMarked:WastefulDefense","theMarked:Frustration","theMarked:Parkour"],"picked":"SKIP","floor":23},{"not_picked":["theMarked:ChainLightning","theMarked:Challenge","theMarked:Overthink+1"],"picked":"SKIP","floor":25},{"not_picked":["theMarked:Parry+1","theMarked:BanishingStrike","theMarked:SwordAndMagic"],"picked":"SKIP","floor":28},{"not_picked":["theMarked:HeightenedSenses","theMarked:ParalyzingBlade","theMarked:ResourceFulStrike"],"picked":"SKIP","floor":29},{"not_picked":["theMarked:BanishingStrike","theMarked:MaelstromOfLightning+1"],"picked":"theMarked:DeterminationOfTheMarked+1","floor":30},{"not_picked":["theMarked:Parry+1","theMarked:Overcharge"],"picked":"theMarked:Parkour+1","floor":35},{"not_picked":["theMarked:Polarize","theMarked:Convert+1","theMarked:ShockingTouch+1"],"picked":"SKIP","floor":36},{"not_picked":["theMarked:SwordAndMagic+1","theMarked:StartUp+1"],"picked":"theMarked:DispelDoubt+1","floor":40},{"not_picked":["theMarked:Electrify","theMarked:AttractMetal+1","theMarked:ContemptForTheProud+1"],"picked":"SKIP","floor":45},{"not_picked":["theMarked:Frustration+1","theMarked:Static","theMarked:Aftermath"],"picked":"SKIP","floor":47},{"not_picked":["theMarked:ReduceFriction+1","theMarked:ShockingTouch+1"],"picked":"theMarked:WardOff+1","floor":48},{"not_picked":["theMarked:Overthink","theMarked:WastefulAttack+1","theMarked:TurnInvisible"],"picked":"SKIP","floor":54}],"player_experience":135994,"relics_obtained":[{"floor":3,"key":"Toy Ornithopter"},{"floor":7,"key":"Incense Burner"},{"floor":9,"key":"Matryoshka"},{"floor":23,"key":"War Paint"},{"floor":26,"key":"Strawberry"},{"floor":26,"key":"Blood Vial"},{"floor":28,"key":"Ginger"},{"floor":30,"key":"Lizard Tail"},{"floor":37,"key":"Ice Cream"},{"floor":39,"key":"Potion Belt"},{"floor":39,"key":"Mercury Hourglass"},{"floor":40,"key":"Molten Egg 2"},{"floor":43,"key":"Bottled Tornado"},{"floor":45,"key":"REME_PuzzleBoxRelic"},{"floor":54,"key":"HornCleat"}],"event_choices":[{"damage_healed":0,"gold_gain":0,"player_choice":"Rummage","damage_taken":0,"relics_obtained":["WarpedTongs"],"max_hp_gain":0,"max_hp_loss":0,"event_name":"Accursed Blacksmith","floor":4,"gold_loss":0,"cards_obtained":["Pain"]},{"damage_healed":0,"gold_gain":0,"player_choice":"Gave Potion","damage_taken":0,"relics_obtained":["Oddly Smooth Stone"],"max_hp_gain":0,"max_hp_loss":0,"event_name":"WeMeetAgain","floor":10,"gold_loss":0},{"damage_healed":0,"gold_gain":100,"player_choice":"Pray","damage_taken":0,"max_hp_gain":0,"max_hp_loss":0,"event_name":"Golden Shrine","floor":22,"gold_loss":0},{"damage_healed":0,"gold_gain":0,"player_choice":"Fight","damage_taken":0,"max_hp_gain":0,"max_hp_loss":0,"event_name":"Mysterious Sphere","floor":37,"gold_loss":0},{"damage_healed":0,"gold_gain":0,"player_choice":"Embrace Madness","damage_taken":10,"max_hp_gain":0,"max_hp_loss":0,"event_name":"Winding Halls","floor":38,"gold_loss":0,"cards_obtained":["Madness","Madness"]},{"cards_removed":["theMarked:Defend"],"damage_healed":0,"gold_gain":0,"player_choice":"Removed Skill","damage_taken":0,"max_hp_gain":0,"max_hp_loss":0,"event_name":"Falling","floor":42,"gold_loss":0}],"is_beta":false,"boss_relics":[{"not_picked":["Coffee Dripper","REME_DemonsWealth"],"picked":"SlaversCollar"},{"not_picked":["REME_LowDesire","Calling Bell"],"picked":"Sozu"}],"items_purged_floors":[12,53],"is_endless":false,"potions_floor_spawned":[5,7,8,16,19,21,28,30,40,44,47],"ascension_level":0}}