{"host":"ewfe3cr33ktd9xzj","time":1609807498,"event":{"mods":["AchievementEnabler","BaseMod","Colored Map","Custom Start","DeckTracker","Minty Spire (QoL Compilation)","Rare Cards Sparkle","StSLib","everything is the same but u backflip on backflip"],"gold_per_floor":[110,110,110,58,76,110,146,184,184,223,223,262,262,262],"floor_reached":13,"playtime":271,"items_purged":[],"score":538,"play_id":"271f9ec4-4251-405a-85e8-f423b1b00c66","local_time":"20210105094458","daily_mods":["DeadlyEvents","Elite Swarm","Lethality"],"is_ascension_mode":true,"campfire_choices":[],"circlet_count":0,"master_deck":["Cloak And Dagger+1","Cloak And Dagger+1","Cloak And Dagger+1","Cloak And Dagger+1","Cloak And Dagger+1","Blade Dance+1","Blade Dance+1","Blade Dance+1","Blade Dance+1","Blade Dance+1","Neutralize+1","Survivor+1","Deflect","Well Laid Plans","Adrenaline","Phantasmal Killer","Venomology","After Image"],"relics":["Ring of the Snake","Yang","Shuriken","Kunai","Golden Idol","Pantograph","Pocketwatch","Ice Cream","Thread and Needle","Regal Pillow","Bag of Marbles","CaptainsWheel"],"acts_visited":["Exordium"],"potions_floor_usage":[12],"damage_taken":[{"damage":0.0,"enemies":"2 Louse","floor":1.0,"turns":1.0},{"damage":0,"enemies":"Jaw Worm","floor":5,"turns":1},{"damage":0,"enemies":"Gremlin Nob","floor":6,"turns":1},{"damage":0,"enemies":"Lagavulin","floor":7,"turns":1},{"damage":0,"enemies":"Gremlin Nob","floor":8,"turns":1},{"damage":0,"enemies":"Lagavulin","floor":10,"turns":2},{"damage":0,"enemies":"Gremlin Nob","floor":12,"turns":2},{"damage":0,"enemies":"3 Sentries","floor":13,"turns":1}],"seed_played":"-8329813725176872427","potions_obtained":[{"floor":5,"key":"Ancient Potion"},{"floor":8,"key":"LiquidMemories"}],"is_trial":true,"path_per_floor":["M","?","?","$","M","E","E","E","T","E","T","E","E"],"character_chosen":"THE_SILENT","items_purchased":["Deflect"],"campfire_rested":0,"item_purchase_floors":[4],"current_hp_per_floor":[59,59,41,41,41,41,41,41,41,41,41,41,41,41],"gold":262,"neow_bonus":"","is_daily":false,"chose_seed":false,"campfire_upgraded":0,"win_rate":0.0,"timestamp":1609807498,"path_taken":["M","?","?","$","?","E","?","E","T","E","?","?","E"],"items_purchased_type":["Card"],"build_version":"2020-12-22","purchased_purges":0,"victory":false,"max_hp_per_floor":[66,60,60,60,60,60,60,60,60,60,60,60,60,60],"card_choices":[{"not_picked":["Outmaneuver","Expertise","Underhanded Strike"],"picked":"SKIP","floor":1.0},{"not_picked":["All Out Attack","Dagger Spray"],"picked":"Well Laid Plans","floor":5},{"not_picked":["Night Terror","Unload"],"picked":"Adrenaline","floor":6},{"not_picked":["Grand Finale","Corpse Explosion"],"picked":"Phantasmal Killer","floor":7},{"not_picked":["Grand Finale","Night Terror"],"picked":"Venomology","floor":8},{"not_picked":["Venomology","Doppelganger"],"picked":"After Image","floor":10},{"not_picked":["Phantasmal Killer","Die Die Die","Night Terror"],"picked":"SKIP","floor":12}],"player_experience":18154,"relics_obtained":[{"floor":6,"key":"Pantograph"},{"floor":7,"key":"Pocketwatch"},{"floor":8,"key":"Ice Cream"},{"floor":9,"key":"Thread and Needle"},{"floor":10,"key":"Regal Pillow"},{"floor":11,"key":"Bag of Marbles"},{"floor":12,"key":"CaptainsWheel"}],"event_choices":[{"damage_healed":0.0,"max_hp_gain":0.0,"max_hp_loss":6.0,"gold_gain":0.0,"event_name":"Golden Idol","player_choice":"Lose Max HP","floor":2.0,"gold_loss":0.0,"damage_taken":0.0,"relics_obtained":["Golden Idol"]},{"damage_healed":0.0,"max_hp_gain":0.0,"max_hp_loss":0.0,"gold_gain":0.0,"event_name":"Shining Light","player_choice":"Entered Light","floor":3.0,"gold_loss":0.0,"damage_taken":18.0,"cards_upgraded":["Survivor","Neutralize"]}],"is_beta":false,"boss_relics":[],"items_purged_floors":[],"is_endless":false,"potions_floor_spawned":[5,8,10,12],"killed_by":"3 Sentries","ascension_level":20}}