{"host":"ul7yvwhigba0nw36","time":1609889806,"event":{"mods":["AchievementEnabler","Act Like it!","Aspiration","BaseMod","Colored Map","Colored Powertips","Downfall","Gensokyo","Highlight Path","Hubris","Infinite Spire","Minty Spire (QoL Compilation)","Replay The Spire","StSLib"],"gold_per_floor":[113,113,113,128,128,155,169,169,219,237,237,237,325,336,336,440,440,459,84,98,108,108,143,143,143,143,143,43,43,60,60,60,60,60],"floor_reached":33,"playtime":1016,"items_purged":["Pain","Strike_P"],"score":313,"play_id":"aa8ba2d9-80c2-4f92-9fce-5fe042b3e468","local_time":"20210105233646","is_ascension_mode":false,"campfire_choices":[{"data":"Eruption","floor":8,"key":"SMITH"},{"floor":11,"key":"RECALL"},{"data":"BattleHymn","floor":15,"key":"SMITH"},{"floor":24,"key":"REST"},{"data":"Establishment","floor":27,"key":"SMITH"},{"data":"Replay:LoomingThreat","floor":29,"key":"SMITH"},{"data":"1","floor":32,"key":"LIFT"}],"circlet_count":0,"master_deck":["Strike_P","Strike_P","Defend_P","Defend_P","Defend_P","Defend_P","Eruption+1","Vigilance","Replay:LoomingThreat+1","BattleHymn+1","Prostrate","FollowUp","Replay:BluntJabs","FlurryOfBlows","Establishment+1","WindmillStrike+1","Replay:BluntJabs","Replay:BluntJabs"],"relics":["PureWater","NeowsBlessing","Gensokyo:Mercy","hubris:Towel","Gensokyo:LunaticRedEyes","Replay:Bottled Flurry","Damaru","Girya","Vajra"],"acts_visited":["Exordium","Gensokyo:Gensokyo"],"potions_floor_usage":[33,33,33],"damage_taken":[{"damage":0,"enemies":"Gensokyo:Python","floor":1,"turns":1},{"damage":0,"enemies":"Gensokyo:3_Fairies","floor":4,"turns":2},{"damage":2,"enemies":"Gensokyo:Mamizou","floor":6,"turns":4},{"damage":2,"enemies":"Gensokyo:2_Kodama","floor":7,"turns":3},{"damage":2,"enemies":"Gensokyo:5_Fairies","floor":10,"turns":5},{"damage":2,"enemies":"Gensokyo:Kitsune","floor":14,"turns":2},{"damage":50,"enemies":"Gensokyo:Kokoro","floor":16,"turns":6},{"damage":7,"enemies":"Gensokyo:Chomper","floor":18,"turns":3},{"damage":17,"enemies":"Gensokyo:CosmicMonolith","floor":20,"turns":4},{"damage":12,"enemies":"Gensokyo:Wraith","floor":21,"turns":4},{"damage":0,"enemies":"Gensokyo:Reisen","floor":23,"turns":4},{"damage":24,"enemies":"Gensokyo:3_Gloops","floor":30,"turns":4},{"damage":49,"enemies":"Gensokyo:Eternal_Rivals","floor":33,"turns":3}],"seed_played":"-8884301596797315555","potions_obtained":[{"floor":1,"key":"ColorlessPotion"},{"floor":6,"key":"Adrenaline Potion"},{"floor":10,"key":"Explosive Potion"}],"is_trial":false,"path_per_floor":["M","?","?","M","?","E","M","R","T","M","R","?","?","M","R","B",null,"M","$","M","M","?","E","R","?","T","R","$","R","M","?","R","B"],"character_chosen":"WATCHER","items_purchased":["Girya"],"campfire_rested":1,"item_purchase_floors":[19],"current_hp_per_floor":[72,72,72,72,72,70,68,68,68,66,66,66,66,64,64,14,72,65,65,48,36,36,36,57,57,57,57,57,57,33,33,33,0,0],"gold":60,"neow_bonus":"THREE_ENEMY_KILL","is_daily":false,"chose_seed":false,"campfire_upgraded":4,"win_rate":0.0,"timestamp":1609889806,"path_taken":["M","?","?","M","?","E","M","R","T","M","R","?","?","M","R","BOSS","M","$","M","M","?","E","R","?","T","R","?","R","M","?","R","BOSS"],"items_purchased_type":["Relic"],"build_version":"2020-12-22","purchased_purges":2,"victory":false,"max_hp_per_floor":[72,72,72,72,72,72,72,72,72,72,72,72,72,72,72,72,72,72,72,72,72,72,72,72,72,72,72,72,72,72,72,72,72,72],"card_choices":[{"not_picked":["BowlingBash","Indignation"],"picked":"SashWhip","floor":1},{"not_picked":["ForeignInfluence","Weave"],"picked":"Replay:LoomingThreat","floor":4},{"not_picked":["EmptyFist","JustLucky","Worship"],"picked":"SKIP","floor":6},{"not_picked":["Meditate","Protect"],"picked":"BattleHymn","floor":7},{"not_picked":["JustLucky","Replay:Anticipation"],"picked":"Prostrate","floor":10},{"not_picked":["SashWhip","BattleHymn"],"picked":"FollowUp","floor":13},{"not_picked":["Conclude","DeceiveReality"],"picked":"Replay:BluntJabs","floor":13},{"not_picked":["EmptyBody","LikeWater"],"picked":"FlurryOfBlows","floor":14},{"not_picked":["Omniscience","Ragnarok"],"picked":"Establishment","floor":16},{"not_picked":["BattleHymn","Swivel+1"],"picked":"WindmillStrike+1","floor":18},{"not_picked":["Protect","BowlingBash","SashWhip"],"picked":"SKIP","floor":20},{"not_picked":["SashWhip","CarveReality","MentalFortress"],"picked":"SKIP","floor":21},{"not_picked":["CarveReality","Replay:AllIn"],"picked":"Replay:BluntJabs","floor":23},{"not_picked":["Collect","Adaptation+1"],"picked":"Replay:BluntJabs","floor":30}],"player_experience":417651,"relics_obtained":[{"floor":6,"key":"Replay:Bottled Flurry"},{"floor":9,"key":"Damaru"},{"floor":23,"key":"Vajra"}],"event_choices":[],"is_beta":false,"boss_relics":[{"not_picked":["Runic Pyramid","hubris:Stopwatch","hubris:GrandSneckoEye"]}],"items_purged_floors":[19,28],"is_endless":false,"potions_floor_spawned":[1,6,10,18,21],"killed_by":"Gensokyo:Eternal_Rivals","ascension_level":0}}