{"host":"y6h8h5dnjuludn40","time":1609816803,"event":{"mods":["BaseMod","Colored Map","Colored Powertips","Googly Eyes","Hermit","Minty Spire (QoL Compilation)","Replay The Spire","StSLib","The Construct","The Hierophant"],"gold_per_floor":[110,110,135,310,83,123,138,138,138,138,177,192,192,230,230,354,354,378,378,3,28,28],"floor_reached":21,"playtime":744,"items_purged":["Doubt","Voices"],"score":220,"play_id":"e74379cd-20c9-41b1-8e1f-c83de63a40e9","local_time":"20210104212003","is_ascension_mode":false,"campfire_choices":[{"data":"PathToVictory","floor":8.0,"key":"SMITH"},{"data":"Eruption","floor":13.0,"key":"SMITH"},{"data":"DevaForm","floor":15.0,"key":"SMITH"}],"circlet_count":0,"master_deck":["Strike_P","Strike_P","Strike_P","Strike_P","Defend_P","Defend_P","Defend_P","Defend_P","Eruption+1","Vigilance","PathToVictory+1","Weave","Consecrate","Nirvana","Tantrum","DevaForm+1","Wish","FearNoEvil"],"relics":["HolyWater","NeowsBlessing","Golden Idol","Sling","Bottled Lightning","Gambling Chip","The Courier","Juzu Bracelet","Ring of Panic","Ring of Fangs","Membership Card","Anchor","Orichalcum","Omamori"],"acts_visited":["TheCity"],"potions_floor_usage":[],"damage_taken":[{"damage":0.0,"enemies":"Jaw Worm","floor":1.0,"turns":1.0},{"damage":0.0,"enemies":"2 Louse","floor":3.0,"turns":1.0},{"damage":0.0,"enemies":"Lagavulin","floor":6.0,"turns":1.0},{"damage":0.0,"enemies":"Cultist","floor":7.0,"turns":2.0},{"damage":12.0,"enemies":"Gremlin Nob","floor":11.0,"turns":3.0},{"damage":0.0,"enemies":"3 Louse","floor":12.0,"turns":4.0},{"damage":10.0,"enemies":"3 Sentries","floor":14.0,"turns":5.0},{"damage":31.0,"enemies":"Hexaghost","floor":16.0,"turns":9.0},{"damage":25,"enemies":"2 Thieves","floor":18,"turns":4},{"damage":69,"enemies":"Shell Parasite","floor":21,"turns":8}],"seed_played":"8357685642896824058","potions_obtained":[{"floor":3.0,"key":"SpeedPotion"},{"floor":10.0,"key":"Fruit Juice"},{"floor":10.0,"key":"Block Potion"},{"floor":10.0,"key":"Dexterity Potion"},{"floor":12.0,"key":"BottledMiracle"},{"floor":14.0,"key":"LiquidBronze"}],"is_trial":false,"path_per_floor":["M","?","M","?","$","E","M","R","T","?","E","M","R","E","R","B",null,"M","?","$","M"],"character_chosen":"WATCHER","items_purchased":["Sling","Membership Card","Anchor","Orichalcum","Omamori"],"campfire_rested":0,"item_purchase_floors":[5,20,20,20,20],"current_hp_per_floor":[72,54,54,54,54,54,54,54,54,54,42,47,47,37,37,6,77,52,52,52,0,0],"gold":28,"neow_bonus":"THREE_ENEMY_KILL","is_daily":false,"chose_seed":false,"campfire_upgraded":3,"win_rate":0.0,"timestamp":1609816803,"path_taken":["M","?","M","?","?","E","?","R","T","?","E","?","R","E","R","BOSS","M","?","$","M"],"items_purchased_type":["Relic","Relic","Relic","Relic","Relic"],"build_version":"2020-12-22","purchased_purges":2,"victory":false,"max_hp_per_floor":[72,72,72,72,72,72,72,72,72,72,72,77,77,77,77,77,77,77,77,77,77,77],"card_choices":[{"not_picked":["ReachHeaven","CrushJoints"],"picked":"PathToVictory","floor":1.0},{"not_picked":["Protect","BowlingBash"],"picked":"Weave","floor":3.0},{"not_picked":["Vengeance","EmptyBody"],"picked":"Consecrate","floor":6.0},{"not_picked":["WindmillStrike","SashWhip"],"picked":"Nirvana","floor":7.0},{"not_picked":["Crescendo","Evaluate"],"picked":"Tantrum","floor":11.0},{"not_picked":["DeceiveReality","ClearTheMind","Protect"],"picked":"SKIP","floor":12.0},{"not_picked":["BowlingBash","Halt"],"picked":"DevaForm","floor":14.0},{"not_picked":["Ragnarok","LessonLearned"],"picked":"Wish","floor":16.0},{"not_picked":["Replay:BluntJabs+1","Consecrate"],"picked":"FearNoEvil","floor":18}],"player_experience":242248,"relics_obtained":[{"floor":6.0,"key":"Bottled Lightning"},{"floor":9.0,"key":"Gambling Chip"},{"floor":11.0,"key":"The Courier"},{"floor":14.0,"key":"Juzu Bracelet"},{"floor":19,"key":"Ring of Panic"},{"floor":19,"key":"Ring of Fangs"}],"event_choices":[{"damage_healed":0.0,"max_hp_gain":0.0,"max_hp_loss":0.0,"gold_gain":0.0,"event_name":"Golden Idol","player_choice":"Take Damage","floor":2.0,"gold_loss":0.0,"damage_taken":18.0,"relics_obtained":["Golden Idol"]},{"damage_healed":0.0,"max_hp_gain":0.0,"max_hp_loss":0.0,"gold_gain":175.0,"event_name":"Liars Game","player_choice":"AGREE","floor":4.0,"gold_loss":0.0,"damage_taken":0.0,"cards_obtained":["Doubt"]},{"damage_healed":0.0,"max_hp_gain":0.0,"max_hp_loss":0.0,"gold_gain":0.0,"event_name":"Lab","player_choice":"Got Potions","floor":10.0,"gold_loss":0.0,"damage_taken":0.0}],"is_beta":false,"boss_relics":[{"not_picked":["Coffee Dripper","Astrolabe"],"picked":"HolyWater"}],"items_purged_floors":[5,20],"is_endless":false,"potions_floor_spawned":[3,11,12,14],"killed_by":"Shell Parasite","ascension_level":0}}