{"host":"skzt5oiq3jmvln28","time":1609836335,"event":{"mods":["AchievementEnabler","Act Like it!","BaseMod","GifTheSpireLib","Minty Spire (QoL Compilation)","StSLib","The Animator"],"gold_per_floor":[117,117,148,158,170,203,203,203,203,203,219,66,92,92,92,235,235,256,256,269,192,216,216,216,216,268,268,268,183,148,167,167,293,293,313,328,1327,1345,1345,1345],"floor_reached":39,"playtime":3761,"items_purged":["Pain"],"score":406,"play_id":"40c417fd-465e-4301-b2af-57c4cbf764cf","local_time":"20210105004535","is_ascension_mode":false,"campfire_choices":[{"data":"animator:ElricEdward","floor":7,"key":"SMITH"},{"floor":15,"key":"REST"},{"floor":23,"key":"REST"},{"data":"animator:Envy","floor":25,"key":"SMITH"},{"data":"animator:Greed","floor":27,"key":"SMITH"},{"data":"animator:NarberalGamma","floor":32,"key":"SMITH"}],"circlet_count":0,"master_deck":["animator:Strike_FullmetalAlchemist","animator:Defend_FullmetalAlchemist","animator:Defend","animator:Defend","animator:Defend","animator:ElricEdward+1","animator:ElricAlphonse","animator:Hakurou","animator:Sloth","animator:Scar","animator:ElricEdward","animator:ElricAlphonse","animator:RoyMustang+1","animator:MetalKnight+1","animator:Envy+1","animator:MaesHughes","animator:ChaikaTrabant+1","animator:Greed+1","animator:NarberalGamma+1","animator:Shion+1","animator:Eve","animator:Pride","animator:Pride","animator:ElricEdward+1","animator:Aisha+1","Normality","Normality"],"relics":["animator:LivingPicture","animator:TheMissingPiece","WarpedTongs","Mercury Hourglass","InkBottle","Molten Egg 2","Golden Idol","Lantern","Empty Cage","animator:WornHelmet","Red Skull","animator:OldCoffin","animator:RacePiece"],"acts_visited":["Exordium","TheCity","TheBeyond"],"potions_floor_usage":[6,6,6,20,33,36,36],"damage_taken":[{"damage":2,"enemies":"2 Louse","floor":1,"turns":4},{"damage":5,"enemies":"Cultist","floor":3,"turns":4},{"damage":2,"enemies":"Jaw Worm","floor":4,"turns":5},{"damage":5,"enemies":"2 Fungi Beasts","floor":5,"turns":4},{"damage":6,"enemies":"3 Sentries","floor":6,"turns":6},{"damage":5,"enemies":"Exordium Thugs","floor":11,"turns":4},{"damage":5,"enemies":"Lots of Slimes","floor":13,"turns":2},{"damage":27,"enemies":"Hexaghost","floor":16,"turns":10},{"damage":10,"enemies":"Spheric Guardian","floor":18,"turns":4},{"damage":12,"enemies":"2 Thieves","floor":20,"turns":3},{"damage":18,"enemies":"Cultist and Chosen","floor":22,"turns":6},{"damage":0,"enemies":"Snecko","floor":31,"turns":4},{"damage":40,"enemies":"Automaton","floor":33,"turns":9},{"damage":20,"enemies":"Orb Walker","floor":35,"turns":6},{"damage":20,"enemies":"3 Darklings","floor":36,"turns":5},{"damage":23,"enemies":"Writhing Mass","floor":38,"turns":7},{"damage":10,"enemies":"4 Shapes","floor":39,"turns":1}],"seed_played":"1935897721538343371","potions_obtained":[{"floor":1,"key":"EssenceOfSteel"},{"floor":4,"key":"DuplicationPotion"},{"floor":5,"key":"Block Potion"},{"floor":18,"key":"Block Potion"},{"floor":20,"key":"Explosive Potion"},{"floor":22,"key":"Weak Potion"},{"floor":35,"key":"ColorlessPotion"}],"is_trial":false,"path_per_floor":["M","?","M","M","M","E","R","T","T","?","M","$","M","?","R","B",null,"M","?","M","$","M","R","T","R","T","R","?","?","$","M","R","B",null,"M","M","?","M","M"],"character_chosen":"THE_ANIMATOR","items_purchased":["animator:RoyMustang+1","animator:Greed","animator:NarberalGamma"],"campfire_rested":2,"item_purchase_floors":[12,21,30],"current_hp_per_floor":[64,64,59,58,53,47,47,47,47,47,42,42,37,37,57,30,67,58,58,46,46,28,48,48,48,48,48,68,68,68,68,68,28,68,48,28,28,5,0,0],"gold":1345,"neow_bonus":"ONE_RANDOM_RARE_CARD","is_daily":false,"chose_seed":false,"campfire_upgraded":4,"win_rate":0.0,"timestamp":1609836335,"path_taken":["M","?","M","?","M","E","R","?","T","?","M","?","M","?","R","BOSS","M","?","M","$","?","R","?","R","T","R","?","?","?","M","R","BOSS","M","M","?","M","M"],"items_purchased_type":["Card","Card","Card"],"build_version":"2020-12-22","purchased_purges":1,"victory":false,"max_hp_per_floor":[66,66,66,67,67,67,67,67,67,67,67,67,67,67,67,67,67,68,68,68,68,68,68,68,68,68,68,68,68,68,68,68,68,68,68,68,68,68,68,68],"card_choices":[{"not_picked":["animator:GazelDwargon","animator:Ciel"],"picked":"animator:Hakurou","floor":1},{"not_picked":["animator:Layla","animator:Kaijin"],"picked":"animator:Sloth","floor":3},{"not_picked":["animator:Hakurou","animator:Gillette"],"picked":"animator:Scar","floor":4},{"not_picked":["animator:Scar","animator:ElricAlphonse"],"picked":"animator:ElricEdward","floor":5},{"not_picked":["animator:Cocytus","animator:Ara","animator:Rena"],"picked":"SKIP","floor":6},{"not_picked":["animator:SilverFang","animator:ChaikaBohdan+1"],"picked":"animator:ElricAlphonse","floor":11},{"not_picked":["animator:YaoHaDucy+1","animator:AcuraAkari"],"picked":"animator:MetalKnight+1","floor":13},{"not_picked":["animator:Eve","animator:Father"],"picked":"animator:Envy","floor":16},{"not_picked":["animator:WinryRockbell","animator:ElricEdward+1"],"picked":"animator:MaesHughes","floor":18},{"not_picked":["animator:Tyuule+1","animator:Sonic"],"picked":"animator:ChaikaTrabant+1","floor":20},{"not_picked":["animator:Ciel","animator:Melzalgald+1","animator:Elsword+1"],"picked":"SKIP","floor":22},{"not_picked":["animator:MumenRider+1","animator:Fredrika"],"picked":"animator:Shion+1","floor":31},{"not_picked":["animator:Ainz","animator:Elesis+1"],"picked":"animator:Eve","floor":33},{"not_picked":["animator:Genos+1","animator:Souei+1"],"picked":"animator:Aisha+1","floor":36},{"not_picked":["animator:PandorasActor","animator:Shion+1","animator:Sebas+1"],"picked":"SKIP","floor":38}],"player_experience":39309,"relics_obtained":[{"floor":6,"key":"Mercury Hourglass"},{"floor":8,"key":"InkBottle"},{"floor":9,"key":"Molten Egg 2"},{"floor":14,"key":"Lantern"},{"floor":24,"key":"animator:WornHelmet"},{"floor":26,"key":"Red Skull"}],"event_choices":[{"damage_healed":0,"gold_gain":0,"player_choice":"Rummage","damage_taken":0,"relics_obtained":["WarpedTongs"],"max_hp_gain":0,"max_hp_loss":0,"event_name":"Accursed Blacksmith","floor":2,"gold_loss":0,"cards_obtained":["Pain"]},{"damage_healed":0,"gold_gain":0,"player_choice":"Take Wound","damage_taken":0,"relics_obtained":["Golden Idol"],"max_hp_gain":0,"max_hp_loss":0,"event_name":"Golden Idol","floor":10,"gold_loss":0,"cards_obtained":["Injury"]},{"damage_healed":0,"gold_gain":0,"player_choice":"Relic","damage_taken":0,"max_hp_gain":0,"max_hp_loss":0,"event_name":"Wheel of Change","floor":14,"gold_loss":0},{"damage_healed":0,"gold_gain":0,"player_choice":"Ignored","damage_taken":0,"max_hp_gain":0,"max_hp_loss":0,"event_name":"NoteForYourself","floor":19,"gold_loss":0},{"damage_healed":22,"gold_gain":0,"player_choice":"Heal","damage_taken":0,"max_hp_gain":0,"max_hp_loss":0,"event_name":"The Library","floor":28,"gold_loss":0},{"damage_healed":0,"gold_gain":0,"player_choice":"Obtained Relic","damage_taken":0,"relics_obtained":["animator:OldCoffin"],"max_hp_gain":0,"max_hp_loss":0,"event_name":"Addict","floor":29,"gold_loss":85},{"damage_healed":0,"gold_gain":999,"player_choice":"Gold","damage_taken":0,"max_hp_gain":0,"max_hp_loss":0,"event_name":"MindBloom","floor":37,"gold_loss":0,"cards_obtained":["Normality","Normality"]}],"is_beta":false,"boss_relics":[{"not_picked":["Ectoplasm","Sozu"],"picked":"Empty Cage"},{"not_picked":["Mark of Pain","Cursed Key"],"picked":"animator:RacePiece"}],"items_purged_floors":[12],"is_endless":false,"potions_floor_spawned":[1,4,5,18,20,22,35],"killed_by":"4 Shapes","ascension_level":0}}