{"host":"ig7tc0uedzltt2sr","time":1609823460,"event":{"mods":["BaseMod","Better Twitch Integration","Block Reminder","Colored Map","Colored Powertips","Communication Mod","Current Relic Mod","GifTheSpireLib","HexUI Lib","Minty Spire (QoL Compilation)","Quick Restart","Random Character Button","Rare Cards Sparkle","Relic Sorter","Relic Stats","Slay the Relics Exporter","StSLib","SuperFastMode","Synergy Search","Twitch Decklist","Twitch Utils","everything is the same but u backflip on backflip","slay the spire mod where everything is the same but ironclad has a cowboy hat"],"gold_per_floor":[109,127,145,165,165,165,165,165],"floor_reached":7,"playtime":134,"items_purged":[],"score":45,"play_id":"647b3aa1-ce79-4f33-8fa0-e09f0df9f7d8","local_time":"20210104211100","is_ascension_mode":false,"campfire_choices":[{"data":"Bash","floor":6,"key":"SMITH"}],"circlet_count":0,"master_deck":["Strike_R","Strike_R","Strike_R","Strike_R","Defend_R","Defend_R","Defend_R","Bash+1","Pain","Demon Form","Seeing Red","Spot Weakness","Iron Wave","Entrench","Rupture"],"relics":["Burning Blood"],"acts_visited":["Exordium"],"potions_floor_usage":[],"damage_taken":[{"damage":14,"enemies":"Small Slimes","floor":1,"turns":4},{"damage":21,"enemies":"Cultist","floor":2,"turns":6},{"damage":4,"enemies":"2 Louse","floor":3,"turns":4},{"damage":16,"enemies":"2 Fungi Beasts","floor":4,"turns":5},{"damage":0,"enemies":"3 Louse","floor":5,"turns":1},{"damage":55,"enemies":"Gremlin Nob","floor":7,"turns":6}],"seed_played":"-4341519060484763660","potions_obtained":[{"floor":2,"key":"Weak Potion"},{"floor":3,"key":"ColorlessPotion"},{"floor":4,"key":"EntropicBrew"}],"is_trial":false,"path_per_floor":["M","M","M","M","M","R","E"],"character_chosen":"IRONCLAD","items_purchased":[],"campfire_rested":0,"item_purchase_floors":[],"current_hp_per_floor":[72,57,59,49,55,55,0,0],"gold":165,"neow_bonus":"TRANSFORM_TWO_CARDS","is_daily":false,"chose_seed":false,"campfire_upgraded":1,"win_rate":0.0,"timestamp":1609823460,"path_taken":["M","M","M","M","M","R","E"],"items_purchased_type":[],"build_version":"2020-12-22","purchased_purges":0,"victory":false,"max_hp_per_floor":[80,80,80,80,80,80,80,80],"relic_stats":{"counters":[6,26],"obtain_stats":[{"Burning Blood":0},{"Burning Blood":0},{"Burning Blood":0}],"Burning Blood":30},"card_choices":[{"not_picked":["Pommel Strike","Clothesline"],"picked":"Spot Weakness","floor":1},{"not_picked":["Wild Strike","Sentinel"],"picked":"Iron Wave","floor":2},{"not_picked":["Burning Pact","Perfected Strike"],"picked":"Entrench","floor":3},{"not_picked":["Twin Strike","Clothesline"],"picked":"Rupture","floor":4}],"player_experience":1424271,"relics_obtained":[],"event_choices":[],"is_beta":false,"boss_relics":[],"items_purged_floors":[],"is_endless":false,"potions_floor_spawned":[2,3,4],"killed_by":"Gremlin Nob","ascension_level":0}}