{"host":"92108ef2q9tm8rod","time":1609859080,"event":{"mods":["BaseMod","Defuse TimeMaze Blight","Minty Spire (QoL Compilation)","StSLib","The Jungle"],"gold_per_floor":[116,128,143,143,160,191,191,216,216,216,242,242,260,34,34,130,130,147,162,177,195,210,210,223,234,280,280,306,306,306,323,323,418,418,432,432,432,442,460,490,490,490,490,490,490,518,544,126,126,126],"floor_reached":51,"playtime":2621,"items_purged":["Cold Snap","Cold Snap+1"],"score":902,"play_id":"5226d82a-3a98-4249-8621-30f2aada456e","local_time":"20210105150440","daily_mods":["SealedDeck","Blue Cards","Heirloom","Flight"],"is_ascension_mode":false,"campfire_choices":[{"data":"White Noise","floor":7,"key":"SMITH"},{"data":"Recycle","floor":12,"key":"SMITH"},{"data":"Loop","floor":15,"key":"SMITH"},{"data":"Loop","floor":23,"key":"SMITH"},{"data":"Loop","floor":27,"key":"SMITH"},{"data":"Beam Cell","floor":29,"key":"SMITH"},{"data":"Coolheaded","floor":30,"key":"SMITH"},{"data":"Electrodynamics","floor":32,"key":"SMITH"},{"data":"Glacier","floor":41,"key":"SMITH"},{"data":"Cold Snap","floor":42,"key":"SMITH"},{"floor":44,"key":"REST"},{"data":"Defragment","floor":49,"key":"SMITH"}],"circlet_count":0,"master_deck":["Loop+1","Loop+1","White Noise+1","Beam Cell+1","Coolheaded+1","Glacier+1","Loop+1","Ball Lightning+1","Recycle+1","Electrodynamics+1","Defragment+1"],"relics":["Cracked Core","Bird Faced Urn","Orichalcum","Pen Nib","Question Card","Darkstone Periapt","Akabeko","Omamori","Nuclear Battery","Smiling Mask","Bag of Preparation","SlaversCollar","White Beast Statue","StrikeDummy","Mango","Dream Catcher","Lee\u0027s Waffle","Oddly Smooth Stone"],"acts_visited":["Exordium","Exordium","TheBeyond"],"potions_floor_usage":[20,21,22,31,33,40,46,47,50],"damage_taken":[{"damage":0,"enemies":"Jaw Worm","floor":1,"turns":3},{"damage":0,"enemies":"Small Slimes","floor":2,"turns":2},{"damage":6,"enemies":"2 Louse","floor":3,"turns":2},{"damage":0,"enemies":"Blue Slaver","floor":5,"turns":3},{"damage":0,"enemies":"3 Sentries","floor":6,"turns":9},{"damage":0,"enemies":"Lagavulin","floor":8,"turns":5},{"damage":1,"enemies":"3 Sentries","floor":11,"turns":5},{"damage":0,"enemies":"Exordium Wildlife","floor":13,"turns":4},{"damage":2,"enemies":"Slime Boss","floor":16,"turns":7},{"damage":11,"enemies":"theJungle:Flameango_and_Byrd","floor":18,"turns":4},{"damage":0,"enemies":"Shell Parasite","floor":19,"turns":3},{"damage":0,"enemies":"theJungle:SlimyTreeVines","floor":20,"turns":4},{"damage":5,"enemies":"Snake Plant","floor":21,"turns":3},{"damage":0,"enemies":"theJungle:JungleHuntersEncounter","floor":22,"turns":4},{"damage":16,"enemies":"theJungle:2_Flameangoes","floor":24,"turns":6},{"damage":0,"enemies":"theJungle:SlimyTreeVines","floor":25,"turns":4},{"damage":2,"enemies":"theJungle:Cassacara","floor":28,"turns":5},{"damage":0,"enemies":"theJungle:JungleHuntersEncounter","floor":31,"turns":3},{"damage":0,"enemies":"theJungle:TotemBoss","floor":33,"turns":3},{"damage":0,"enemies":"Orb Walker","floor":35,"turns":2},{"damage":4,"enemies":"3 Shapes","floor":38,"turns":2},{"damage":0,"enemies":"Transient","floor":39,"turns":5},{"damage":1,"enemies":"Giant Head","floor":40,"turns":5},{"damage":14,"enemies":"Reptomancer","floor":46,"turns":5},{"damage":21,"enemies":"Giant Head","floor":47,"turns":6},{"damage":71,"enemies":"Time Eater","floor":50,"turns":8}],"seed_played":"2076198194425569876","potions_obtained":[{"floor":3,"key":"Block Potion"},{"floor":5,"key":"Weak Potion"},{"floor":6,"key":"Explosive Potion"},{"floor":16,"key":"DuplicationPotion"},{"floor":20,"key":"Fire Potion"},{"floor":22,"key":"FairyPotion"},{"floor":28,"key":"DistilledChaos"},{"floor":31,"key":"ColorlessPotion"},{"floor":38,"key":"DuplicationPotion"},{"floor":40,"key":"Strength Potion"},{"floor":46,"key":"AttackPotion"},{"floor":47,"key":"SteroidPotion"}],"is_trial":true,"path_per_floor":["M","M","M","?","M","E","R","E","T","?","E","R","M","$","R","B",null,"M","M","M","M","M","R","M","M","T","R","E","R","R","M","R","B",null,"M","?","?","M","M","E","R","R","T","R","$","E","E","$","R","B",null],"character_chosen":"DEFECT","items_purchased":["Omamori","Lee\u0027s Waffle","Oddly Smooth Stone","Defragment"],"campfire_rested":1,"item_purchase_floors":[14,48,48,48],"current_hp_per_floor":[75,75,69,66,72,75,75,75,75,60,73,73,75,75,75,73,75,68,75,75,74,75,75,59,70,70,70,73,73,73,75,75,75,75,75,75,75,71,75,74,74,74,74,75,75,77,66,96,96,29],"gold":126,"neow_bonus":"","is_daily":false,"chose_seed":false,"campfire_upgraded":11,"win_rate":0.0,"timestamp":1609859080,"path_taken":["M","M","M","?","M","E","R","E","T","?","E","R","M","$","R","BOSS","M","M","M","M","M","R","M","M","T","R","E","R","R","M","R","BOSS","M","?","?","M","M","E","R","R","T","R","$","E","E","$","R","BOSS"],"items_purchased_type":["Relic","Relic","Relic","Card"],"build_version":"2020-12-22","purchased_purges":2,"victory":true,"max_hp_per_floor":[75,75,75,75,75,75,75,75,75,75,75,75,75,75,75,75,75,75,75,75,75,75,75,75,75,75,75,75,75,75,75,75,75,75,75,75,75,75,75,75,75,75,75,75,75,89,89,96,96,96],"card_choices":[{"not_picked":["Leap","FTL"],"picked":"Ball Lightning","floor":1},{"not_picked":["Streamline","White Noise","Hologram"],"picked":"SKIP","floor":2},{"not_picked":["Barrage","Turbo","Stack"],"picked":"SKIP","floor":3},{"not_picked":["Thunder Strike","Stack","Hologram"],"picked":"SKIP","floor":5},{"not_picked":["Cold Snap","Coolheaded","Leap"],"picked":"SKIP","floor":6},{"not_picked":["Leap","Creative AI","Consume"],"picked":"SKIP","floor":8},{"not_picked":["Thunder Strike","Consume","Storm"],"picked":"Recycle","floor":11},{"not_picked":["Compile Driver","Darkness","Ball Lightning","Recycle"],"picked":"SKIP","floor":13},{"not_picked":["Melter","Sweeping Beam","Gash","Hologram+1"],"picked":"SKIP","floor":18},{"not_picked":["Beam Cell","Coolheaded","Capacitor","Sweeping Beam"],"picked":"SKIP","floor":19},{"not_picked":["Streamline+1","Barrage+1","Go for the Eyes","Thunder Strike"],"picked":"SKIP","floor":20},{"not_picked":["Streamline","Redo","Force Field","Hologram"],"picked":"SKIP","floor":21},{"not_picked":["Conserve Battery","Sweeping Beam","Rebound+1","Chaos"],"picked":"SKIP","floor":22},{"not_picked":["Compile Driver","Hologram","Gash+1","Ball Lightning+1"],"picked":"SKIP","floor":24},{"not_picked":["Buffer","Genetic Algorithm","Leap","Conserve Battery+1"],"picked":"SKIP","floor":25},{"not_picked":["Chaos","Recycle+1","Coolheaded","Barrage+1"],"picked":"SKIP","floor":28},{"not_picked":["White Noise","Hologram","Stack"],"picked":"Electrodynamics","floor":31},{"not_picked":["Darkness+1","BootSequence","Hologram","Stack+1"],"picked":"SKIP","floor":35},{"not_picked":["Rebound+1","Static Discharge","Steam+1","Streamline"],"picked":"SKIP","floor":38},{"not_picked":["Sunder+1","Consume","Rebound","Genetic Algorithm+1"],"picked":"SKIP","floor":39},{"not_picked":["Conserve Battery+1","Turbo","Sweeping Beam","Barrage"],"picked":"SKIP","floor":40},{"not_picked":["Barrage","Self Repair+1","Coolheaded+1","Sweeping Beam+1"],"picked":"SKIP","floor":46},{"not_picked":["Darkness","Machine Learning","Doom and Gloom","Streamline"],"picked":"SKIP","floor":47}],"player_experience":3243643,"relics_obtained":[{"floor":6,"key":"Pen Nib"},{"floor":8,"key":"Question Card"},{"floor":9,"key":"Darkstone Periapt"},{"floor":11,"key":"Akabeko"},{"floor":26,"key":"Smiling Mask"},{"floor":28,"key":"Bag of Preparation"},{"floor":40,"key":"White Beast Statue"},{"floor":43,"key":"StrikeDummy"},{"floor":46,"key":"Mango"},{"floor":47,"key":"Dream Catcher"}],"event_choices":[{"damage_healed":0,"gold_gain":0,"player_choice":"Success","damage_taken":3,"relics_obtained":["Orichalcum"],"max_hp_gain":0,"max_hp_loss":0,"event_name":"Scrap Ooze","floor":4,"gold_loss":0},{"damage_healed":0,"gold_gain":0,"player_choice":"Entered Light","damage_taken":15,"max_hp_gain":0,"max_hp_loss":0,"event_name":"Shining Light","floor":10,"gold_loss":0,"cards_upgraded":["Coolheaded","Ball Lightning"]},{"damage_healed":0,"gold_gain":0,"player_choice":"Memory 1","damage_taken":0,"max_hp_gain":0,"max_hp_loss":0,"event_name":"SensoryStone","floor":36,"gold_loss":0},{"cards_removed":["Coolheaded"],"damage_healed":0,"gold_gain":0,"player_choice":"Removed Skill","damage_taken":0,"max_hp_gain":0,"max_hp_loss":0,"event_name":"Falling","floor":37,"gold_loss":0}],"is_beta":false,"boss_relics":[{"not_picked":["Velvet Choker","Sozu"],"picked":"Nuclear Battery"},{"not_picked":["Snecko Eye","Astrolabe"],"picked":"SlaversCollar"}],"items_purged_floors":[14,48],"is_endless":false,"potions_floor_spawned":[3,5,6,13,16,19,20,22,28,31,38,39,40,46,47],"ascension_level":0}}