{"host":"ylxam20yo7j5dy26","time":1609817977,"event":{"mods":["ATMod(°¢èªMod)","Act Like it!","BaseMod","Conspire","Downfall","Gensokyo","Hubris","Infinite Spire","Minty Spire (QoL Compilation)","Quick Restart","Replay The Spire","Spicy Shops","StSLib","UnlockEverythingMod","vexMod","¡¾ÒÅÎï¿¨ÅÆ¡¿REMEMod"],"gold_per_floor":[114,114,125,125,137,166,180,180,180,180,4,79,89,89,89,215,215,235,235,295,316,316,316,330,330,355,368,392,392,430,466,466,585,585,610,633,698,723,748,748,787,806,806,806,839,858,883,908,908,1039,1039,1039,1040,1054,1054,1061,1061,1066,1066,1092,1094,1094,1097,1097,1097],"floor_reached":64,"playtime":6577,"items_purged":["Defend_G","Injury"],"score":943,"play_id":"8eba22c1-cb3e-4d0a-be7a-85b6376c5e7c","local_time":"20210105113937","is_ascension_mode":false,"campfire_choices":[{"data":"AT_EmpoweredMortalDraw","floor":8.0,"key":"SMITH"},{"data":"expansioncontent:DashGenerateEvil","floor":10.0,"key":"SMITH"},{"floor":15.0,"key":"REST"},{"data":"AT_EssenceShift","floor":23.0,"key":"SMITH"},{"data":"Sneak Up","floor":25.0,"key":"SMITH"},{"floor":32.0,"key":"REST"},{"data":"infinitespire:NeuralNetwork","floor":40.0,"key":"SMITH"},{"data":"Outmaneuver","floor":44.0,"key":"SMITH"},{"floor":49.0,"key":"DIG"},{"data":"Cloak And Dagger","floor":57.0,"key":"SMITH"},{"data":"Survivor","floor":59.0,"key":"SMITH"}],"circlet_count":0,"master_deck":["Strike_G","Strike_G+2","Strike_G","Defend_G","Defend_G","Defend_G+1","Defend_G","Survivor+1","Neutralize+1","AT_EmpoweredMortalDraw+1","expansioncontent:DashGenerateEvil+1","Cloak And Dagger+1","infinitespire:NeuralNetwork+1","Sneak Up+1","REME_ShadowStrike","Outmaneuver+1","Flying Knee","AT_EssenceShift+1","AT_KneejerkReflex+1","Finisher","AT_FocusSwordFire+1"],"relics":["AT_ATBox","REME_ComplimentaryCards","Empty Cage","The Courier","ReplayTheSpireMod:Ninjato","AT_BellDemon","Golden Idol","vexMod:TanglingVine","Akabeko","infinitespire:CheckeredPen","AT_Manta","infinitespire:PuzzleCube","vexMod:MysteryBossChallenge","conspire:SlowCooker","Strawberry","Replay:Blank Codex","Happy Flower","Red Mask","Black Star","Whetstone","Simple Rune","Tiny Chest","Replay:WaspNest","Smiling Mask","infinitespire:Lucky Rock","REME_HandOfSuture","HoveringKite","Replay:Bottled Steam","Blue Doll","Gensokyo:PortableGap","Toy Ornithopter","Basket Of Snakes"],"acts_visited":["Exordium","TheCity","TheBeyond","Gensokyo:Gensokyo"],"potions_floor_usage":[],"damage_taken":[{"damage":6.0,"enemies":"Jaw Worm","floor":1.0,"turns":1.0},{"damage":0.0,"enemies":"Cultist","floor":3.0,"turns":4.0},{"damage":0.0,"enemies":"Small Slimes","floor":5.0,"turns":3.0},{"damage":23.0,"enemies":"Lagavulin","floor":6.0,"turns":10.0},{"damage":3.0,"enemies":"3 Louse","floor":7.0,"turns":2.0},{"damage":0.0,"enemies":"Large Slime","floor":13.0,"turns":3.0},{"damage":0.0,"enemies":"Hexaghost","floor":16.0,"turns":9.0},{"damage":8.0,"enemies":"3 Byrds","floor":18.0,"turns":3.0},{"damage":3.0,"enemies":"Shell Parasite","floor":21.0,"turns":5.0},{"damage":10.0,"enemies":"Centurion and Healer","floor":24.0,"turns":4.0},{"damage":0.0,"enemies":"Snake Plant","floor":27.0,"turns":2.0},{"damage":0.0,"enemies":"Shelled Parasite and Fungi","floor":28.0,"turns":3.0},{"damage":5.0,"enemies":"Nightmare","floor":30.0,"turns":6.0},{"damage":0.0,"enemies":"Masked Bandits","floor":31.0,"turns":2.0},{"damage":2.0,"enemies":"Automaton","floor":33.0,"turns":6.0},{"damage":7.0,"enemies":"3 Shapes","floor":35.0,"turns":5.0},{"damage":0.0,"enemies":"Orb Walker","floor":36.0,"turns":3.0},{"damage":1.0,"enemies":"conspire:MimicChest","floor":37.0,"turns":6.0},{"damage":4.0,"enemies":"Writhing Mass","floor":38.0,"turns":5.0},{"damage":18.0,"enemies":"Transient","floor":39.0,"turns":5.0},{"damage":2.0,"enemies":"Giant Head","floor":41.0,"turns":6.0},{"damage":4.0,"enemies":"4 Shapes","floor":42.0,"turns":2.0},{"damage":0.0,"enemies":"R_Hoarder","floor":45.0,"turns":5.0},{"damage":2.0,"enemies":"3 Darklings","floor":46.0,"turns":3.0},{"damage":0.0,"enemies":"Writhing Mass","floor":47.0,"turns":4.0},{"damage":0.0,"enemies":"Jaw Worm Horde","floor":48.0,"turns":2.0},{"damage":5.0,"enemies":"infinitespire:MassOfShapes","floor":50.0,"turns":5.0},{"damage":0.0,"enemies":"Gensokyo:2_Kodama","floor":52.0,"turns":2.0},{"damage":0.0,"enemies":"Gensokyo:3_Fairies","floor":53.0,"turns":4.0},{"damage":2.0,"enemies":"Gensokyo:Gryphon","floor":54.0,"turns":2.0},{"damage":1.0,"enemies":"Gensokyo:LivingMonolith","floor":56.0,"turns":2.0},{"damage":2.0,"enemies":"Gensokyo:Kitsune","floor":58.0,"turns":3.0},{"damage":5.0,"enemies":"Gensokyo:Python_and_Kodama","floor":61.0,"turns":4.0},{"damage":1.0,"enemies":"Nightmare","floor":63.0,"turns":6.0},{"damage":0,"enemies":"Gensokyo:3_Kodama","floor":64,"turns":1}],"seed_played":"-5002873655426285914","potions_obtained":[{"floor":2.0,"key":"Strength Potion"},{"floor":2.0,"key":"Death Potion"},{"floor":2.0,"key":"hexamod:EctoCoolerPotion"},{"floor":6.0,"key":"LifebloodPotion"},{"floor":16.0,"key":"SteroidPotion"},{"floor":18.0,"key":"LiquidBronze"},{"floor":28.0,"key":"Guardian:BlockOnCardUsePotion"},{"floor":30.0,"key":"Toxic Potion"},{"floor":46.0,"key":"Swift Potion"}],"is_trial":false,"path_per_floor":["M","?","M","?","M","E","M","R","T","R","$","?","M","?","R","B",null,"M","?","?","M","AVR","R","M","R","T","M","M","?","NM","?","R","B",null,"M","M","?","M","M","R","E","M","T","R","E","M","M","M","R","B",null,"M","M","M","?","M","R","M","R","T","M","?","NM","M"],"character_chosen":"THE_SILENT","items_purchased":["AT_BellDemon"],"campfire_rested":2,"item_purchase_floors":[11],"current_hp_per_floor":[64,64,64,47,47,24,21,21,21,21,21,10,10,10,31,31,70,62,62,45,42,42,42,32,32,39,39,39,23,18,18,41,39,77,70,70,69,65,47,47,45,41,41,41,41,39,39,39,39,34,77,77,77,75,60,59,59,57,57,57,52,52,51,51,51],"gold":1097,"neow_bonus":"BOSS_RELIC","is_daily":false,"chose_seed":false,"campfire_upgraded":8,"win_rate":0.0,"timestamp":1609817977,"path_taken":["M","?","?","?","M","E","M","R","T","R","$","?","M","?","R","BOSS","M","?","?","?","AVR","R","M","R","T","M","M","?","NM","?","R","BOSS","M","M","?","M","M","R","E","M","T","R","E","M","M","M","R","BOSS","M","M","M","?","M","R","M","R","T","M","?","NM","M"],"items_purchased_type":["Relic"],"build_version":"2020-12-22","purchased_purges":2,"victory":false,"max_hp_per_floor":[70,70,70,70,70,70,70,70,70,70,70,70,70,70,70,70,70,70,70,70,70,70,70,70,70,77,77,77,77,77,77,77,77,77,77,77,77,77,77,77,77,77,77,77,77,77,77,77,77,77,77,77,77,77,77,77,77,77,77,77,77,70,70,70,70],"card_choices":[{"not_picked":["Hidden Blade","Sucker Punch"],"picked":"Cloak And Dagger","floor":1.0},{"not_picked":["Dagger Throw","Sucker Punch","Masterful Stab"],"picked":"SKIP","floor":3.0},{"not_picked":["infinitespire:SevenWalls","infinitespire:SealOfDarkness+"],"picked":"infinitespire:NeuralNetwork","floor":4.0},{"not_picked":["Dagger Spray","Atom Bomb"],"picked":"Sneak Up","floor":5.0},{"not_picked":["Dagger Spray","Riddle With Holes"],"picked":"REME_ShadowStrike","floor":6.0},{"not_picked":["Choke","Slice"],"picked":"Outmaneuver","floor":7.0},{"not_picked":["Prepared","Outmaneuver"],"picked":"Flying Knee","floor":13.0},{"not_picked":["Malaise","Storm of Steel"],"picked":"AT_EssenceShift","floor":16.0},{"not_picked":["Bane","Riddle With Holes","Expertise"],"picked":"SKIP","floor":18.0},{"not_picked":["Riddle With Holes","Dash"],"picked":"AT_KneejerkReflex+1","floor":21.0},{"not_picked":["Deadly Poison","Poison Darts","Quick Slash"],"picked":"SKIP","floor":24.0},{"not_picked":["Bane","Sucker Punch","REME_ShadowStrike"],"picked":"SKIP","floor":27.0},{"not_picked":["Cloak And Dagger","Outmaneuver+1","Fluid Movement"],"picked":"SKIP","floor":28.0},{"not_picked":["Sucker Punch","Deadly Poison+1","Dodge and Roll"],"picked":"SKIP","floor":30.0},{"not_picked":["Sucker Punch","Acrobatics+1","AT_WindFlip"],"picked":"SKIP","floor":35.0},{"not_picked":["Bouncing Flask","Sucker Punch","Reflex"],"picked":"SKIP","floor":36.0},{"not_picked":["Bane+1","Unload","hubris:SlightOfHand+1"],"picked":"SKIP","floor":38.0},{"not_picked":["Bane+1","Unload","hubris:SlightOfHand+1"],"picked":"SKIP","floor":38.0},{"not_picked":["hubris:SlightOfHand","Predator","Deadly Poison+1"],"picked":"SKIP","floor":39.0},{"not_picked":["Backstab","AT_Desolate+1"],"picked":"Finisher","floor":41.0},{"not_picked":["Dodge and Roll","Eviscerate"],"picked":"AT_FocusSwordFire+1","floor":42.0},{"not_picked":["infinitespire:Neurotoxin","Slice","Endless Agony+1"],"picked":"SKIP","floor":45.0},{"not_picked":["Predator","Crippling Poison","Slice"],"picked":"SKIP","floor":46.0},{"not_picked":["Backflip+1","Deadly Poison+1","hubris:Sniper+1"],"picked":"SKIP","floor":47.0},{"not_picked":["Deadly Poison+1","AT_WindFlip","Flying Knee"],"picked":"SKIP","floor":48.0},{"not_picked":["Prepared","PiercingWail","Deadly Poison"],"picked":"SKIP","floor":52.0},{"not_picked":["Dagger Throw","AT_KneejerkReflex","Flying Knee"],"picked":"SKIP","floor":53.0},{"not_picked":["hubris:TrickCloak","Dagger Spray","Deflect"],"picked":"SKIP","floor":54.0},{"not_picked":["Bane","Poisoned Stab","ReplayTheSpireMod:Tripwire"],"picked":"SKIP","floor":56.0},{"not_picked":["Atom Bomb","PiercingWail","Deflect"],"picked":"SKIP","floor":58.0},{"not_picked":["REME_ShadowStrike","Outmaneuver","Underhanded Strike"],"picked":"SKIP","floor":61.0},{"not_picked":["Underhanded Strike","AT_WomanClash","Dagger Throw"],"picked":"SKIP","floor":63.0}],"player_experience":37396,"relics_obtained":[{"floor":6.0,"key":"The Courier"},{"floor":9.0,"key":"ReplayTheSpireMod:Ninjato"},{"floor":18.0,"key":"Akabeko"},{"floor":20.0,"key":"infinitespire:CheckeredPen"},{"floor":21.0,"key":"AT_Manta"},{"floor":26.0,"key":"Strawberry"},{"floor":29.0,"key":"Replay:Blank Codex"},{"floor":30.0,"key":"Happy Flower"},{"floor":31.0,"key":"Red Mask"},{"floor":37.0,"key":"Whetstone"},{"floor":41.0,"key":"Simple Rune"},{"floor":41.0,"key":"Tiny Chest"},{"floor":43.0,"key":"Replay:WaspNest"},{"floor":45.0,"key":"Smiling Mask"},{"floor":45.0,"key":"infinitespire:Lucky Rock"},{"floor":49.0,"key":"REME_HandOfSuture"},{"floor":60.0,"key":"Blue Doll"},{"floor":63.0,"key":"Toy Ornithopter"},{"floor":63.0,"key":"Basket Of Snakes"}],"event_choices":[{"damage_healed":0.0,"max_hp_gain":0.0,"max_hp_loss":0.0,"gold_gain":0.0,"event_name":"Lab","player_choice":"Got Potions","floor":2.0,"gold_loss":0.0,"damage_taken":0.0},{"damage_healed":0.0,"max_hp_gain":0.0,"max_hp_loss":0.0,"gold_gain":75.0,"event_name":"World of Goop","player_choice":"Gather Gold","floor":12.0,"gold_loss":0.0,"damage_taken":11.0},{"damage_healed":0.0,"max_hp_gain":0.0,"max_hp_loss":0.0,"gold_gain":0.0,"event_name":"Golden Idol","player_choice":"Take Wound","floor":14.0,"gold_loss":0.0,"damage_taken":0.0,"relics_obtained":["Golden Idol"],"cards_obtained":["Injury"]},{"damage_healed":0.0,"max_hp_gain":0.0,"max_hp_loss":0.0,"gold_gain":0.0,"event_name":"Beggar","player_choice":"Ignored","floor":19.0,"gold_loss":0.0,"damage_taken":0.0},{"damage_healed":0.0,"max_hp_gain":0.0,"max_hp_loss":0.0,"gold_gain":0.0,"event_name":"Cursed Tome","player_choice":"Obtained Book","floor":29.0,"gold_loss":0.0,"damage_taken":16.0},{"damage_healed":0.0,"max_hp_gain":0.0,"max_hp_loss":0.0,"gold_gain":0.0,"event_name":"Masked Bandits","player_choice":"Fought Bandits","floor":31.0,"gold_loss":0.0,"damage_taken":0.0}],"is_beta":false,"boss_relics":[{"not_picked":["Coffee Dripper","Fusion Hammer"],"picked":"vexMod:TanglingVine"},{"not_picked":["Replay:Ancient Bell","Velvet Choker"],"picked":"Black Star"},{"not_picked":["REME_ChargedStone","vexMod:RockOfEvil"],"picked":"HoveringKite"}],"items_purged_floors":[11,22],"is_endless":true,"potions_floor_spawned":[6,7,13,16,18,28,30,31,33,36,41,42,45,46,47,53,58],"killed_by":"Gensokyo:3_Kodama","ascension_level":0}}