{"host":"w3x3n9s6mrz4xpf0","time":1609826518,"event":{"mods":["BaseMod","Minty Spire (QoL Compilation)","StSLib","SuperFastMode"],"gold_per_floor":[113,113,132,132,147,181,181,236,236,236,250,265,277,307,307,381,431,451,501,517,533,458,458,478,490,490,518,543,574,574,588,588,666,666,680,695,706,726,739,764,764,781,781,797,797,807,826,845,845,845],"floor_reached":51,"playtime":1629,"items_purged":[],"score":1545,"play_id":"d8bf8e17-5fad-4d46-a37b-a8b013f6be2c","local_time":"20210105150158","is_ascension_mode":true,"campfire_choices":[{"data":"Perfected Strike","floor":7.0,"key":"SMITH"},{"data":"Perfected Strike","floor":10.0,"key":"SMITH"},{"data":"Shockwave","floor":15.0,"key":"SMITH"},{"data":"Perfected Strike","floor":23.0,"key":"SMITH"},{"data":"Seeing Red","floor":30.0,"key":"SMITH"},{"data":"Pommel Strike","floor":32.0,"key":"SMITH"},{"floor":41,"key":"REST"},{"floor":49,"key":"REST"}],"circlet_count":0,"master_deck":["AscendersBane","Strike_R+1","Strike_R","Strike_R","Strike_R","Strike_R","Defend_R","Defend_R","Defend_R","Bash","Perfected Strike+1","Perfected Strike+1","Shockwave+1","Twin Strike","Perfected Strike+1","Shrug It Off+1","Seeing Red+1","Reaper","Perfected Strike+1","Pommel Strike+1","Twin Strike","Offering","Battle Trance+1","Twin Strike","Shrug It Off","Armaments+1"],"relics":["Burning Blood","NeowsBlessing","White Beast Statue","Boot","Potion Belt","Kunai","Odd Mushroom","Tiny House","Mummified Hand","Bag of Marbles","Juzu Bracelet","Bag of Preparation","Cursed Key","Pocketwatch"],"acts_visited":["Exordium","TheCity","TheBeyond"],"potions_floor_usage":[47,50,50,50],"damage_taken":[{"damage":0.0,"enemies":"Jaw Worm","floor":1.0,"turns":1.0},{"damage":0.0,"enemies":"2 Louse","floor":3.0,"turns":1.0},{"damage":0.0,"enemies":"Cultist","floor":5.0,"turns":1.0},{"damage":33.0,"enemies":"3 Sentries","floor":6.0,"turns":9.0},{"damage":30.0,"enemies":"3 Sentries","floor":8.0,"turns":8.0},{"damage":8.0,"enemies":"Exordium Wildlife","floor":11.0,"turns":3.0},{"damage":6.0,"enemies":"Looter","floor":12.0,"turns":2.0},{"damage":1.0,"enemies":"2 Fungi Beasts","floor":13.0,"turns":3.0},{"damage":7.0,"enemies":"The Mushroom Lair","floor":14.0,"turns":4.0},{"damage":0.0,"enemies":"Slime Boss","floor":16.0,"turns":3.0},{"damage":27.0,"enemies":"Shell Parasite","floor":18.0,"turns":5.0},{"damage":6.0,"enemies":"Spheric Guardian","floor":20.0,"turns":3.0},{"damage":24.0,"enemies":"Snake Plant","floor":21.0,"turns":3.0},{"damage":11.0,"enemies":"3 Cultists","floor":24.0,"turns":4.0},{"damage":10.0,"enemies":"Sentry and Sphere","floor":25.0,"turns":3.0},{"damage":20.0,"enemies":"Book of Stabbing","floor":27.0,"turns":4.0},{"damage":15.0,"enemies":"Gremlin Leader","floor":29.0,"turns":4.0},{"damage":0.0,"enemies":"Shelled Parasite and Fungi","floor":31.0,"turns":2.0},{"damage":74.0,"enemies":"Automaton","floor":33.0,"turns":8.0},{"damage":0.0,"enemies":"Orb Walker","floor":35.0,"turns":1.0},{"damage":0.0,"enemies":"3 Darklings","floor":36.0,"turns":1.0},{"damage":13.0,"enemies":"Jaw Worm Horde","floor":37.0,"turns":2.0},{"damage":6.0,"enemies":"Spire Growth","floor":38.0,"turns":2.0},{"damage":6.0,"enemies":"Writhing Mass","floor":39.0,"turns":2.0},{"damage":73,"enemies":"Nemesis","floor":40,"turns":5},{"damage":17,"enemies":"Jaw Worm Horde","floor":42,"turns":2},{"damage":22,"enemies":"3 Darklings","floor":44,"turns":5},{"damage":6,"enemies":"Spire Growth","floor":46,"turns":2},{"damage":12,"enemies":"Jaw Worm Horde","floor":47,"turns":3},{"damage":15,"enemies":"4 Shapes","floor":48,"turns":6},{"damage":44,"enemies":"Awakened One","floor":50,"turns":20}],"seed_played":"4987232717941788474","potions_obtained":[{"floor":3.0,"key":"DuplicationPotion"},{"floor":5.0,"key":"LiquidBronze"},{"floor":6.0,"key":"GamblersBrew"},{"floor":8.0,"key":"PowerPotion"},{"floor":11.0,"key":"ColorlessPotion"},{"floor":12.0,"key":"Block Potion"},{"floor":14.0,"key":"SneckoOil"},{"floor":16.0,"key":"BlessingOfTheForge"},{"floor":17.0,"key":"CultistPotion"},{"floor":21.0,"key":"SkillPotion"},{"floor":24.0,"key":"ColorlessPotion"},{"floor":25.0,"key":"BloodPotion"},{"floor":27.0,"key":"DuplicationPotion"},{"floor":29.0,"key":"Fire Potion"},{"floor":31.0,"key":"AttackPotion"},{"floor":33.0,"key":"Strength Potion"},{"floor":35.0,"key":"SpeedPotion"},{"floor":36.0,"key":"AttackPotion"},{"floor":37.0,"key":"Ancient Potion"},{"floor":38.0,"key":"PowerPotion"},{"floor":47,"key":"Fruit Juice"}],"is_trial":false,"path_per_floor":["M","?","M","?","M","E","R","?","T","R","M","M","M","?","R","B",null,"M","?","M","M","?","R","M","M","T","E","T","E","R","M","R","B",null,"M","M","M","M","M","E","R","M","T","M","?","M","M","M","R","B",null],"character_chosen":"IRONCLAD","items_purchased":[],"campfire_rested":2,"item_purchase_floors":[],"current_hp_per_floor":[74,63,69,69,75,48,48,24,24,24,22,22,27,26,26,32,69,48,48,48,35,35,35,45,57,57,43,43,70,70,76,76,8,62,68,74,67,67,73,12,36,25,25,20,20,20,19,10,35,9],"gold":845,"neow_bonus":"THREE_ENEMY_KILL","is_daily":false,"chose_seed":false,"campfire_upgraded":6,"win_rate":0.0,"timestamp":1609826518,"path_taken":["M","?","M","?","?","E","R","?","T","R","M","M","M","?","R","BOSS","M","?","M","M","?","R","M","M","T","E","?","E","R","M","R","BOSS","M","M","M","M","M","E","R","M","T","M","?","M","M","M","R","BOSS"],"items_purchased_type":[],"build_version":"2020-12-22","purchased_purges":0,"victory":true,"max_hp_per_floor":[75,75,75,75,75,75,75,75,75,75,75,75,75,75,75,75,80,80,80,80,80,80,80,80,80,80,80,80,80,80,80,80,80,80,80,80,80,80,80,80,80,80,80,80,80,80,85,85,85,85],"card_choices":[{"not_picked":["Clothesline","Thunderclap"],"picked":"Perfected Strike","floor":1.0},{"not_picked":["True Grit","Clothesline"],"picked":"Perfected Strike","floor":3.0},{"not_picked":["Sword Boomerang","Body Slam"],"picked":"Shockwave","floor":5.0},{"not_picked":["Shockwave","Dark Embrace"],"picked":"Twin Strike","floor":6.0},{"not_picked":["Headbutt","Body Slam"],"picked":"Perfected Strike","floor":8.0},{"not_picked":["Limit Break","Power Through"],"picked":"Shrug It Off","floor":11.0},{"not_picked":["Second Wind","Pummel"],"picked":"Seeing Red","floor":12.0},{"not_picked":["Feel No Pain","Thunderclap","Hemokinesis"],"picked":"SKIP","floor":13.0},{"not_picked":["Juggernaut","Immolate"],"picked":"Reaper","floor":16.0},{"not_picked":["Battle Trance","Body Slam"],"picked":"Perfected Strike","floor":17.0},{"not_picked":["Searing Blow+1","Blood for Blood","Shockwave"],"picked":"SKIP","floor":18.0},{"not_picked":["Sever Soul","Iron Wave+1","Flex"],"picked":"SKIP","floor":20.0},{"not_picked":["Thunderclap","Heavy Blade","Infernal Blade"],"picked":"SKIP","floor":21.0},{"not_picked":["Anger","Dark Embrace","Rampage"],"picked":"SKIP","floor":24.0},{"not_picked":["Demon Form","Headbutt","Iron Wave"],"picked":"SKIP","floor":25.0},{"not_picked":["Seeing Red","Shockwave","Entrench"],"picked":"SKIP","floor":27.0},{"not_picked":["True Grit","Cleave"],"picked":"Pommel Strike","floor":29.0},{"not_picked":["Flex","Feel No Pain"],"picked":"Twin Strike","floor":31.0},{"not_picked":["Reaper","Demon Form"],"picked":"Offering","floor":33.0},{"not_picked":["Cleave","Fire Breathing+1"],"picked":"Battle Trance+1","floor":35.0},{"not_picked":["Body Slam","Cleave+1","Armaments"],"picked":"SKIP","floor":36.0},{"not_picked":["Wild Strike","Cleave+1"],"picked":"Twin Strike","floor":37.0},{"not_picked":["Reckless Charge","Intimidate","Battle Trance+1"],"picked":"SKIP","floor":38.0},{"not_picked":["True Grit+1","Clash+1","Havoc"],"picked":"SKIP","floor":39.0},{"not_picked":["Blood for Blood+1","Headbutt","Feed"],"picked":"SKIP","floor":40},{"not_picked":["Shockwave","Body Slam+1","Clothesline+1"],"picked":"SKIP","floor":42},{"not_picked":["Body Slam+1","Power Through+1","Carnage"],"picked":"SKIP","floor":44},{"not_picked":["Dual Wield","True Grit"],"picked":"Shrug It Off","floor":46},{"not_picked":["Headbutt","Rampage","Clash"],"picked":"SKIP","floor":47},{"not_picked":["Body Slam+1","Twin Strike"],"picked":"Armaments+1","floor":48}],"player_experience":96639,"relics_obtained":[{"floor":6.0,"key":"Boot"},{"floor":8.0,"key":"Potion Belt"},{"floor":9.0,"key":"Kunai"},{"floor":14.0,"key":"Odd Mushroom"},{"floor":26.0,"key":"Mummified Hand"},{"floor":27.0,"key":"Bag of Marbles"},{"floor":28.0,"key":"Juzu Bracelet"},{"floor":29.0,"key":"Bag of Preparation"},{"floor":40,"key":"Pocketwatch"}],"event_choices":[{"damage_healed":0.0,"max_hp_gain":0.0,"max_hp_loss":0.0,"gold_gain":0.0,"event_name":"Scrap Ooze","player_choice":"Success","floor":2.0,"gold_loss":0.0,"damage_taken":11.0,"relics_obtained":["White Beast Statue"]},{"damage_healed":0.0,"max_hp_gain":0.0,"max_hp_loss":0.0,"gold_gain":0.0,"event_name":"Upgrade Shrine","player_choice":"Upgraded","floor":4.0,"gold_loss":0.0,"damage_taken":0.0,"cards_upgraded":["Perfected Strike"]},{"damage_healed":0.0,"max_hp_gain":0.0,"max_hp_loss":0.0,"gold_gain":0.0,"event_name":"Dead Adventurer","player_choice":"Searched \u00272\u0027 times","floor":8.0,"gold_loss":0.0,"damage_taken":0.0},{"damage_healed":0.0,"max_hp_gain":0.0,"max_hp_loss":0.0,"gold_gain":0.0,"event_name":"Mushrooms","player_choice":"Fought Mushrooms","floor":14.0,"gold_loss":0.0,"damage_taken":0.0},{"damage_healed":0.0,"max_hp_gain":0.0,"max_hp_loss":0.0,"gold_gain":50.0,"event_name":"Nest","player_choice":"Stole From Cult","floor":19.0,"gold_loss":0.0,"damage_taken":0.0},{"cards_removed":["Defend_R"],"damage_healed":0.0,"max_hp_gain":0.0,"max_hp_loss":0.0,"gold_gain":0.0,"event_name":"Beggar","player_choice":"Gave Gold","floor":22.0,"gold_loss":75.0,"damage_taken":0.0},{"damage_healed":0,"gold_gain":0,"player_choice":"Upgraded","damage_taken":0,"max_hp_gain":0,"max_hp_loss":0,"event_name":"Upgrade Shrine","floor":45,"gold_loss":0,"cards_upgraded":["Shrug It Off"]}],"is_beta":false,"boss_relics":[{"not_picked":["Runic Cube","Sozu"],"picked":"Tiny House"},{"not_picked":["Busted Crown","Astrolabe"],"picked":"Cursed Key"}],"items_purged_floors":[],"is_endless":false,"potions_floor_spawned":[3,5,6,8,11,12,13,14,16,18,20,21,24,25,27,29,31,33,35,36,37,38,39,40,42,44,46,47,48],"ascension_level":19}}