{"host":"i1h39d0gfh5c6uxl","time":1609815940,"event":{"mods":["AchievementEnabler","BaseMod","Colored Map","Colored Powertips","Highlight Path","Minty Spire (QoL Compilation)"],"gold_per_floor":[12,12,12,29,45,72,88,88,88,99,99,99,112,129,129,129,129],"floor_reached":16,"playtime":593,"items_purged":[],"score":208,"play_id":"8d9764ec-6faa-4231-89f5-4a6003724b0c","local_time":"20210105110540","is_ascension_mode":true,"campfire_choices":[{"floor":8,"key":"REST"},{"floor":11,"key":"REST"},{"floor":15,"key":"REST"}],"circlet_count":0,"master_deck":["AscendersBane","Strike_R","Strike_R","Strike_R","Strike_R","Defend_R","Defend_R","Defend_R","Defend_R","Bash+1","Pommel Strike","Uppercut","Clothesline","Sword Boomerang","Entrench","Iron Wave","Limit Break"],"relics":["Burning Blood","Calipers","Letter Opener","Frozen Egg 2"],"acts_visited":["Exordium"],"potions_floor_usage":[13,14,16],"damage_taken":[{"damage":8,"enemies":"2 Louse","floor":1,"turns":3},{"damage":1,"enemies":"Cultist","floor":4,"turns":3},{"damage":8,"enemies":"Small Slimes","floor":5,"turns":4},{"damage":57,"enemies":"3 Sentries","floor":6,"turns":11},{"damage":9,"enemies":"Looter","floor":7,"turns":3},{"damage":11,"enemies":"Blue Slaver","floor":10,"turns":5},{"damage":8,"enemies":"Exordium Wildlife","floor":13,"turns":4},{"damage":13,"enemies":"Large Slime","floor":14,"turns":4},{"damage":67,"enemies":"The Guardian","floor":16,"turns":16}],"seed_played":"5980281491443935608","potions_obtained":[{"floor":7,"key":"ElixirPotion"},{"floor":13,"key":"ColorlessPotion"},{"floor":14,"key":"Dexterity Potion"}],"is_trial":false,"path_per_floor":["M","?","?","M","M","E","M","R","T","M","R","?","M","M","R","B"],"character_chosen":"IRONCLAD","items_purchased":[],"campfire_rested":3,"item_purchase_floors":[],"current_hp_per_floor":[66,66,66,71,69,18,15,37,37,32,54,54,52,45,67,0,0],"gold":129,"neow_bonus":"ONE_RARE_RELIC","is_daily":false,"chose_seed":false,"campfire_upgraded":0,"win_rate":0.0,"timestamp":1609815940,"path_taken":["M","?","?","M","M","E","?","R","T","?","R","?","M","M","R","BOSS"],"items_purchased_type":[],"build_version":"2020-12-22","purchased_purges":0,"victory":false,"max_hp_per_floor":[75,75,75,75,75,75,75,75,75,75,75,75,75,75,75,75,75],"card_choices":[{"not_picked":["Body Slam","True Grit"],"picked":"Pommel Strike","floor":1},{"not_picked":["Dark Embrace","Rage"],"picked":"Clothesline","floor":4},{"not_picked":["True Grit","Thunderclap"],"picked":"Sword Boomerang","floor":5},{"not_picked":["Searing Blow","Ghostly Armor"],"picked":"Entrench","floor":6},{"not_picked":["Heavy Blade","Combust","Pommel Strike"],"picked":"SKIP","floor":7},{"not_picked":["Sentinel","Combust+1","Power Through"],"picked":"SKIP","floor":10},{"not_picked":["Thunderclap","Heavy Blade"],"picked":"Iron Wave","floor":13},{"not_picked":["Reckless Charge","Entrench"],"picked":"Limit Break","floor":14}],"player_experience":1290381,"relics_obtained":[{"floor":6,"key":"Letter Opener"},{"floor":9,"key":"Frozen Egg 2"}],"event_choices":[{"damage_healed":0,"gold_gain":0,"player_choice":"Grow","damage_taken":0,"max_hp_gain":0,"max_hp_loss":0,"event_name":"Living Wall","floor":2,"gold_loss":0,"cards_upgraded":["Bash"]},{"damage_healed":0,"gold_gain":0,"cards_transformed":["Strike_R"],"player_choice":"Transformed","damage_taken":0,"max_hp_gain":0,"max_hp_loss":0,"event_name":"Transmorgrifier","floor":3,"gold_loss":0,"cards_obtained":["Uppercut"]},{"damage_healed":0,"gold_gain":0,"player_choice":"Ignored","damage_taken":0,"max_hp_gain":0,"max_hp_loss":0,"event_name":"Shining Light","floor":12,"gold_loss":0}],"is_beta":false,"boss_relics":[],"items_purged_floors":[],"is_endless":false,"potions_floor_spawned":[7,13,14],"killed_by":"The Guardian","ascension_level":20}}