{"host":"qekv59dthhdg54sz","time":1609829871,"event":{"mods":["AchievementEnabler","BaseMod","Colored Map","DeckTracker","KOR Keyword Fix","Minty Spire (QoL Compilation)","Rare Cards Sparkle","StSLib","SuperFastMode"],"gold_per_floor":[113,125,145,158,173,173,191,191,191,21,21,21,96,96,96,96,96],"floor_reached":16,"playtime":349,"items_purged":["Strike_G"],"score":204,"play_id":"b5182f37-fcc7-4534-aa56-d5bb8da6705a","local_time":"20210105155751","is_ascension_mode":true,"campfire_choices":[{"data":"Venomology","floor":6,"key":"SMITH"},{"data":"Neutralize","floor":11,"key":"SMITH"},{"data":"Poisoned Stab","floor":15,"key":"SMITH"}],"circlet_count":0,"master_deck":["AscendersBane","Strike_G","Strike_G","Strike_G","Strike_G","Defend_G","Defend_G","Defend_G","Defend_G","Defend_G","Survivor","Neutralize+1","Venomology+1","Quick Slash","Backstab","Dagger Throw","Poisoned Stab+1","Blade Dance","Finesse"],"relics":["Ring of the Snake","Matryoshka","Golden Idol"],"acts_visited":["Exordium"],"potions_floor_usage":[4,5,7,7,8,16],"damage_taken":[{"damage":4,"enemies":"Jaw Worm","floor":1,"turns":7},{"damage":4,"enemies":"Small Slimes","floor":2,"turns":4},{"damage":0,"enemies":"2 Louse","floor":3,"turns":4},{"damage":0,"enemies":"Exordium Wildlife","floor":4,"turns":4},{"damage":7,"enemies":"3 Louse","floor":5,"turns":5},{"damage":16,"enemies":"Exordium Thugs","floor":7,"turns":6},{"damage":0,"enemies":"Gremlin Nob","floor":8,"turns":1},{"damage":15,"enemies":"Hexaghost","floor":16,"turns":9}],"seed_played":"-6302645439681305476","potions_obtained":[{"floor":2,"key":"GhostInAJar"},{"floor":3,"key":"SmokeBomb"}],"is_trial":false,"path_per_floor":["M","M","M","M","M","R","M","E","T","$","R","?","?","?","R","B"],"character_chosen":"THE_SILENT","items_purchased":["Finesse"],"campfire_rested":0,"item_purchase_floors":[10],"current_hp_per_floor":[55,51,51,51,44,44,28,28,28,28,28,48,37,16,16,1,1],"gold":96,"neow_bonus":"THREE_RARE_CARDS","is_daily":false,"chose_seed":true,"campfire_upgraded":3,"win_rate":0.0,"timestamp":1609829871,"path_taken":["M","M","M","M","M","R","M","E","T","$","R","?","?","?","R","BOSS"],"items_purchased_type":["Card"],"build_version":"2020-12-22","purchased_purges":1,"victory":false,"max_hp_per_floor":[60,60,60,60,60,60,60,60,60,60,60,60,60,60,60,60,60],"card_choices":[{"not_picked":["Unload","Envenom"],"picked":"Venomology","floor":0},{"not_picked":["Sucker Punch","Setup"],"picked":"Quick Slash","floor":1},{"not_picked":["Flying Knee","Crippling Poison"],"picked":"Backstab","floor":2},{"not_picked":["Dagger Spray","PiercingWail"],"picked":"Dagger Throw","floor":3},{"not_picked":["Terror","Dagger Spray"],"picked":"Poisoned Stab","floor":4},{"not_picked":["Prepared","All Out Attack"],"picked":"Blade Dance","floor":5},{"not_picked":["Deflect","Quick Slash","Flying Knee"],"picked":"SKIP","floor":7}],"player_experience":754443,"relics_obtained":[{"floor":9,"key":"Matryoshka"}],"event_choices":[{"damage_healed":20,"gold_gain":0,"player_choice":"Banana","damage_taken":0,"max_hp_gain":0,"max_hp_loss":0,"event_name":"Big Fish","floor":12,"gold_loss":0},{"damage_healed":0,"gold_gain":75,"player_choice":"Gather Gold","damage_taken":11,"max_hp_gain":0,"max_hp_loss":0,"event_name":"World of Goop","floor":13,"gold_loss":0},{"damage_healed":0,"gold_gain":0,"player_choice":"Take Damage","damage_taken":21,"relics_obtained":["Golden Idol"],"max_hp_gain":0,"max_hp_loss":0,"event_name":"Golden Idol","floor":14,"gold_loss":0}],"is_beta":false,"boss_relics":[],"items_purged_floors":[10],"is_endless":false,"potions_floor_spawned":[2,3,8],"killed_by":"Hexaghost","ascension_level":20}}