{"host":"v9aosx06ifh14i2w","time":1609869962,"event":{"mods":["AchievementEnabler","Bard","BaseMod","Better Altar","Better Match","Better Note","Better Sensory Stone","Better Skull","Better Third Choice","Better Vampires","Block Reminder","Colored Powertips","Curses Come First","Marked Mod","Minty Spire (QoL Compilation)","Replay The Spire","StSLib","The Construct","The Runesmith","The Servant 0.9.4","Transform Curses"],"gold_per_floor":[110,88,98,112,132,132,152,152,177,177,187,39,39,17,17,119,119,129,145,157,157,157],"floor_reached":21,"playtime":2572,"items_purged":[],"score":173,"play_id":"236b2a31-0211-4525-bd0e-d680a5eaf040","local_time":"20210105130602","is_ascension_mode":false,"campfire_choices":[{"floor":6,"key":"REST"},{"floor":8,"key":"REST"},{"floor":15,"key":"REST"}],"circlet_count":0,"master_deck":["construct:Strike_Gold","construct:Strike_Gold","construct:Strike_Gold","construct:Strike_Gold","construct:Defend_Gold","construct:Defend_Gold","construct:Defend_Gold","construct:Defend_Gold","construct:AttackMode","construct:DefenseMode","construct:Reinforce","construct:Disrupt","construct:Missile","construct:SuppressiveFire","construct:Construct_Overclock","construct:Versatility","construct:Zapper","ReplayTheSpireMod:Trickstab","construct:SiegeForm","construct:Missile+1","construct:Accumulate+1","construct:ClockworkEgg+1","construct:SaveState","construct:Forcefield+1","construct:MetalShell"],"relics":["construct:Cogwheel","betterThird:SlimedRelic","Replay:Rubber Ducky","Pen Nib","Astrolabe"],"acts_visited":["Exordium","TheCity"],"potions_floor_usage":[16,21],"damage_taken":[{"damage":11,"enemies":"Jaw Worm","floor":1,"turns":7},{"damage":5,"enemies":"Small Slimes","floor":3,"turns":6},{"damage":0,"enemies":"Cultist","floor":4,"turns":5},{"damage":7,"enemies":"Blue Slaver","floor":5,"turns":5},{"damage":45,"enemies":"Gremlin Gang","floor":7,"turns":7},{"damage":9,"enemies":"2 Fungi Beasts","floor":11,"turns":5},{"damage":33,"enemies":"The Guardian","floor":16,"turns":18},{"damage":27,"enemies":"Chosen","floor":18,"turns":5},{"damage":6,"enemies":"Shell Parasite","floor":19,"turns":7},{"damage":23,"enemies":"Snake Plant","floor":20,"turns":3},{"damage":34,"enemies":"Centurion and Healer","floor":21,"turns":4}],"seed_played":"2456707989788191528","potions_obtained":[{"floor":3,"key":"SkillPotion"},{"floor":4,"key":"AttackPotion"},{"floor":7,"key":"Fire Potion"},{"floor":20,"key":"ColorlessPotion"}],"is_trial":false,"path_per_floor":["M","?","M","M","M","R","M","R","T","?","M","$","?","$","R","B",null,"M","M","M","M"],"character_chosen":"THE_CONSTRUCT_MOD","items_purchased":["construct:Zapper","ReplayTheSpireMod:Trickstab","construct:ScrapCannon"],"campfire_rested":3,"item_purchase_floors":[12,12,14],"current_hp_per_floor":[74,63,58,58,51,76,31,56,56,56,47,47,47,47,72,39,85,58,52,29,0,0],"gold":157,"neow_bonus":"","is_daily":false,"chose_seed":false,"campfire_upgraded":0,"win_rate":0.0,"timestamp":1609869962,"path_taken":["M","?","M","M","M","R","M","R","T","?","?","$","?","$","R","BOSS","M","?","M","M"],"items_purchased_type":["Card","Card","Card"],"build_version":"2020-12-22","purchased_purges":0,"victory":false,"max_hp_per_floor":[85,85,85,85,85,85,85,85,85,85,85,85,85,85,85,85,85,85,85,85,85,85],"card_choices":[{"not_picked":["construct:SaveState","construct:ChargeShot"],"picked":"construct:Reinforce","floor":1},{"not_picked":["construct:UnbalancingBlast","construct:Synchronize"],"picked":"construct:Disrupt","floor":3},{"not_picked":["construct:Tumble","construct:CriticalHit"],"picked":"construct:Missile","floor":4},{"not_picked":["construct:Analyze","construct:SaveState"],"picked":"construct:SuppressiveFire","floor":5},{"not_picked":["construct:Versatility","construct:Accumulate"],"picked":"construct:Construct_Overclock","floor":7},{"not_picked":["construct:ClusterMines","construct:SuppressiveFire"],"picked":"construct:Versatility","floor":11},{"not_picked":["construct:Multistage","construct:BatteryCore"],"picked":"construct:SiegeForm","floor":16},{"not_picked":["construct:Autoturret","construct:Analyze"],"picked":"construct:SaveState","floor":18},{"not_picked":["construct:Autoturret+1","construct:Backfire"],"picked":"construct:Forcefield+1","floor":19},{"not_picked":["construct:ShiftStrike","construct:Analyze+1"],"picked":"construct:MetalShell","floor":20}],"player_experience":0,"relics_obtained":[{"floor":9,"key":"Replay:Rubber Ducky"}],"event_choices":[{"damage_healed":0,"gold_gain":0,"player_choice":"Slimed","damage_taken":11,"max_hp_gain":0,"max_hp_loss":0,"event_name":"betterThird:BetterGoop","floor":2,"gold_loss":22},{"cards_removed":["construct:Defend_Gold"],"damage_healed":0,"gold_gain":0,"player_choice":"Card Removal","damage_taken":0,"max_hp_gain":0,"max_hp_loss":0,"event_name":"Wheel of Change","floor":10,"gold_loss":0},{"damage_healed":0,"gold_gain":0,"player_choice":"Gave Potion","damage_taken":0,"relics_obtained":["Pen Nib"],"max_hp_gain":0,"max_hp_loss":0,"event_name":"WeMeetAgain","floor":13,"gold_loss":0}],"is_beta":false,"boss_relics":[{"not_picked":["Ring of Chaos","Kintsugi"],"picked":"Astrolabe"}],"items_purged_floors":[],"is_endless":false,"potions_floor_spawned":[3,4,7,20],"killed_by":"Centurion and Healer","ascension_level":0}}