{"host":"q79spna8ofw6hj3r","time":1609810932,"event":{"mods":["Aspiration","BaseMod","Bestiary","Better Altar","Better Match","Better Note","Better Sensory Stone","Better Skull","Better Third Choice","Better Vampires","BetterRewards","Block Reminder","Card Filter","Challenge The Spire","Colored Map","Colored Powertips","Conspire","Custom Start","Energized Spire","Halation","Hubris","Infinite Spire","Jedi Mod","Mimic Mod","Minty Spire (QoL Compilation)","Permanent Neow","Quick Restart","Relic Filter","Relic Sorter","Replay The Spire","Shop Mod","StSLib","SuperFastMode","Synergy Search","The Servant 0.9.4","vexMod"],"gold_per_floor":[119,38,130,902,601,601,620,620,620,631,666,666,666,666,666,766,766],"floor_reached":16,"playtime":484,"items_purged":["Strike_S"],"score":146,"play_id":"75ea9edd-47e6-4b69-8763-d277afcb8719","local_time":"20210105034212","is_ascension_mode":false,"campfire_choices":[{"data":"StarChef","floor":6,"key":"SMITH"},{"data":"Luminosity","floor":8,"key":"SMITH"},{"floor":15,"key":"REST"}],"circlet_count":0,"master_deck":["conspire:GhostlyStrike","conspire:GhostlyStrike","conspire:GhostlyStrike","conspire:GhostlyDefend","conspire:GhostlyDefend","conspire:GhostlyDefend","conspire:GhostlyDefend","KidneyShot+1","Exchange","Rearm","SurpressingFire","StarChef+1","Luminosity+1","Hallucinations"],"relics":["Uniform","hubris:Icosahedron","jedi:cryingmask","Pen Nib","halation:PromiseList","Replay:Mystery Machine","Ring of Searing","Ring of Peace"],"acts_visited":["Exordium"],"potions_floor_usage":[],"damage_taken":[{"damage":2,"enemies":"2 Louse","floor":1,"turns":3},{"damage":1,"enemies":"Small Slimes","floor":7,"turns":6},{"damage":0,"enemies":"Jaw Worm","floor":10,"turns":5},{"damage":4,"enemies":"Lagavulin","floor":11,"turns":13},{"damage":37,"enemies":"Fading Forest","floor":16,"turns":7}],"seed_played":"-3196419794321606339","potions_obtained":[{"floor":1,"key":"jedi:tentaclejuice"},{"floor":10,"key":"SkillPotion"}],"is_trial":false,"path_per_floor":["M","$","?","?","$","R","M","R","T","M","E","?","?","?","R","B"],"character_chosen":"THE_SERVANT","items_purchased":["SurpressingFire","Luminosity","Pen Nib"],"campfire_rested":1,"item_purchase_floors":[2,5,5],"current_hp_per_floor":[63,63,63,6,6,6,5,5,5,5,1,1,1,1,20,0,0],"gold":766,"neow_bonus":"UPGRADE_CARD","is_daily":false,"chose_seed":false,"campfire_upgraded":2,"win_rate":0.0,"timestamp":1609810932,"path_taken":["M","$","?","?","$","R","?","R","T","M","E","?","?","?","R","BOSS"],"items_purchased_type":["Card","Card","Relic"],"build_version":"2020-12-22","purchased_purges":1,"victory":false,"max_hp_per_floor":[65,65,65,65,65,65,65,65,65,65,65,65,65,65,65,65,65],"card_choices":[{"not_picked":["WasteNot","Starlight"],"picked":"Rearm","floor":1},{"not_picked":["ShatteredReality","Starlight"],"picked":"StarChef","floor":3},{"not_picked":["Unruled","Revamp","Replace"],"picked":"SKIP","floor":7},{"not_picked":["Defy","Rewind","Shuttle"],"picked":"SKIP","floor":10},{"not_picked":["PendulumOfEternity","Revamp","Collapse"],"picked":"SKIP","floor":11}],"player_experience":203644,"relics_obtained":[{"floor":3,"key":"jedi:cryingmask"},{"floor":9,"key":"halation:PromiseList"},{"floor":11,"key":"Replay:Mystery Machine"},{"floor":13,"key":"Ring of Searing"},{"floor":13,"key":"Ring of Peace"}],"event_choices":[{"damage_healed":0,"gold_gain":772,"player_choice":"GO GO GO GO GO GO GO ","damage_taken":64,"relics_obtained":[],"max_hp_gain":0,"max_hp_loss":0,"event_name":"betterSkull:BetterSkull","floor":4,"gold_loss":0,"cards_upgraded":[]},{"damage_healed":0,"gold_gain":0,"player_choice":"Agree","damage_taken":0,"max_hp_gain":0,"max_hp_loss":0,"event_name":"conspire:LoneGhost","floor":12,"gold_loss":0}],"is_beta":false,"boss_relics":[],"items_purged_floors":[5],"is_endless":false,"potions_floor_spawned":[1,10],"killed_by":"Fading Forest","ascension_level":0}}