{"host":"wonp23fsqqcu31ie","time":1609851524,"event":{"mods":["2.2 Compatiblity","AchievementEnabler","Aspiration","BaseMod","Bestiary","Better Altar","Better Match","Better Sensory Stone","Better Skull","Better Third Choice","BetterRewards","Block Reminder","Colored Map","Colored Powertips","Conspire","Curses Come First","DeckTracker","Displayed Cursed Tome","Downfall","Evolution","Hermit","Highlight Path","Hubris","Marisa????????","Minty Spire (QoL Compilation)","Permanent Neow","Prisma Mod","Quick Restart","Rare Cards Sparkle","Relic Stats","Replay The Spire","Robot Space Explorer","Shade Mod","Shop Mod","StSLib","SuperFastMode","The Animator","The Bug Knight","The Construct","The Cursed","The Dragon Tamer","The Gatherer","The Marked","The Necromancer","The Runesmith","The Servant 0.9.4"],"gold_per_floor":[111,111,129,141,141,174,174,174,174,174,139,139,168,181,181,282,282,270,320,337,350,102,122,152,152,152],"floor_reached":25,"playtime":945,"items_purged":[],"score":231,"play_id":"034e2b29-f647-4316-b351-15c06302471f","local_time":"20210105235844","is_ascension_mode":false,"campfire_choices":[{"data":"HollowMod:DungDefenderAura","floor":7,"key":"SMITH"},{"floor":15,"key":"RECALL"}],"circlet_count":0,"master_deck":["HollowMod:NailStrikeStart","HollowMod:NailStrikeStart","HollowMod:NailStrikeStart","HollowMod:NailStrikeStart","HollowMod:QuickDashStart","HollowMod:QuickDashStart","HollowMod:QuickDashStart","HollowMod:FocusHealStart+1","HollowMod:PogoStrike","HollowMod:BlackTendrils+1","Iron Wave","HollowMod:WraithStrike+1","HollowMod:CoiledNail","HollowMod:DungDefenderAura+1","HollowMod:SharpenedNail","HollowMod:QuirrelsAssistance","HollowMod:MidwifesHunger","HollowMod:NewLittleFool+1","HollowMod:MantisMark","HollowMod:DoubleDash+1","expansioncontent:DefensiveMode","HollowMod:Grubsong","HollowMod:SoulShaman"],"relics":["HollowMod:VesselMask","EVO:Axolotl","Toy Ornithopter","hubris:TenFootPole","ReplayTheSpireMod:TigerMarble","Mercury Hourglass","construct:WeddingRing","MerchantsRug","Orichalcum"],"acts_visited":["Exordium","TheCity"],"potions_floor_usage":[16,16,20,24],"damage_taken":[{"damage":1.0,"enemies":"Jaw Worm","floor":1.0,"turns":3.0},{"damage":6,"enemies":"Cultist","floor":3,"turns":4},{"damage":0,"enemies":"2 Louse","floor":4,"turns":2},{"damage":21,"enemies":"Gremlin Nob","floor":6,"turns":4},{"damage":62,"enemies":"3 Sentries","floor":13,"turns":12},{"damage":3,"enemies":"Looter","floor":14,"turns":2},{"damage":52,"enemies":"Fading Forest","floor":16,"turns":11},{"damage":19,"enemies":"2 Thieves","floor":18,"turns":4},{"damage":24,"enemies":"3 Byrds","floor":20,"turns":4},{"damage":5,"enemies":"Centurion and Healer","floor":21,"turns":5},{"damage":20,"enemies":"Snake Plant","floor":23,"turns":6},{"damage":39,"enemies":"Book of Stabbing","floor":24,"turns":7},{"damage":20,"enemies":"Cultist and Chosen","floor":25,"turns":4}],"seed_played":"-7935049674188556247","potions_obtained":[{"floor":6,"key":"Strength Potion"},{"floor":14,"key":"Venom Potion"},{"floor":18,"key":"hexamod:EctoCoolerPotion"},{"floor":21,"key":"Block Potion"}],"is_trial":false,"path_per_floor":["M","?","M","M","?","E","R","?","T","T","?","T","E","M","R","B",null,"M","?","M","M","$","M","E","M"],"character_chosen":"THE_BUGKNIGHT","items_purchased":["MerchantsRug","expansioncontent:DefensiveMode"],"campfire_rested":0,"item_purchase_floors":[22,22],"current_hp_per_floor":[74,74,75,75,75,60,60,60,60,60,75,75,28,28,28,12,75,58,58,46,50,50,42,14,0,0],"gold":152,"neow_bonus":"UPGRADE_CARD","is_daily":false,"chose_seed":false,"campfire_upgraded":1,"win_rate":0.0,"timestamp":1609851524,"path_taken":["M","?","?","M","?","E","R","?","T","?","?","?","E","?","R","BOSS","M","?","?","M","$","M","E","M"],"items_purchased_type":["Relic","Card"],"build_version":"2020-12-22","purchased_purges":0,"victory":false,"max_hp_per_floor":[75,75,75,75,75,75,75,75,75,75,75,75,75,75,75,75,75,75,75,75,75,75,75,75,75,75],"relic_stats":{"counters":[47,204],"Orichalcum":[6],"obtain_stats":[{"Replay:Accelerometer":2,"Regal Pillow":14,"HollowMod:VesselMask":0,"Blue Doll":7,"EVO:Axolotl":0,"HollowMod:MillibellesNoteRelic":0,"Pet Ghost":0,"ClockworkSouvenir":0,"hubris:Icosahedron":4,"aspiration:ArtOfWarUpgrade":23,"Replay:Bottled Steam":8,"Potion Belt":0,"MerchantsRug":0,"HollowMod:LifeEnderRelic":9,"construct:WeddingRing":17,"aspiration:Nostalgia":0,"HollowMod:GreatKnightMask":20,"Orichalcum":24,"Akabeko":6,"Mercury Hourglass":13,"Ornamental Fan":0,"hubris:Spice":2,"SaiyanSoul":0,"Art of War":10,"hubris:TenFootPole":10,"ReplayTheSpireMod:TigerMarble":12,"Runesmith:AutoHammer":9,"conspire:DeflatedDodgeball":24,"hubris:OldNail":9,"Toy Ornithopter":6},{"Replay:Accelerometer":1,"Regal Pillow":8,"HollowMod:VesselMask":0,"Blue Doll":13,"EVO:Axolotl":0,"HollowMod:MillibellesNoteRelic":0,"Pet Ghost":0,"ClockworkSouvenir":0,"hubris:Icosahedron":1,"aspiration:ArtOfWarUpgrade":21,"Replay:Bottled Steam":29,"Potion Belt":23,"MerchantsRug":0,"HollowMod:LifeEnderRelic":14,"construct:WeddingRing":41,"aspiration:Nostalgia":9,"HollowMod:GreatKnightMask":20,"Orichalcum":46,"Akabeko":27,"Mercury Hourglass":39,"Ornamental Fan":0,"hubris:Spice":10,"SaiyanSoul":9,"Art of War":14,"hubris:TenFootPole":38,"ReplayTheSpireMod:TigerMarble":38,"Runesmith:AutoHammer":29,"conspire:DeflatedDodgeball":22,"hubris:OldNail":4,"Toy Ornithopter":38},{"Replay:Accelerometer":4,"Regal Pillow":31,"HollowMod:VesselMask":0,"Blue Doll":54,"EVO:Axolotl":0,"HollowMod:MillibellesNoteRelic":0,"Pet Ghost":0,"ClockworkSouvenir":0,"hubris:Icosahedron":4,"aspiration:ArtOfWarUpgrade":90,"Replay:Bottled Steam":123,"Potion Belt":103,"MerchantsRug":0,"HollowMod:LifeEnderRelic":57,"construct:WeddingRing":175,"aspiration:Nostalgia":37,"HollowMod:GreatKnightMask":87,"Orichalcum":200,"Akabeko":116,"Mercury Hourglass":162,"Ornamental Fan":0,"hubris:Spice":40,"SaiyanSoul":37,"Art of War":57,"hubris:TenFootPole":150,"ReplayTheSpireMod:TigerMarble":150,"Runesmith:AutoHammer":123,"conspire:DeflatedDodgeball":98,"hubris:OldNail":18,"Toy Ornithopter":150}],"Toy Ornithopter":20,"Mercury Hourglass":[220]},"card_choices":[{"not_picked":["HollowMod:DoubleDash","HollowMod:WraithStrike"],"picked":"HollowMod:BlackTendrils","floor":1.0},{"not_picked":["HollowMod:CloakDash","HollowMod:NewLittleFool"],"picked":"HollowMod:WraithStrike","floor":3},{"not_picked":["HollowMod:TaintedHusks","HollowMod:RecoilStrike"],"picked":"HollowMod:CoiledNail","floor":4},{"not_picked":["HollowMod:SiblingsSouls","HollowMod:VengefulVoid"],"picked":"HollowMod:DungDefenderAura","floor":6},{"not_picked":["HollowMod:CrystalDash","HollowMod:NewJinnsSoul"],"picked":"HollowMod:SharpenedNail","floor":13},{"not_picked":["HollowMod:CoiledNail","HollowMod:InfectedAttack"],"picked":"HollowMod:QuirrelsAssistance","floor":14},{"not_picked":["HollowMod:PureVessel","HollowMod:VoidDash"],"picked":"HollowMod:MidwifesHunger","floor":16},{"not_picked":["HollowMod:PerfectDash","HollowMod:HeavyBlow"],"picked":"HollowMod:NewLittleFool+1","floor":18},{"not_picked":["HollowMod:DungDefenderAura","HollowMod:FastStrike"],"picked":"HollowMod:MantisMark","floor":20},{"not_picked":["HollowMod:QuirrelsAssistance","HollowMod:VengefulVoid"],"picked":"HollowMod:DoubleDash+1","floor":21},{"not_picked":["HollowMod:DreamGate+1","HollowMod:CoiledNail"],"picked":"HollowMod:Grubsong","floor":23},{"not_picked":["HollowMod:LifebloodCocoon","HollowMod:SoulStrike"],"picked":"HollowMod:SoulShaman","floor":24}],"player_experience":464058,"relics_obtained":[{"floor":6,"key":"Toy Ornithopter"},{"floor":10,"key":"hubris:TenFootPole"},{"floor":12,"key":"ReplayTheSpireMod:TigerMarble"},{"floor":13,"key":"Mercury Hourglass"},{"floor":24,"key":"Orichalcum"}],"event_choices":[{"cards_removed":["HollowMod:QuickDashStart"],"damage_healed":0,"gold_gain":0,"player_choice":"Took Card","damage_taken":0,"max_hp_gain":0,"max_hp_loss":0,"event_name":"NoteForYourself","floor":2,"gold_loss":0,"cards_obtained":["Iron Wave"]},{"damage_healed":18,"gold_gain":0,"player_choice":"Healed","damage_taken":0,"max_hp_gain":0,"max_hp_loss":0,"event_name":"The Cleric","floor":11,"gold_loss":35},{"damage_healed":0,"gold_gain":100,"player_choice":"Bet on Murderer","damage_taken":0,"max_hp_gain":0,"max_hp_loss":0,"event_name":"The Joust","floor":19,"gold_loss":50}],"is_beta":false,"boss_relics":[{"not_picked":["Black Star","hubris:HollowSoul"],"picked":"construct:WeddingRing"}],"items_purged_floors":[],"is_endless":false,"potions_floor_spawned":[6,14,18,21],"killed_by":"Cultist and Chosen","ascension_level":0}}