{"host":"19tvufa8xx4wr4o1","time":1609809571,"event":{"mods":["AchievementEnabler","BaseMod","Better Sensory Stone","Better Third Choice","Highlight Path","Minty Spire (QoL Compilation)","Relic Stats","StSLib"],"gold_per_floor":[110,181,31,0,17,45,45,58,58,83,105,105,33,50,50,126,126,141,141,66,80,80,113,113,113,113,126,126,126,144,176,176,255,255,274,287,20,31,43,43,77,77,102,122,122,122,12,12,12,12],"floor_reached":51,"playtime":2343,"items_purged":["Strike_P"],"score":1249,"play_id":"98051478-84e7-46e0-8e5a-bc227a8462bd","local_time":"20210104191931","is_ascension_mode":true,"campfire_choices":[{"floor":7.0,"key":"REST"},{"floor":12.0,"key":"REST"},{"data":"Eruption","floor":15.0,"key":"SMITH"},{"floor":24.0,"key":"REST"},{"floor":29.0,"key":"REST"},{"floor":32.0,"key":"REST"},{"floor":40,"key":"REST"},{"floor":45,"key":"REST"},{"floor":49,"key":"REST"}],"circlet_count":0,"master_deck":["AscendersBane","Strike_P","Defend_P","Defend_P","Defend_P","Defend_P","Eruption+1","Vigilance","WheelKick","BattleHymn","Protect","EmptyMind","FearNoEvil","LikeWater+1","Fasting2+1","Vault","LikeWater+1","Indignation+1","Wallop","Vengeance","Wallop","WaveOfTheHand","FearNoEvil","Vault","Wallop","Adaptation+1","Meditate","Tantrum","MentalFortress+1","DevaForm+1","Wallop"],"relics":["SlaversCollar","Bag of Marbles","Frozen Egg 2","Ornamental Fan","Happy Flower","Odd Mushroom","Fusion Hammer","Bottled Lightning","Sundial","Akabeko","Sozu","HandDrill","Lantern","Juzu Bracelet"],"acts_visited":["Exordium","TheCity","TheBeyond"],"potions_floor_usage":[],"damage_taken":[{"damage":10.0,"enemies":"Cultist","floor":1.0,"turns":6.0},{"damage":2.0,"enemies":"2 Louse","floor":5.0,"turns":3.0},{"damage":17.0,"enemies":"3 Sentries","floor":6.0,"turns":6.0},{"damage":7.0,"enemies":"Jaw Worm","floor":8.0,"turns":3.0},{"damage":8.0,"enemies":"Lagavulin","floor":10.0,"turns":6.0},{"damage":14.0,"enemies":"The Mushroom Lair","floor":11.0,"turns":5.0},{"damage":6.0,"enemies":"3 Louse","floor":14.0,"turns":7.0},{"damage":26.0,"enemies":"Hexaghost","floor":16.0,"turns":12.0},{"damage":9.0,"enemies":"Chosen","floor":18.0,"turns":6.0},{"damage":4.0,"enemies":"Shell Parasite","floor":21.0,"turns":5.0},{"damage":1.0,"enemies":"Slavers","floor":23.0,"turns":6.0},{"damage":0.0,"enemies":"Cultist and Chosen","floor":27.0,"turns":6.0},{"damage":6.0,"enemies":"Snake Plant","floor":30.0,"turns":5.0},{"damage":6.0,"enemies":"Gremlin Leader","floor":31.0,"turns":7.0},{"damage":4.0,"enemies":"Automaton","floor":33.0,"turns":9.0},{"damage":0.0,"enemies":"3 Shapes","floor":35.0,"turns":5.0},{"damage":24,"enemies":"3 Darklings","floor":36,"turns":6},{"damage":0,"enemies":"4 Shapes","floor":38,"turns":4},{"damage":0,"enemies":"Jaw Worm Horde","floor":39,"turns":3},{"damage":11,"enemies":"Reptomancer","floor":41,"turns":5},{"damage":0,"enemies":"Maw","floor":44,"turns":7},{"damage":7,"enemies":"Time Eater","floor":50,"turns":10}],"seed_played":"1242648241696704095","potions_obtained":[{"floor":1.0,"key":"PowerPotion"},{"floor":8.0,"key":"PowerPotion"},{"floor":14.0,"key":"Regen Potion"},{"floor":21.0,"key":"AttackPotion"},{"floor":23.0,"key":"Explosive Potion"},{"floor":30.0,"key":"Weak Potion"},{"floor":31.0,"key":"Explosive Potion"}],"is_trial":false,"path_per_floor":["M","?","$","?","M","E","R","M","T","E","?","R","$","M","R","B",null,"M","?","$","M","?","E","R","?","T","M","?","R","M","E","R","B",null,"M","M","$","M","M","R","E","$","T","M","R","?","?","?","R","B",null],"character_chosen":"WATCHER","items_purchased":["Bag of Marbles","Fasting2+1","Adaptation+1","Meditate","HandDrill"],"campfire_rested":8,"item_purchase_floors":[3,13,37,37,37],"current_hp_per_floor":[51,51,51,51,49,32,52,45,45,37,23,43,43,37,37,26,58,49,30,30,26,26,25,46,46,46,46,46,67,61,55,73,69,72,72,48,48,48,48,69,58,58,58,58,73,55,55,55,73,66],"gold":12,"neow_bonus":"BOSS_RELIC","is_daily":false,"chose_seed":false,"campfire_upgraded":1,"win_rate":0.0,"timestamp":1609809571,"path_taken":["M","?","$","?","M","E","R","M","T","E","?","R","$","M","R","BOSS","M","?","$","M","?","E","R","?","T","M","?","R","?","E","R","BOSS","M","M","?","M","M","R","E","$","T","M","R","?","?","?","R","BOSS"],"items_purchased_type":["Relic","Card","Card","Card","Relic"],"build_version":"2020-12-22","purchased_purges":1,"victory":true,"max_hp_per_floor":[68,68,68,68,68,68,68,68,68,68,68,68,68,68,68,68,68,68,73,73,73,73,73,73,73,73,73,73,73,73,73,73,73,73,73,73,73,73,73,73,73,73,73,73,73,73,73,73,73,73],"relic_stats":{"Sozu":4,"Happy Flower":[36],"counters":[22,132],"Ornamental Fan":[120],"Sundial":[6],"HandDrill":[8],"Juzu Bracelet":1,"obtain_stats":[{"Lantern":41,"Happy Flower":10,"Juzu Bracelet":43,"Frozen Egg 2":6,"Odd Mushroom":11,"Akabeko":31,"Sozu":34,"SlaversCollar":0,"Ornamental Fan":9,"Sundial":26,"Fusion Hammer":17,"Bag of Marbles":3,"HandDrill":37,"Bottled Lightning":23,"PureWater":0},{"Lantern":20,"Happy Flower":5,"Juzu Bracelet":20,"Frozen Egg 2":3,"Odd Mushroom":6,"Akabeko":14,"Sozu":15,"SlaversCollar":0,"Ornamental Fan":4,"Sundial":11,"Fusion Hammer":8,"Bag of Marbles":1,"HandDrill":17,"Bottled Lightning":11,"PureWater":0},{"Lantern":115,"Happy Flower":24,"Juzu Bracelet":115,"Frozen Egg 2":15,"Odd Mushroom":29,"Akabeko":83,"Sozu":92,"SlaversCollar":0,"Ornamental Fan":18,"Sundial":65,"Fusion Hammer":48,"Bag of Marbles":6,"HandDrill":103,"Bottled Lightning":65,"PureWater":0}]},"card_choices":[{"not_picked":["BowlingBash","CutThroughFate"],"picked":"WheelKick","floor":1.0},{"not_picked":["Collect","PathToVictory"],"picked":"BattleHymn","floor":5.0},{"not_picked":["CutThroughFate","CrushJoints"],"picked":"Protect","floor":6.0},{"not_picked":["BowlingBash","DeusExMachina"],"picked":"EmptyMind","floor":8.0},{"not_picked":["Collect","Worship"],"picked":"FearNoEvil","floor":10.0},{"not_picked":["JustLucky","Weave"],"picked":"LikeWater+1","floor":11.0},{"not_picked":["BowlingBash","Collect","SashWhip"],"picked":"SKIP","floor":14.0},{"not_picked":["SpiritShield","Wish"],"picked":"Vault","floor":16.0},{"not_picked":["FlyingSleeves","PathToVictory"],"picked":"LikeWater+1","floor":18.0},{"not_picked":["Evaluate","CutThroughFate+1"],"picked":"Indignation","floor":21.0},{"not_picked":["LikeWater+1","ConjureBlade"],"picked":"Wallop","floor":23.0},{"not_picked":["ThirdEye","FearNoEvil","JustLucky"],"picked":"SKIP","floor":27.0},{"not_picked":["ClearTheMind","FlyingSleeves"],"picked":"WaveOfTheHand","floor":30.0},{"not_picked":["BowlingBash","ClearTheMind"],"picked":"FearNoEvil","floor":31.0},{"not_picked":["Devotion+1","Brilliance"],"picked":"Vault","floor":33.0},{"not_picked":["WheelKick","Study+1","ClearTheMind"],"picked":"SKIP","floor":35.0},{"not_picked":["Halt","FlurryOfBlows"],"picked":"Wallop","floor":36},{"not_picked":["Fasting2+1","Protect"],"picked":"Tantrum","floor":38},{"not_picked":["FlyingSleeves+1","Meditate","WaveOfTheHand"],"picked":"SKIP","floor":39},{"not_picked":["EmptyFist+1","SandsOfTime"],"picked":"MentalFortress+1","floor":41},{"not_picked":["FlurryOfBlows","Halt","Meditate"],"picked":"SKIP","floor":44}],"player_experience":552109,"relics_obtained":[{"floor":6.0,"key":"Frozen Egg 2"},{"floor":9.0,"key":"Ornamental Fan"},{"floor":10.0,"key":"Happy Flower"},{"floor":11.0,"key":"Odd Mushroom"},{"floor":23.0,"key":"Bottled Lightning"},{"floor":26.0,"key":"Sundial"},{"floor":31.0,"key":"Akabeko"},{"floor":41,"key":"Lantern"},{"floor":43,"key":"Juzu Bracelet"}],"event_choices":[{"damage_healed":0.0,"max_hp_gain":0.0,"max_hp_loss":0.0,"gold_gain":71.0,"event_name":"Golden Wing","player_choice":"Gained Gold","floor":2.0,"gold_loss":0.0,"damage_taken":0.0},{"damage_healed":0.0,"max_hp_gain":0.0,"max_hp_loss":0.0,"gold_gain":0.0,"event_name":"betterThird:BetterGoop","player_choice":"Left","floor":4.0,"gold_loss":31.0,"damage_taken":0.0},{"damage_healed":0.0,"max_hp_gain":0.0,"max_hp_loss":0.0,"gold_gain":0.0,"event_name":"Mushrooms","player_choice":"Fought Mushrooms","floor":11.0,"gold_loss":0.0,"damage_taken":0.0},{"damage_healed":0.0,"max_hp_gain":5.0,"max_hp_loss":0.0,"gold_gain":0.0,"event_name":"Forgotten Altar","player_choice":"Shed Blood","floor":19.0,"gold_loss":0.0,"damage_taken":24.0},{"damage_healed":0.0,"max_hp_gain":0.0,"max_hp_loss":0.0,"gold_gain":0.0,"event_name":"The Library","player_choice":"Read","floor":25.0,"gold_loss":0.0,"damage_taken":0.0,"cards_obtained":["Vengeance"]},{"damage_healed":0.0,"max_hp_gain":0.0,"max_hp_loss":0.0,"gold_gain":0.0,"event_name":"Duplicator","player_choice":"Copied","floor":28.0,"gold_loss":0.0,"damage_taken":0.0,"cards_obtained":["Wallop"]},{"damage_healed":0,"gold_gain":3,"player_choice":"2","damage_taken":0,"max_hp_gain":0,"max_hp_loss":18,"event_name":"betterStone:BetterStone","floor":46,"gold_loss":0},{"cards_removed":["Strike_P"],"damage_healed":0,"gold_gain":0,"player_choice":"Upgrade and Remove","damage_taken":0,"max_hp_gain":0,"max_hp_loss":0,"event_name":"Designer","floor":47,"gold_loss":110,"cards_upgraded":["Indignation"]},{"damage_healed":0,"gold_gain":0,"cards_transformed":["Strike_P"],"player_choice":"Transformed","damage_taken":0,"max_hp_gain":0,"max_hp_loss":0,"event_name":"Transmorgrifier","floor":48,"gold_loss":0,"cards_obtained":["Wallop"]}],"is_beta":false,"boss_relics":[{"not_picked":["Coffee Dripper","Busted Crown"],"picked":"Fusion Hammer"},{"not_picked":["Black Star","Runic Dome"],"picked":"Sozu"}],"items_purged_floors":[20],"is_endless":false,"potions_floor_spawned":[1,8,14,21,23,30,31,35,38,41,44],"ascension_level":15}}