{"host":"ln76an1o32p2wxtf","time":1609851704,"event":{"mods":["AchievementEnabler","Act Like it!","BaseMod","BetterRewards","Colored Powertips","Energized Spire","GifTheSpireLib","Infinite Spire","Minty Spire (QoL Compilation)","Shop Mod","StSLib"],"gold_per_floor":[114,128,138,155,168,168,203,11,11,45,45,45,45,63,63,63,63],"floor_reached":16,"playtime":1182,"items_purged":[],"score":118,"play_id":"acbbde88-86ae-4e88-9090-0d08b3996567","local_time":"20210105210144","is_ascension_mode":true,"campfire_choices":[{"data":"WaveOfTheHand","floor":6.0,"key":"SMITH"},{"floor":13,"key":"REST"},{"floor":15,"key":"REST"}],"circlet_count":0,"master_deck":["Strike_P","Strike_P","Strike_P","Strike_P","Defend_P","Defend_P","Defend_P","Defend_P","Eruption","Vigilance","WaveOfTheHand+1","Prostrate","Mayhem","Wireheading","Injury","Indignation"],"relics":["Busted Crown","Gremlin Horn","Question Card","Lizard Tail","Golden Idol","infinitespire:Cubic Diamond"],"acts_visited":["Exordium"],"potions_floor_usage":[10,10,16],"damage_taken":[{"damage":0.0,"enemies":"Jaw Worm","floor":1.0,"turns":2.0},{"damage":0.0,"enemies":"2 Louse","floor":2.0,"turns":2.0},{"damage":2.0,"enemies":"Cultist","floor":3.0,"turns":3.0},{"damage":3.0,"enemies":"Red Slaver","floor":4.0,"turns":3.0},{"damage":2.0,"enemies":"Blue Slaver","floor":5.0,"turns":5.0},{"damage":56.0,"enemies":"3 Sentries","floor":7.0,"turns":14.0},{"damage":5,"enemies":"Lagavulin","floor":10,"turns":8},{"damage":9,"enemies":"Exordium Thugs","floor":14,"turns":7},{"damage":81,"enemies":"Hexaghost","floor":16,"turns":15}],"seed_played":"5950287769757913388","potions_obtained":[{"floor":4.0,"key":"BlessingOfTheForge"},{"floor":7.0,"key":"FearPotion"},{"floor":10,"key":"EssenceOfSteel"},{"floor":14,"key":"SmokeBomb"}],"is_trial":false,"path_per_floor":["M","M","M","M","M","R","E","$","T","E","?","?","R","M","R","B"],"character_chosen":"WATCHER","items_purchased":["Mayhem"],"campfire_rested":2,"item_purchase_floors":[8],"current_hp_per_floor":[72,72,70,67,65,65,9,9,9,4,4,4,25,16,37,0,0],"gold":63,"neow_bonus":"BOSS_RELIC","is_daily":false,"chose_seed":false,"campfire_upgraded":1,"win_rate":0.0,"timestamp":1609851704,"path_taken":["M","M","M","M","M","R","E","$","T","E","?","?","R","M","R","BOSS"],"items_purchased_type":["Card"],"build_version":"2020-12-22","purchased_purges":0,"victory":false,"max_hp_per_floor":[72,72,72,72,72,72,72,72,72,72,72,72,72,72,72,72,72],"card_choices":[{"not_picked":["EmptyMind"],"picked":"SKIP","floor":1.0},{"not_picked":["Crescendo"],"picked":"SKIP","floor":2.0},{"not_picked":["Protect"],"picked":"SKIP","floor":3.0},{"not_picked":[],"picked":"WaveOfTheHand","floor":4.0},{"not_picked":[],"picked":"Prostrate","floor":5.0},{"not_picked":["Halt"],"picked":"SKIP","floor":7.0},{"not_picked":["CrushJoints"],"picked":"Wireheading","floor":10},{"not_picked":["ClearTheMind"],"picked":"Indignation","floor":14}],"player_experience":683428,"relics_obtained":[{"floor":7.0,"key":"Gremlin Horn"},{"floor":9.0,"key":"Question Card"},{"floor":10,"key":"Lizard Tail"}],"event_choices":[{"damage_healed":0,"gold_gain":0,"player_choice":"Take Wound","damage_taken":0,"relics_obtained":["Golden Idol"],"max_hp_gain":0,"max_hp_loss":0,"event_name":"Golden Idol","floor":11,"gold_loss":0,"cards_obtained":["Injury"]}],"is_beta":false,"boss_relics":[],"items_purged_floors":[],"is_endless":false,"potions_floor_spawned":[4,7,10,14],"killed_by":"Hexaghost","ascension_level":1}}