{"host":"tvwbxqry54t86y0v","time":1609835105,"event":{"mods":["2.2 Compatiblity","A Magickal Journey","Astrologer","BaseMod","Beaked The Cultist","BetterRewards","Block Reminder","Clockwork Mod","Colored Powertips","DeckTracker","Downfall","GungeonMod","Hermit","Hubris","Infinite Spire","Ironclad Rager","Marked Mod","Mimic Mod","Minty Spire (QoL Compilation)","Potionbrewer","Replay The Spire","Shade Mod","Somnambulant","StSLib","The Bug Knight","The Cursed","The Druid","The Elementalist","The Exalted","The Forsaken","The Hierophant","The Jungle","The Marked","The Mystic","The Problem Sleuth","The Runesmith","The Senshi","The Spell Scribe","The Valiant","The Wild Card","TheFirefly","TheHeartMod","Unceasing Turn Reminder","thorton"],"gold_per_floor":[118,118,133,133,133,165,165,199,199,120,131,131,17,35,35,138,138,120,120,132,132,148,148,111,111,111,139,163,181,194,206,218,233,233,336,336,349,369,369,109,109,109,109,109],"floor_reached":43,"playtime":2119,"items_purged":[],"score":480,"play_id":"9426630e-385e-4711-b381-4d93c3764045","local_time":"20210105192505","is_ascension_mode":true,"campfire_choices":[{"data":"astrologer:RejectReality","floor":7.0,"key":"SMITH"},{"floor":12.0,"key":"REST"},{"floor":15.0,"key":"REST"},{"floor":23.0,"key":"REST"},{"floor":34.0,"key":"REST"},{"data":"astrologer:Premonition","floor":42,"key":"SMITH"}],"circlet_count":0,"master_deck":["astrologer:Strike+1","astrologer:Strike+1","astrologer:Strike+1","astrologer:Defend","astrologer:Defend","astrologer:Defend","astrologer:Defend+1","astrologer:NorthStar+1","astrologer:TheFool+1","astrologer:RejectReality+1","astrologer:Opposition+1","astrologer:FadingStar","astrologer:Confirmation+1","astrologer:Glimpse","astrologer:Opposition","astrologer:Opposition","astrologer:Conjunction+1","astrologer:Conjunction+1","astrologer:CrystalBall+1","astrologer:StarOfChange","astrologer:Opposition+1","astrologer:Novile","astrologer:Premonition+1","astrologer:Trine","astrologer:SpaceDust"],"relics":["astrologer:SkyMirror","Winged Necklace","Whetstone","Gremlin Food","Oddly Smooth Stone","Runesmith:AutoHammer","SlaversCollar","Bottled Tornado","MealTicket"],"acts_visited":["Exordium","TheCity","TheBeyond"],"potions_floor_usage":[],"damage_taken":[{"damage":0.0,"enemies":"2 Louse","floor":1.0,"turns":2.0},{"damage":0.0,"enemies":"Cultist","floor":3.0,"turns":3.0},{"damage":7.0,"enemies":"Lagavulin","floor":6.0,"turns":6.0},{"damage":18.0,"enemies":"3 Sentries","floor":8.0,"turns":8.0},{"damage":0.0,"enemies":"Small Slimes","floor":11.0,"turns":2.0},{"damage":0.0,"enemies":"Exordium Wildlife","floor":14.0,"turns":4.0},{"damage":3.0,"enemies":"Fading Forest","floor":16.0,"turns":11.0},{"damage":0.0,"enemies":"2 Thieves","floor":18.0,"turns":4.0},{"damage":4.0,"enemies":"Shell Parasite","floor":20.0,"turns":5.0},{"damage":6.0,"enemies":"Centurion and Healer","floor":22.0,"turns":8.0},{"damage":16.0,"enemies":"Book of Stabbing","floor":27.0,"turns":7.0},{"damage":12.0,"enemies":"Snake Plant","floor":29.0,"turns":4.0},{"damage":13.0,"enemies":"3 Cultists","floor":30.0,"turns":7.0},{"damage":15.0,"enemies":"Centurion and Healer","floor":31.0,"turns":9.0},{"damage":6.0,"enemies":"Cultist and Chosen","floor":32.0,"turns":6.0},{"damage":10.0,"enemies":"Chosen and Byrds","floor":33.0,"turns":8.0},{"damage":18.0,"enemies":"Champ","floor":35.0,"turns":15.0},{"damage":20.0,"enemies":"3 Shapes","floor":37.0,"turns":7.0},{"damage":47,"enemies":"3 Darklings","floor":38,"turns":8},{"damage":69,"enemies":"Sphere and 2 Shapes","floor":43,"turns":5}],"seed_played":"1616611907041197669","potions_obtained":[{"floor":1.0,"key":"SpeedPotion"},{"floor":11.0,"key":"LiquidMemories"},{"floor":16.0,"key":"Energy Potion"},{"floor":27.0,"key":"SkillPotion"},{"floor":35.0,"key":"Elixir"},{"floor":38,"key":"sneckomod:MuddlingPotion"}],"is_trial":false,"path_per_floor":["M","?","M","?","?","E","R","E","T","$","M","R","$","M","R","B",null,"M","?","M","?","M","R","$","PTL","PTL","E","T","M","M","M","M","M","R","B",null,"M","M","?","$","?","R","M"],"character_chosen":"ASTROLOGER","items_purchased":["astrologer:Confirmation","astrologer:Glimpse","astrologer:Opposition","astrologer:StarOfChange","Bottled Tornado"],"campfire_rested":4,"item_purchase_floors":[10,13,13,24,40],"current_hp_per_floor":[70,70,70,75,60,53,53,35,35,35,35,57,57,57,75,72,75,75,69,65,65,59,75,75,75,75,59,59,47,34,19,13,3,25,7,75,55,8,66,66,66,66,0,0],"gold":109,"neow_bonus":"ONE_RANDOM_RARE_CARD","is_daily":false,"chose_seed":false,"campfire_upgraded":2,"win_rate":0.0,"timestamp":1609835105,"path_taken":["M","?","?","?","?","E","R","E","T","$","M","R","?","M","R","BOSS","M","?","?","?","?","R","?","PTL","PTL","E","T","?","M","M","M","M","R","BOSS","M","M","?","$","?","R","M"],"items_purchased_type":["Card","Card","Card","Card","Relic"],"build_version":"2020-12-22","purchased_purges":0,"victory":false,"max_hp_per_floor":[70,70,70,75,75,75,75,75,75,75,75,75,75,75,75,75,75,75,75,75,75,75,75,75,75,75,75,75,75,75,75,75,75,75,75,75,75,75,66,66,66,66,66,66],"card_choices":[{"not_picked":["astrologer:Moonlight","astrologer:CometStrike","astrologer:ReadTheStars"],"picked":"SKIP","floor":1.0},{"not_picked":["astrologer:Temperance","astrologer:MeteorShower"],"picked":"astrologer:Opposition","floor":3.0},{"not_picked":["astrologer:ShiningStar","astrologer:ReadTheStars","astrologer:TheDevil"],"picked":"SKIP","floor":6.0},{"not_picked":["astrologer:Moonlight","astrologer:Quincunx"],"picked":"astrologer:FadingStar","floor":8.0},{"not_picked":["astrologer:CometStrike","astrologer:SolarFlare","astrologer:LonelyStar"],"picked":"SKIP","floor":11.0},{"not_picked":["astrologer:Cataclysm","astrologer:TheEmpress"],"picked":"astrologer:Opposition","floor":14.0},{"not_picked":["astrologer:TheSun","astrologer:HeatDeath"],"picked":"astrologer:Wish","floor":16.0},{"not_picked":["astrologer:Eclipse","astrologer:TheEmpress"],"picked":"astrologer:Conjunction+1","floor":18.0},{"not_picked":["astrologer:ReadTheStars","astrologer:Cataclysm"],"picked":"astrologer:Conjunction+1","floor":20.0},{"not_picked":["astrologer:SolarFlare","astrologer:Opposition"],"picked":"astrologer:CrystalBall+1","floor":22.0},{"not_picked":["astrologer:TheStar","astrologer:Opposition+1","astrologer:HeatDeath"],"picked":"SKIP","floor":27.0},{"not_picked":["astrologer:Radiance+1","astrologer:TheHierophant+1"],"picked":"astrologer:Opposition+1","floor":29.0},{"not_picked":["astrologer:TheHermit","astrologer:Conjunction"],"picked":"astrologer:Novile","floor":30.0},{"not_picked":["astrologer:Stardust","astrologer:Still","astrologer:Fireball+1"],"picked":"SKIP","floor":31.0},{"not_picked":["astrologer:Conjunction","astrologer:SolarFlare","astrologer:Cataclysm"],"picked":"SKIP","floor":32.0},{"not_picked":["astrologer:Eclipse","astrologer:TheHighPriestess"],"picked":"astrologer:Premonition","floor":33.0},{"not_picked":["astrologer:Starfield","astrologer:Nova"],"picked":"astrologer:Trine","floor":35.0},{"not_picked":["astrologer:Stardust","astrologer:SolarFlare+1","astrologer:CometStrike"],"picked":"SKIP","floor":37.0},{"not_picked":["astrologer:TheStar+1","astrologer:Conjunction+1"],"picked":"astrologer:SpaceDust","floor":38}],"player_experience":1086468,"relics_obtained":[{"floor":6.0,"key":"Winged Necklace"},{"floor":8.0,"key":"Whetstone"},{"floor":9.0,"key":"Gremlin Food"},{"floor":27.0,"key":"Oddly Smooth Stone"},{"floor":28.0,"key":"Runesmith:AutoHammer"},{"floor":41,"key":"MealTicket"}],"event_choices":[{"cards_removed":["astrologer:Strike"],"damage_healed":0.0,"max_hp_gain":0.0,"max_hp_loss":0.0,"gold_gain":0.0,"event_name":"Purifier","player_choice":"Purged","floor":2.0,"gold_loss":0.0,"damage_taken":0.0},{"damage_healed":0.0,"max_hp_gain":5.0,"max_hp_loss":0.0,"gold_gain":0.0,"event_name":"Big Fish","player_choice":"Donut","floor":4.0,"gold_loss":0.0,"damage_taken":0.0},{"damage_healed":0.0,"max_hp_gain":0.0,"max_hp_loss":0.0,"gold_gain":0.0,"event_name":"Shining Light","player_choice":"Entered Light","floor":5.0,"gold_loss":0.0,"damage_taken":15.0,"cards_upgraded":["astrologer:Strike","astrologer:Defend"]},{"damage_healed":0.0,"max_hp_gain":0.0,"max_hp_loss":0.0,"gold_gain":0.0,"event_name":"Knowing Skull","player_choice":"","floor":19.0,"potions_obtained":[],"gold_loss":0.0,"damage_taken":6.0,"cards_obtained":[]},{"cards_removed":["astrologer:Wish"],"damage_healed":0.0,"max_hp_gain":0.0,"max_hp_loss":0.0,"gold_gain":0.0,"event_name":"Purifier","player_choice":"Purged","floor":21.0,"gold_loss":0.0,"damage_taken":0.0},{"damage_healed":66,"gold_gain":0,"player_choice":"Heal","damage_taken":0,"max_hp_gain":0,"max_hp_loss":9,"event_name":"The Moai Head","floor":39,"gold_loss":0},{"damage_healed":0,"gold_gain":0,"player_choice":"Relic","damage_taken":0,"max_hp_gain":0,"max_hp_loss":0,"event_name":"Wheel of Change","floor":41,"gold_loss":0}],"is_beta":false,"boss_relics":[{"not_picked":["Runic Pyramid","Replay:Drink Me","ReplayTheSpireMod:DimensionalGlitch"]},{"not_picked":["Cursed Key","Runic Dome"],"picked":"SlaversCollar"}],"items_purged_floors":[],"is_endless":false,"potions_floor_spawned":[1,11,16,20,27,35,38],"killed_by":"Sphere and 2 Shapes","ascension_level":1}}