{"host":"w9yruvs4bqht6bhw","time":1609817771,"event":{"mods":["BaseMod","Colored Powertips","Minty Spire (QoL Compilation)"],"gold_per_floor":[118,132,147,147,222,222,250,250,250,250,275,7,22,40,40,142,142,159,159,177,193,6,6,40,40,40,40,40],"floor_reached":27,"playtime":857,"items_purged":["Strike_R","Strike_R"],"score":337,"play_id":"b3b4dc49-d414-4abc-b310-b72f4f856d88","local_time":"20210104223611","is_ascension_mode":true,"campfire_choices":[{"data":"Fiend Fire","floor":6,"key":"SMITH"},{"data":"Anger","floor":8,"key":"SMITH"},{"data":"Clothesline","floor":15,"key":"SMITH"},{"data":"Swift Strike","floor":23,"key":"SMITH"},{"floor":25,"key":"REST"}],"circlet_count":0,"master_deck":["Strike_R","Strike_R","Defend_R","Defend_R","Defend_R","Defend_R","Bash","Fiend Fire+1","Clothesline+1","Anger+1","Spot Weakness","Anger+1","Swift Strike+1"],"relics":["Burning Blood","Gremlin Horn","Pen Nib","Calipers","DollysMirror","Black Star","MealTicket","Tiny Chest","Meat on the Bone"],"acts_visited":["Exordium","TheCity"],"potions_floor_usage":[13,13,16,16,24,24,24],"damage_taken":[{"damage":0,"enemies":"Cultist","floor":1,"turns":2},{"damage":0,"enemies":"Jaw Worm","floor":2,"turns":3},{"damage":1,"enemies":"2 Louse","floor":3,"turns":3},{"damage":24,"enemies":"Gremlin Nob","floor":7,"turns":4},{"damage":30,"enemies":"3 Sentries","floor":11,"turns":6},{"damage":0,"enemies":"Lots of Slimes","floor":13,"turns":2},{"damage":0,"enemies":"Exordium Thugs","floor":14,"turns":3},{"damage":18,"enemies":"Slime Boss","floor":16,"turns":8},{"damage":9,"enemies":"3 Byrds","floor":18,"turns":6},{"damage":16,"enemies":"Shell Parasite","floor":20,"turns":3},{"damage":8,"enemies":"Cultist and Chosen","floor":21,"turns":4},{"damage":42,"enemies":"Slavers","floor":24,"turns":5},{"damage":42,"enemies":"Book of Stabbing","floor":27,"turns":4}],"seed_played":"267514728799482401","potions_obtained":[{"floor":11,"key":"BloodPotion"},{"floor":13,"key":"ColorlessPotion"},{"floor":14,"key":"Swift Potion"},{"floor":16,"key":"Strength Potion"},{"floor":20,"key":"FearPotion"},{"floor":21,"key":"Swift Potion"},{"floor":24,"key":"Weak Potion"}],"is_trial":false,"path_per_floor":["M","M","M","$","?","R","E","R","T","?","E","$","M","M","R","B",null,"M","?","M","M","$","R","E","R","T","E"],"character_chosen":"IRONCLAD","items_purchased":["DollysMirror","Strength Potion","Swift Strike"],"campfire_rested":1,"item_purchase_floors":[12,12,22],"current_hp_per_floor":[57,63,68,68,57,57,39,39,39,32,8,8,30,36,36,24,66,63,63,53,51,51,51,15,39,39,0,0],"gold":40,"neow_bonus":"THREE_RARE_CARDS","is_daily":false,"chose_seed":false,"campfire_upgraded":4,"win_rate":0.0,"timestamp":1609817771,"path_taken":["M","M","M","$","?","R","E","R","T","?","E","$","M","M","R","BOSS","M","?","?","M","$","R","E","R","T","E"],"items_purchased_type":["Relic","Potion","Card"],"build_version":"2020-12-22","purchased_purges":2,"victory":false,"max_hp_per_floor":[80,80,80,80,80,80,80,80,80,80,80,80,80,80,80,80,80,80,80,80,80,80,80,80,80,80,80,80],"card_choices":[{"not_picked":["Offering","Juggernaut"],"picked":"Fiend Fire","floor":0},{"not_picked":["Pommel Strike","Havoc","Flame Barrier"],"picked":"SKIP","floor":1},{"not_picked":["Flex","Dual Wield"],"picked":"Clothesline","floor":2},{"not_picked":["Berserk","Combust"],"picked":"Anger","floor":3},{"not_picked":["Headbutt","Rupture"],"picked":"Spot Weakness","floor":7},{"not_picked":["Dual Wield","True Grit","Pommel Strike"],"picked":"SKIP","floor":11},{"not_picked":["Rampage","Clash","Twin Strike"],"picked":"SKIP","floor":13},{"not_picked":["Disarm","Twin Strike","Evolve"],"picked":"SKIP","floor":14},{"not_picked":["Clash","Headbutt+1","Heavy Blade"],"picked":"SKIP","floor":18},{"not_picked":["Clothesline","Heavy Blade","Reckless Charge"],"picked":"SKIP","floor":20},{"not_picked":["Havoc","Fire Breathing","Flame Barrier+1"],"picked":"SKIP","floor":21},{"not_picked":["Disarm","Intimidate+1","Clothesline"],"picked":"SKIP","floor":24}],"player_experience":333535,"relics_obtained":[{"floor":7,"key":"Gremlin Horn"},{"floor":9,"key":"Pen Nib"},{"floor":11,"key":"Calipers"},{"floor":24,"key":"MealTicket"},{"floor":24,"key":"Tiny Chest"},{"floor":26,"key":"Meat on the Bone"}],"event_choices":[{"damage_healed":0,"gold_gain":75,"player_choice":"Gather Gold","damage_taken":11,"max_hp_gain":0,"max_hp_loss":0,"event_name":"World of Goop","floor":5,"gold_loss":0},{"cards_removed":["Strike_R"],"damage_healed":0,"gold_gain":0,"player_choice":"Card Removal","damage_taken":7,"max_hp_gain":0,"max_hp_loss":0,"event_name":"Golden Wing","floor":10,"gold_loss":0},{"damage_healed":0,"gold_gain":0,"player_choice":"Ignored","damage_taken":0,"max_hp_gain":0,"max_hp_loss":0,"event_name":"N\u0027loth","floor":19,"gold_loss":0}],"is_beta":false,"boss_relics":[{"not_picked":["Velvet Choker","Astrolabe"],"picked":"Black Star"}],"items_purged_floors":[12,22],"is_endless":false,"potions_floor_spawned":[11,13,14,16,20,21,24],"killed_by":"Book of Stabbing","ascension_level":8}}