{"host":"wj90f2q0h2omert0","time":1609876013,"event":{"mods":["BaseMod","Beaked The Cultist","Better Third Choice","ChefMod","Clawfect","Colored Map","DeckTracker","Downfall","Gremlin Mod","Hubris","JesterMod","Minty Spire (QoL Compilation)","READ ME - Guardian Mod","Relic Stats","Robot Space Explorer","Shade Mod","StSLib","The Animator","The Blackbeard","The Bug Knight","The Caster","The Construct","The Dragon Tamer","The Druid","The Servant 0.9.4","TheLocksmith","TheSwordswoman"],"gold_per_floor":[99,99,99,99,99,124,124,151,151,101,118,118,138,153,166,261,261,211,226,245,259,259,259,259],"floor_reached":22,"playtime":575,"items_purged":[],"score":244,"play_id":"262d7ee5-7e6a-4ac5-82c3-b29dc3ab095d","local_time":"20210105144653","is_ascension_mode":false,"campfire_choices":[{"data":"Slimebound:Split","floor":1,"key":"SMITH"},{"data":"Slimebound:LevelUp","floor":10,"key":"SMITH"},{"data":"Slimebound:MinionMaster","floor":18,"key":"SMITH"}],"circlet_count":0,"master_deck":["Slimebound:Strike_Slimebound","Slimebound:Strike_Slimebound","Slimebound:Strike_Slimebound","Slimebound:Defend_Slimebound","Slimebound:Defend_Slimebound","Slimebound:Defend_Slimebound","Slimebound:Defend_Slimebound","Slimebound:Split+1","Slimebound:CorrosiveSpit+1","Slimebound:SplitMire+1","Slimebound:SplitLeeching","Slimebound:LevelUp+1","Slimebound:SpikyOuterGoop","Slimebound:LivingWall","Slimebound:RallyTheTroops","Slimebound:SplitBruiser","Slimebound:LeadByExample","Slimebound:MinionMaster+1","Slimebound:SplitMire","Slimebound:SplitBruiser+1"],"relics":["Slimebound:AbsorbEndCombat","downfall:HeartsMalice","Slimebound:GreedOozeRelic","Tiny Chest","Pen Nib","StrikeDummy","hubris:Backtick","Membership Card"],"acts_visited":["Exordium","TheCity"],"potions_floor_usage":[16,16,16,21],"damage_taken":[{"damage":0,"enemies":"2 Louse","floor":2,"turns":1},{"damage":0,"enemies":"3 Sentries","floor":6,"turns":1},{"damage":0,"enemies":"Gremlin Nob","floor":8,"turns":1},{"damage":11,"enemies":"Small Slimes","floor":11,"turns":2},{"damage":0,"enemies":"Cultist","floor":12,"turns":1},{"damage":16,"enemies":"2 Fungi Beasts","floor":13,"turns":3},{"damage":19,"enemies":"3 Louse","floor":14,"turns":3},{"damage":21,"enemies":"Red Slaver","floor":15,"turns":2},{"damage":48,"enemies":"downfall:Silent","floor":16,"turns":3},{"damage":39,"enemies":"Shell Parasite","floor":19,"turns":4},{"damage":34,"enemies":"Chosen","floor":20,"turns":3},{"damage":39,"enemies":"Shelled Parasite and Fungi","floor":21,"turns":3},{"damage":12,"enemies":"Snake Plant","floor":22,"turns":2}],"seed_played":"-6606427178086216401","potions_obtained":[{"floor":6,"key":"Dexterity Potion"},{"floor":8,"key":"Explosive Potion"},{"floor":11,"key":"AttackPotion"},{"floor":19,"key":"sneckomod:MuddlingPotion"}],"is_trial":false,"path_per_floor":["R","M","?","?","?","E","T","E","?","R","M","M","M","M","M","B",null,"R","M","M","M","M"],"character_chosen":"SLIMEBOUND","items_purchased":[],"campfire_rested":0,"item_purchase_floors":[],"current_hp_per_floor":[60,60,54,54,54,54,54,54,54,54,51,51,51,50,41,21,60,60,43,33,10,0,0,0],"gold":259,"neow_bonus":"THREE_ENEMY_KILL","is_daily":false,"chose_seed":false,"campfire_upgraded":3,"win_rate":0.0,"timestamp":1609876013,"path_taken":["R","M","?","?","?","E","T","E","?","R","M","M","M","M","M","BOSS","R","M","M","M","M"],"items_purchased_type":[],"build_version":"2020-12-22","purchased_purges":0,"victory":false,"max_hp_per_floor":[60,60,60,60,60,60,60,60,60,60,60,60,60,60,60,60,60,60,60,60,60,60,60,60],"relic_stats":{"counters":[13,26],"Tiny Chest":0,"Pen Nib":[1],"obtain_stats":[{"Slimebound:GreedOozeRelic":5,"downfall:BrokenWingStatue":9,"hubris:Backtick":17,"downfall:HeartsMalice":0,"Tiny Chest":6,"Pen Nib":7,"Slimebound:AbsorbEndCombat":0,"Membership Card":17,"StrikeDummy":8},{"Slimebound:GreedOozeRelic":1,"downfall:BrokenWingStatue":3,"hubris:Backtick":9,"downfall:HeartsMalice":0,"Tiny Chest":2,"Pen Nib":2,"Slimebound:AbsorbEndCombat":0,"Membership Card":9,"StrikeDummy":3},{"Slimebound:GreedOozeRelic":0,"downfall:BrokenWingStatue":0,"hubris:Backtick":14,"downfall:HeartsMalice":0,"Tiny Chest":0,"Pen Nib":0,"Slimebound:AbsorbEndCombat":0,"Membership Card":14,"StrikeDummy":0}]},"card_choices":[{"not_picked":["Slimebound:ForwardTackle","Slimebound:SamplingLick"],"picked":"Slimebound:SplitMire","floor":2},{"not_picked":["Slimebound:LivingWall","Slimebound:SelfFormingGoo"],"picked":"Slimebound:SplitLeeching","floor":6},{"not_picked":["Slimebound:SamplingLick","Slimebound:HauntingLick"],"picked":"Slimebound:LevelUp","floor":8},{"not_picked":["Slimebound:LeechingTouch","Slimebound:PressTheAttack"],"picked":"Slimebound:SpikyOuterGoop","floor":11},{"not_picked":["Slimebound:PressTheAttack","Slimebound:LeechingTouch"],"picked":"Slimebound:LivingWall","floor":12},{"not_picked":["Slimebound:SamplingLick","Slimebound:RainOfGoop"],"picked":"Slimebound:RallyTheTroops","floor":13},{"not_picked":["Slimebound:RollThrough","Slimebound:BestDefense"],"picked":"Slimebound:SplitBruiser","floor":14},{"not_picked":["Slimebound:SplitAcid","Slimebound:FinishingTackle"],"picked":"Slimebound:LeadByExample","floor":15},{"not_picked":["Slimebound:SlimeSlap","Slimebound:PrepareCrush"],"picked":"Slimebound:MinionMaster","floor":16},{"not_picked":["Slimebound:GrowthPunch","Slimebound:RollThrough"],"picked":"Slimebound:SplitMire","floor":19},{"not_picked":["Slimebound:MegaLick+1","Slimebound:ComboTackle"],"picked":"Slimebound:SplitBruiser+1","floor":20},{"not_picked":["Slimebound:Replication","Slimebound:Nibble","Slimebound:RollThrough"],"picked":"SKIP","floor":21}],"player_experience":698639,"relics_obtained":[{"floor":6,"key":"Tiny Chest"},{"floor":7,"key":"Pen Nib"},{"floor":8,"key":"StrikeDummy"}],"event_choices":[],"is_beta":false,"boss_relics":[{"not_picked":["Runic Pyramid","Busted Crown"],"picked":"hubris:Backtick"}],"items_purged_floors":[],"is_endless":false,"potions_floor_spawned":[6,8,11,19],"killed_by":"Snake Plant","ascension_level":0}}