{"host":"37dk0reb6x0du8wx","time":1609833667,"event":{"mods":["BaseMod","Colored Map","DeckTracker","Minty Spire (QoL Compilation)","Quick Restart","StSLib"],"gold_per_floor":[115,115,115,115,139,139,178,192,216,63,63,81,102,122,122,122,122],"floor_reached":16,"playtime":409,"items_purged":[],"score":146,"play_id":"3ed5c37b-558f-4ae2-a6ac-86d7d4713729","local_time":"20210105170107","is_ascension_mode":true,"campfire_choices":[{"floor":6,"key":"REST"},{"floor":15,"key":"REST"}],"circlet_count":0,"master_deck":["Strike_B","Strike_B","Strike_B","Strike_B+1","Defend_B","Defend_B","Defend_B","Defend_B+1","Zap","Dualcast","Consume","Reboot","Capacitor","Hyperbeam"],"relics":["Cracked Core","NeowsBlessing","Nunchaku","Golden Idol","Ancient Tea Set","Centennial Puzzle","ClockworkSouvenir"],"acts_visited":["Exordium"],"potions_floor_usage":[12,16,16,16],"damage_taken":[{"damage":0,"enemies":"Jaw Worm","floor":1,"turns":1},{"damage":0,"enemies":"Small Slimes","floor":5,"turns":1},{"damage":0,"enemies":"Lagavulin","floor":7,"turns":1},{"damage":1,"enemies":"Cultist","floor":8,"turns":4},{"damage":36,"enemies":"Exordium Thugs","floor":12,"turns":6},{"damage":1,"enemies":"Red Slaver","floor":13,"turns":4},{"damage":0,"enemies":"2 Fungi Beasts","floor":14,"turns":4},{"damage":37,"enemies":"Hexaghost","floor":16,"turns":9}],"seed_played":"5654092536372292677","potions_obtained":[{"floor":1,"key":"PotionOfCapacity"},{"floor":5,"key":"FearPotion"},{"floor":8,"key":"PowerPotion"},{"floor":14,"key":"EssenceOfSteel"}],"is_trial":false,"path_per_floor":["M","?","?","?","M","R","E","M","T","$","?","M","M","M","R","B"],"character_chosen":"DEFECT","items_purchased":["ClockworkSouvenir"],"campfire_rested":2,"item_purchase_floors":[10],"current_hp_per_floor":[75,60,35,35,35,55,55,54,54,54,54,18,17,17,37,0,0],"gold":122,"neow_bonus":"THREE_ENEMY_KILL","is_daily":false,"chose_seed":false,"campfire_upgraded":0,"win_rate":0.0,"timestamp":1609833667,"path_taken":["M","?","?","?","M","R","E","?","T","$","?","M","M","?","R","BOSS"],"items_purchased_type":["Relic"],"build_version":"2020-12-22","purchased_purges":0,"victory":false,"max_hp_per_floor":[75,75,75,69,69,69,69,69,69,69,69,69,69,69,69,69,69],"card_choices":[{"not_picked":["Glacier","Ball Lightning"],"picked":"Consume","floor":1},{"not_picked":["Sweeping Beam","Skim","Gash"],"picked":"SKIP","floor":5},{"not_picked":["Go for the Eyes","Cold Snap"],"picked":"Reboot","floor":7},{"not_picked":["Rebound","Steam Power","Gash"],"picked":"SKIP","floor":8},{"not_picked":["Steam","Rebound","Compile Driver"],"picked":"SKIP","floor":12},{"not_picked":["Rebound","Darkness"],"picked":"Capacitor","floor":13},{"not_picked":["Gash","Steam"],"picked":"Hyperbeam","floor":14}],"player_experience":148016,"relics_obtained":[{"floor":7,"key":"Ancient Tea Set"},{"floor":9,"key":"Centennial Puzzle"}],"event_choices":[{"damage_healed":0,"gold_gain":0,"player_choice":"Entered Light","damage_taken":15,"max_hp_gain":0,"max_hp_loss":0,"event_name":"Shining Light","floor":2,"gold_loss":0,"cards_upgraded":["Strike_B","Defend_B"]},{"damage_healed":0,"gold_gain":0,"player_choice":"Success","damage_taken":25,"relics_obtained":["Nunchaku"],"max_hp_gain":0,"max_hp_loss":0,"event_name":"Scrap Ooze","floor":3,"gold_loss":0},{"damage_healed":0,"gold_gain":0,"player_choice":"Lose Max HP","damage_taken":0,"relics_obtained":["Golden Idol"],"max_hp_gain":0,"max_hp_loss":6,"event_name":"Golden Idol","floor":4,"gold_loss":0},{"damage_healed":0,"gold_gain":0,"player_choice":"Bought 0 Potions","damage_taken":0,"max_hp_gain":0,"max_hp_loss":0,"event_name":"The Woman in Blue","floor":11,"gold_loss":0}],"is_beta":false,"boss_relics":[],"items_purged_floors":[],"is_endless":false,"potions_floor_spawned":[1,5,8,14],"killed_by":"Hexaghost","ascension_level":3}}