{"host":"6p0attdrtjqaih7v","time":1609874459,"event":{"mods":["2.2 Compatiblity","AchievementEnabler","Bard","BaseMod","Better Skull","Better Third Choice","Colored Powertips","Hermit","Highlight Path","Jorbs\u0027s Wanderer Trilogy","Key Reminder","Minty Spire (QoL Compilation)","Permanent Neow","Quick Restart","Random Character Button","Relic Stats","Replay The Spire","StSLib","The Construct"],"gold_per_floor":[112,125,125,141,141,168,168,188,188,202,220,47,47,63,63,136,136,150,167,36,54,54,54,79,79,79,79,4,16,16,36,36,115,115,133,133,151,51,63,63,89,101,113,125,137,149,161,192,204,216],"floor_reached":51,"playtime":2315,"items_purged":["Strike_B+1","Hello World"],"score":1409,"play_id":"1cbd9be7-a4d1-4643-bba2-aae5651e6d99","local_time":"20210105142059","is_ascension_mode":true,"campfire_choices":[{"data":"Consume","floor":7,"key":"SMITH"},{"data":"BasicCrystalCard","floor":13,"key":"SMITH"},{"data":"Sunder","floor":15,"key":"SMITH"},{"floor":23,"key":"REST"},{"floor":25,"key":"REST"},{"floor":27,"key":"REST"},{"floor":32,"key":"REST"},{"floor":40,"key":"REST"},{"floor":42,"key":"REST"},{"floor":44,"key":"REST"},{"data":"Coolheaded","floor":46,"key":"SMITH"},{"floor":49,"key":"REST"}],"circlet_count":0,"master_deck":["AscendersBane","Strike_B+1","Defend_B+1","Defend_B+1","Defend_B+1","Defend_B+1","Zap","Dualcast","Electrodynamics+1","Capacitor","Consume+1","BasicCrystalCard+1","Compile Driver","Conserve Battery","Glacier","Echo Form","White Noise","Conserve Battery","PanicButton","Recycle+1","Conserve Battery+1","Echo Form","Necronomicurse","Echo Form","Glacier+1","Hologram","Coolheaded+1"],"relics":["Cracked Core","Iron Hammer","Onion Ring","Runic Capacitor","Sozu","ReplayTheSpireMod:ShopPack","Mummified Hand","keyreminder:keyreminder","Necronomicon","SlaversCollar","MawBank","Blue Candle","Sundial"],"acts_visited":["TheCity","TheBeyond"],"potions_floor_usage":[16],"damage_taken":[{"damage":2,"enemies":"Jaw Worm","floor":1,"turns":3},{"damage":0,"enemies":"Cultist","floor":2,"turns":3},{"damage":0,"enemies":"2 Louse","floor":4,"turns":1},{"damage":13,"enemies":"Replay:BlueRogue","floor":6,"turns":5},{"damage":0,"enemies":"Lots of Slimes","floor":8,"turns":1},{"damage":3,"enemies":"Exordium Thugs","floor":10,"turns":3},{"damage":3,"enemies":"Looter","floor":11,"turns":2},{"damage":8,"enemies":"Blue Slaver","floor":14,"turns":3},{"damage":14,"enemies":"The Guardian","floor":16,"turns":8},{"damage":9,"enemies":"3 Byrds","floor":18,"turns":4},{"damage":8,"enemies":"Spheric Guardian","floor":19,"turns":4},{"damage":30,"enemies":"Cultist and Chosen","floor":21,"turns":7},{"damage":20,"enemies":"Slavers","floor":24,"turns":5},{"damage":1,"enemies":"Sentry and Sphere","floor":29,"turns":5},{"damage":0,"enemies":"Snecko","floor":31,"turns":4},{"damage":0,"enemies":"Champ","floor":33,"turns":9},{"damage":0,"enemies":"3 Shapes","floor":35,"turns":3},{"damage":16,"enemies":"3 Darklings","floor":37,"turns":3},{"damage":12,"enemies":"Sphere and 2 Shapes","floor":39,"turns":7},{"damage":43,"enemies":"Reptomancer","floor":41,"turns":6},{"damage":0,"enemies":"Spire Growth","floor":48,"turns":6},{"damage":54,"enemies":"Donu and Deca","floor":50,"turns":12}],"seed_played":"7073004309644432107","potions_obtained":[{"floor":1,"key":"Venom Potion"},{"floor":6,"key":"SpeedPotion"},{"floor":10,"key":"Block Potion"}],"is_trial":false,"path_per_floor":["M","M","?","M","?","E","R","M","T","M","M","$","R","M","R","B",null,"M","M","$","M","?","R","E","R","T","R","$","M","?","M","R","B",null,"M","?","M","$","M","R","E","R","T","R","T","R","?","M","R","B",null],"character_chosen":"DEFECT","items_purchased":["Runic Capacitor","ReplayTheSpireMod:ShopPack"],"campfire_rested":8,"item_purchase_floors":[12,20],"current_hp_per_floor":[62,62,62,62,62,49,49,49,49,46,43,43,43,35,35,21,53,44,36,36,6,6,25,5,24,24,43,43,42,21,21,40,40,58,58,58,42,42,30,49,6,25,25,44,44,44,44,44,63,9],"gold":228,"neow_bonus":"THREE_RARE_CARDS","is_daily":false,"chose_seed":false,"campfire_upgraded":4,"win_rate":0.0,"timestamp":1609874459,"path_taken":["M","M","?","?","?","E","R","M","T","M","M","$","R","M","R","BOSS","M","M","?","M","?","R","E","R","T","R","$","M","?","M","R","BOSS","M","?","?","$","M","R","E","R","T","R","?","R","?","M","R","BOSS"],"items_purchased_type":["Relic","Relic"],"build_version":"2020-12-22","purchased_purges":2,"victory":true,"max_hp_per_floor":[64,64,64,64,64,64,64,64,64,64,64,64,64,64,64,64,64,64,64,64,64,64,64,64,64,64,64,64,64,64,64,64,64,64,64,64,64,64,64,64,64,64,64,64,64,64,64,64,64,64],"relic_stats":{"Sozu":5,"counters":[22,104],"Mummified Hand":[85],"Sundial":[2],"Blue Candle":[0],"Necronomicon":[4],"MawBank":120,"obtain_stats":[{"Blue Candle":43,"Runic Capacitor":12,"MawBank":41,"Sozu":17,"keyreminder:keyreminder":26,"SlaversCollar":34,"Mummified Hand":24,"Sundial":45,"Onion Ring":9,"Iron Hammer":6,"Necronomicon":30,"Cracked Core":0,"ReplayTheSpireMod:ShopPack":20},{"Blue Candle":20,"Runic Capacitor":7,"MawBank":20,"Sozu":9,"keyreminder:keyreminder":13,"SlaversCollar":16,"Mummified Hand":13,"Sundial":20,"Onion Ring":5,"Iron Hammer":4,"Necronomicon":14,"Cracked Core":0,"ReplayTheSpireMod:ShopPack":11},{"Blue Candle":86,"Runic Capacitor":18,"MawBank":86,"Sozu":29,"keyreminder:keyreminder":49,"SlaversCollar":67,"Mummified Hand":49,"Sundial":86,"Onion Ring":13,"Iron Hammer":12,"Necronomicon":54,"Cracked Core":0,"ReplayTheSpireMod:ShopPack":37}]},"card_choices":[{"not_picked":["Core Surge","Seek"],"picked":"Electrodynamics","floor":0},{"not_picked":["Auto Shields","Steam Power"],"picked":"Sunder","floor":1},{"not_picked":["Self Repair","Beam Cell"],"picked":"Capacitor","floor":2},{"not_picked":["Double Energy","Beam Cell"],"picked":"Consume","floor":4},{"not_picked":["Conserve Battery","ReplayTheSpireMod:Calculation Training"],"picked":"BasicCrystalCard","floor":8},{"not_picked":["Self Repair","Steam"],"picked":"Compile Driver","floor":10},{"not_picked":["Go for the Eyes","Turbo"],"picked":"Conserve Battery","floor":11},{"not_picked":["Compile Driver","Self Repair"],"picked":"Glacier","floor":14},{"not_picked":["Hyperbeam","Thunder Strike"],"picked":"Echo Form","floor":16},{"not_picked":["Cold Snap","Beam Cell"],"picked":"White Noise","floor":18},{"not_picked":["Beam Cell","Stack"],"picked":"Conserve Battery","floor":19},{"not_picked":["Trip","Swift Strike"],"picked":"PanicButton","floor":20},{"not_picked":["Stack","Gash"],"picked":"Recycle+1","floor":21},{"not_picked":["Steam","Redo"],"picked":"Conserve Battery+1","floor":24},{"not_picked":["Gash","Redo"],"picked":"Echo Form","floor":29},{"not_picked":["Streamline","Storm","Beam Cell"],"picked":"SKIP","floor":31},{"not_picked":["Rainbow","Machine Learning"],"picked":"Echo Form","floor":33},{"not_picked":["Sweeping Beam+1","Streamline","Barrage+1"],"picked":"SKIP","floor":35},{"not_picked":["BasicCrystalCard+1","Ball Lightning"],"picked":"Glacier+1","floor":37},{"not_picked":["Go for the Eyes","Lockon+1"],"picked":"Hologram","floor":39},{"not_picked":["Meteor Strike","Sweeping Beam"],"picked":"Coolheaded","floor":41},{"not_picked":["Redo","Hologram","Stack+1"],"picked":"SKIP","floor":48}],"player_experience":943142,"relics_obtained":[{"floor":6,"key":"Iron Hammer"},{"floor":9,"key":"Onion Ring"},{"floor":24,"key":"Mummified Hand"},{"floor":30,"key":"Necronomicon"},{"floor":41,"key":"MawBank"},{"floor":43,"key":"Blue Candle"},{"floor":45,"key":"Sundial"}],"event_choices":[{"damage_healed":0,"gold_gain":0,"player_choice":"Upgraded","damage_taken":0,"max_hp_gain":0,"max_hp_loss":0,"event_name":"Upgrade Shrine","floor":3,"gold_loss":0,"cards_upgraded":["Electrodynamics"]},{"cards_removed":["Strike_B"],"damage_healed":0,"gold_gain":0,"player_choice":"Offered Basic","damage_taken":0,"max_hp_gain":0,"max_hp_loss":0,"event_name":"Bonfire Elementals","floor":5,"gold_loss":0},{"damage_healed":0,"gold_gain":0,"player_choice":"Simplicity","damage_taken":0,"max_hp_gain":0,"max_hp_loss":0,"event_name":"Back to Basics","floor":22,"gold_loss":0,"cards_upgraded":["Strike_B","Strike_B","Strike_B","Defend_B","Defend_B","Defend_B","Defend_B"]},{"damage_healed":0,"gold_gain":0,"player_choice":"Obtained Book","damage_taken":21,"max_hp_gain":0,"max_hp_loss":0,"event_name":"Cursed Tome","floor":30,"gold_loss":0},{"damage_healed":0,"gold_gain":0,"cards_transformed":["Strike_B"],"player_choice":"Transformed","damage_taken":0,"max_hp_gain":0,"max_hp_loss":0,"event_name":"Transmorgrifier","floor":36,"gold_loss":0,"cards_obtained":["Hello World"]},{"cards_removed":["Sunder"],"damage_healed":0,"gold_gain":0,"player_choice":"Removed Attack","damage_taken":0,"max_hp_gain":0,"max_hp_loss":0,"event_name":"Falling","floor":47,"gold_loss":0}],"is_beta":false,"boss_relics":[{"not_picked":["Coffee Dripper","Runic Dome"],"picked":"Sozu"},{"not_picked":["Runic Pyramid","Replay:Drink Me"],"picked":"SlaversCollar"}],"items_purged_floors":[28,38],"is_endless":false,"potions_floor_spawned":[1,6,10,14,18,19,35,41,48],"ascension_level":19}}