{"host":"ny4ow64gclxt3s1v","time":1609860648,"event":{"mods":["AchievementEnabler","BaseMod","Bestiary","Better Third Choice","Colored Powertips","Highlight Path","Minty Spire (QoL Compilation)","Quick Restart","Relic Stats","StSLib"],"gold_per_floor":[115,71,90,108,121,121,121,132,132,195,195,227,9,43,43,143,143,111,123,33,33,43,43,72,90,117,134,134,233,233,29,29,131,131,147,1146,625,637,637,637,653,673,725,725,758,758,758,206,206,206],"floor_reached":51,"playtime":4213,"items_purged":["Clash","Strike_R+1","Normality","Normality"],"score":711,"play_id":"23406752-3df0-4679-9b23-15fb83b23b79","local_time":"20210105133048","is_ascension_mode":true,"campfire_choices":[{"data":"Pommel Strike","floor":6.0,"key":"SMITH"},{"data":"Entrench","floor":11.0,"key":"SMITH"},{"data":"Battle Trance","floor":15.0,"key":"SMITH"},{"data":"Flame Barrier","floor":23.0,"key":"SMITH"},{"data":"Body Slam","floor":32,"key":"SMITH"},{"data":"Juggernaut","floor":40,"key":"SMITH"},{"floor":44,"key":"REST"},{"floor":46,"key":"REST"},{"data":"Combust","floor":49,"key":"SMITH"}],"circlet_count":0,"master_deck":["Strike_R+1","Strike_R+1","Strike_R+1","Defend_R+1","Defend_R+1","Defend_R+1","Defend_R+1","Bash","Battle Trance+1","Pommel Strike+1","Flame Barrier+1","Iron Wave","Iron Wave","Entrench+1","Shrug It Off+1","Iron Wave","Pommel Strike+1","Body Slam+1","Combust+1","Spot Weakness+1","Combust+1","Inflame+1","Body Slam+1","Juggernaut+1","Shrug It Off+1","Good Instincts+1","Body Slam+1"],"relics":["Burning Blood","betterThird:SlimedRelic","Matryoshka","Bag of Marbles","Torii","Vajra","Bottled Flame","Runic Pyramid","Regal Pillow","Dream Catcher","Centennial Puzzle","MutagenicStrength","SlaversCollar","Juzu Bracelet","War Paint","Anchor","InkBottle","Ancient Tea Set","Bronze Scales","Bottled Tornado"],"acts_visited":["Exordium","TheCity","TheBeyond"],"potions_floor_usage":[33,33,33,41,41,41,45,50],"damage_taken":[{"damage":3.0,"enemies":"Small Slimes","floor":1.0,"turns":3.0},{"damage":0.0,"enemies":"Jaw Worm","floor":3.0,"turns":5.0},{"damage":0.0,"enemies":"2 Louse","floor":4.0,"turns":2.0},{"damage":0.0,"enemies":"Exordium Thugs","floor":5.0,"turns":5.0},{"damage":0.0,"enemies":"3 Louse","floor":8.0,"turns":5.0},{"damage":20.0,"enemies":"3 Sentries","floor":10.0,"turns":12.0},{"damage":12.0,"enemies":"Lagavulin","floor":12.0,"turns":9.0},{"damage":10.0,"enemies":"Gremlin Nob","floor":14.0,"turns":4.0},{"damage":28.0,"enemies":"Hexaghost","floor":16.0,"turns":17.0},{"damage":10.0,"enemies":"2 Thieves","floor":18.0,"turns":5.0},{"damage":14.0,"enemies":"Shell Parasite","floor":19.0,"turns":7.0},{"damage":18.0,"enemies":"Snake Plant","floor":22.0,"turns":3.0},{"damage":33.0,"enemies":"Gremlin Leader","floor":24.0,"turns":9.0},{"damage":17.0,"enemies":"Cultist and Chosen","floor":25.0,"turns":6.0},{"damage":41,"enemies":"Shelled Parasite and Fungi","floor":27,"turns":6},{"damage":42,"enemies":"Automaton","floor":33,"turns":9},{"damage":5,"enemies":"Orb Walker","floor":35,"turns":4},{"damage":11,"enemies":"3 Shapes","floor":38,"turns":4},{"damage":32,"enemies":"Writhing Mass","floor":41,"turns":5},{"damage":13,"enemies":"4 Shapes","floor":42,"turns":4},{"damage":38,"enemies":"Nemesis","floor":45,"turns":8},{"damage":34,"enemies":"Time Eater","floor":50,"turns":8}],"seed_played":"3660341606411247501","potions_obtained":[{"floor":3.0,"key":"DistilledChaos"},{"floor":4.0,"key":"Weak Potion"},{"floor":8.0,"key":"Ancient Potion"},{"floor":14.0,"key":"Block Potion"},{"floor":16.0,"key":"FearPotion"},{"floor":22.0,"key":"BlessingOfTheForge"},{"floor":27,"key":"Weak Potion"},{"floor":35,"key":"Dexterity Potion"},{"floor":39,"key":"SneckoOil"},{"floor":39,"key":"PowerPotion"},{"floor":39,"key":"HeartOfIron"},{"floor":42,"key":"LiquidMemories"},{"floor":45,"key":"FearPotion"}],"is_trial":false,"path_per_floor":["M","?","M","M","M","R","?","M","T","?","R","E","$","E","R","B",null,"M","M","$","?","M","R","E","M","T","M","?","?","?","$","R","B",null,"M","?","$","M","?","R","M","M","T","R","E","R","?","$","R","B",null],"character_chosen":"IRONCLAD","items_purchased":["Vajra","Cleave","Combust","Body Slam","Energy Potion","Juzu Bracelet","Good Instincts","War Paint","Bronze Scales","Bottled Tornado"],"campfire_rested":2,"item_purchase_floors":[13,20,20,31,31,37,37,37,48,48],"current_hp_per_floor":[80,69,75,80,80,80,73,79,79,65,65,59,59,55,55,33,80,76,68,68,68,56,56,29,18,18,70,70,70,75,75,75,39,80,80,80,80,75,75,75,49,42,42,80,48,80,80,80,80,52],"gold":206,"neow_bonus":"THREE_CARDS","is_daily":false,"chose_seed":false,"campfire_upgraded":7,"win_rate":0.0,"timestamp":1609860648,"path_taken":["M","?","M","M","M","R","?","M","T","?","R","E","$","E","R","BOSS","M","M","$","?","M","R","E","M","T","M","?","?","?","$","R","BOSS","M","?","$","M","?","R","M","M","T","R","E","R","?","$","R","BOSS"],"items_purchased_type":["Relic","Card","Card","Card","Potion","Relic","Card","Relic","Relic","Relic"],"build_version":"2020-12-22","purchased_purges":4,"victory":true,"max_hp_per_floor":[80,80,80,80,80,80,80,80,80,80,80,80,80,80,80,80,80,80,80,80,80,80,80,80,80,80,80,80,80,80,80,80,80,80,80,80,80,80,80,80,80,80,80,80,80,80,80,80,80,80],"relic_stats":{"Regal Pillow":22,"Dream Catcher":2,"Centennial Puzzle":[22],"Torii":25,"counters":[22,140],"Bronze Scales":[33],"Juzu Bracelet":1,"War Paint":["Shrug It Off","Good Instincts"],"obtain_stats":[{"Regal Pillow":24,"Torii":12,"Vajra":13,"Juzu Bracelet":37,"War Paint":37,"Bottled Tornado":48,"Ancient Tea Set":45,"Burning Blood":0,"SlaversCollar":34,"Bottled Flame":14,"Dream Catcher":26,"Centennial Puzzle":26,"Anchor":43,"Matryoshka":9,"betterThird:SlimedRelic":2,"MutagenicStrength":28,"Bronze Scales":48,"Bag of Marbles":10,"InkBottle":43,"Runic Pyramid":17},{"Regal Pillow":13,"Torii":7,"Vajra":7,"Juzu Bracelet":17,"War Paint":17,"Bottled Tornado":21,"Ancient Tea Set":21,"Burning Blood":0,"SlaversCollar":16,"Bottled Flame":8,"Dream Catcher":14,"Centennial Puzzle":14,"Anchor":20,"Matryoshka":5,"betterThird:SlimedRelic":1,"MutagenicStrength":15,"Bronze Scales":21,"Bag of Marbles":6,"InkBottle":20,"Runic Pyramid":9},{"Regal Pillow":86,"Torii":41,"Vajra":41,"Juzu Bracelet":111,"War Paint":111,"Bottled Tornado":132,"Ancient Tea Set":132,"Burning Blood":0,"SlaversCollar":107,"Bottled Flame":45,"Dream Catcher":92,"Centennial Puzzle":92,"Anchor":124,"Matryoshka":20,"betterThird:SlimedRelic":3,"MutagenicStrength":98,"Bronze Scales":132,"Bag of Marbles":32,"InkBottle":124,"Runic Pyramid":62}],"Burning Blood":121,"InkBottle":[6]},"card_choices":[{"not_picked":["Pommel Strike","Hemokinesis"],"picked":"Battle Trance","floor":0.0},{"not_picked":["Twin Strike","Dropkick"],"picked":"Pommel Strike","floor":1.0},{"not_picked":["Carnage","Blood for Blood"],"picked":"Flame Barrier","floor":3.0},{"not_picked":["Heavy Blade","Flame Barrier"],"picked":"Iron Wave","floor":4.0},{"not_picked":["Warcry","Intimidate"],"picked":"Iron Wave","floor":5.0},{"not_picked":["Bloodletting","Flex"],"picked":"Entrench","floor":8.0},{"not_picked":["Perfected Strike","Clothesline"],"picked":"Clash","floor":10.0},{"not_picked":["Berserk","Flex"],"picked":"Shrug It Off","floor":12.0},{"not_picked":["Flex","Twin Strike"],"picked":"Iron Wave","floor":14.0},{"not_picked":["Perfected Strike","Warcry"],"picked":"Pommel Strike+1","floor":18.0},{"not_picked":["Rupture+1","Shrug It Off"],"picked":"Body Slam+1","floor":19.0},{"not_picked":["Reaper","Intimidate","True Grit"],"picked":"SKIP","floor":22.0},{"not_picked":["Flex","Thunderclap"],"picked":"Spot Weakness+1","floor":24.0},{"not_picked":["Dropkick","Power Through"],"picked":"Combust+1","floor":25.0},{"not_picked":["Headbutt+1","Iron Wave"],"picked":"Inflame+1","floor":27},{"not_picked":["Bludgeon","Offering"],"picked":"Juggernaut","floor":33},{"not_picked":["Perfected Strike+1","Dropkick"],"picked":"Shrug It Off+1","floor":35},{"not_picked":["Rage","Inflame","Clothesline+1"],"picked":"SKIP","floor":38},{"not_picked":["Inflame","Disarm+1"],"picked":"Body Slam+1","floor":41},{"not_picked":["Hemokinesis","Iron Wave+1","Clash"],"picked":"SKIP","floor":42},{"not_picked":["Iron Wave+1","Power Through+1","Inflame"],"picked":"SKIP","floor":45}],"player_experience":16998,"relics_obtained":[{"floor":9.0,"key":"Matryoshka"},{"floor":10.0,"key":"Bag of Marbles"},{"floor":12.0,"key":"Torii"},{"floor":14.0,"key":"Bottled Flame"},{"floor":24.0,"key":"Regal Pillow"},{"floor":26.0,"key":"Dream Catcher"},{"floor":26.0,"key":"Centennial Puzzle"},{"floor":43,"key":"Anchor"},{"floor":43,"key":"InkBottle"},{"floor":45,"key":"Ancient Tea Set"}],"event_choices":[{"damage_healed":0.0,"max_hp_gain":0.0,"max_hp_loss":0.0,"gold_gain":0.0,"event_name":"betterThird:BetterGoop","player_choice":"Slimed","floor":2.0,"gold_loss":44.0,"damage_taken":11.0},{"cards_removed":["Strike_R"],"damage_healed":0.0,"max_hp_gain":0.0,"max_hp_loss":0.0,"gold_gain":0.0,"event_name":"Golden Wing","player_choice":"Card Removal","floor":7.0,"gold_loss":0.0,"damage_taken":7.0},{"damage_healed":0.0,"max_hp_gain":0.0,"max_hp_loss":0.0,"gold_gain":30.0,"event_name":"Dead Adventurer","player_choice":"Searched \u00273\u0027 times","floor":10.0,"gold_loss":0.0,"damage_taken":0.0},{"damage_healed":0.0,"max_hp_gain":0.0,"max_hp_loss":8.0,"gold_gain":0.0,"event_name":"betterThird:BetterWriting","player_choice":"Simplicity","floor":21.0,"gold_loss":0.0,"damage_taken":0.0},{"damage_healed":0,"gold_gain":0,"player_choice":"Inject Mutagens","damage_taken":0,"relics_obtained":["MutagenicStrength"],"max_hp_gain":0,"max_hp_loss":0,"event_name":"Drug Dealer","floor":28,"gold_loss":0},{"damage_healed":0,"gold_gain":99,"player_choice":"Steal","damage_taken":0,"max_hp_gain":0,"max_hp_loss":0,"event_name":"betterThird:BetterNest","floor":29,"gold_loss":0},{"cards_removed":["Cleave"],"damage_healed":5,"gold_gain":0,"player_choice":"Offered Common","damage_taken":0,"max_hp_gain":0,"max_hp_loss":0,"event_name":"Bonfire Elementals","floor":30,"gold_loss":0},{"cards_removed":["Cleave"],"damage_healed":5,"gold_gain":0,"player_choice":"Offered Special","damage_taken":0,"max_hp_gain":0,"max_hp_loss":0,"event_name":"Bonfire Elementals","floor":30,"gold_loss":0},{"damage_healed":0,"gold_gain":999,"player_choice":"Gold","damage_taken":0,"max_hp_gain":0,"max_hp_loss":0,"event_name":"MindBloom","floor":36,"gold_loss":0,"cards_obtained":["Normality","Normality"]},{"damage_healed":0,"gold_gain":0,"player_choice":"Got Potions","damage_taken":0,"max_hp_gain":0,"max_hp_loss":0,"event_name":"Lab","floor":39,"gold_loss":0},{"damage_healed":0,"gold_gain":0,"player_choice":"Ignored","damage_taken":0,"max_hp_gain":0,"max_hp_loss":0,"event_name":"Tomb of Lord Red Mask","floor":47,"gold_loss":0}],"is_beta":false,"boss_relics":[{"not_picked":["Mark of Pain","Philosopher\u0027s Stone"],"picked":"Runic Pyramid"},{"not_picked":["Fusion Hammer","Velvet Choker"],"picked":"SlaversCollar"}],"items_purged_floors":[13,31,37,48],"is_endless":false,"potions_floor_spawned":[3,4,8,14,16,22,27,35,42,45],"ascension_level":1}}