{"host":"ktoxvvst1mwxww91","time":1609858998,"event":{"mods":["BaseMod","Hermit","Minty Spire (QoL Compilation)","StSLib","The Hierophant","The Mystic","The Necromancer"],"gold_per_floor":[113,113,12,31,50,50,81,98,98,127,127,127,147,188,188,281,281,297,5,30,55,69,69,69,69],"floor_reached":24,"playtime":884,"items_purged":["Strike_B","Defend_B"],"score":428,"play_id":"10c7e668-2302-4009-bdd3-b2276cf27fae","local_time":"20210105160318","is_ascension_mode":true,"campfire_choices":[{"data":"Dualcast","floor":6,"key":"SMITH"},{"data":"Fission","floor":12,"key":"SMITH"},{"floor":15,"key":"REST"},{"floor":23,"key":"REST"}],"circlet_count":0,"master_deck":["AscendersBane","Defend_B","Defend_B","Zap","Dualcast+1","Coolheaded","Ball Lightning","Leap","Conserve Battery","Rebound","Conserve Battery","Fission+1","Conserve Battery","Ball Lightning","Buffer","Self Repair+1","Aggregate+1","Redo+1","Leap+1","Fission+1","Conserve Battery","Capacitor+1","Blizzard","Ball Lightning"],"relics":["Cracked Core","Art of War","Gremlin Horn","Symbiotic Virus","Regal Pillow","Golden Idol","HornCleat","Astrolabe","DollysMirror"],"acts_visited":["Exordium","TheCity"],"potions_floor_usage":[7,10,18,21],"damage_taken":[{"damage":0,"enemies":"Jaw Worm","floor":1,"turns":3},{"damage":0,"enemies":"2 Louse","floor":4,"turns":3},{"damage":4,"enemies":"Small Slimes","floor":5,"turns":3},{"damage":9,"enemies":"Gremlin Nob","floor":7,"turns":4},{"damage":8,"enemies":"3 Louse","floor":8,"turns":2},{"damage":3,"enemies":"3 Sentries","floor":10,"turns":7},{"damage":1,"enemies":"Looter","floor":13,"turns":3},{"damage":17,"enemies":"Lagavulin","floor":14,"turns":8},{"damage":21,"enemies":"Hexaghost","floor":16,"turns":12},{"damage":13,"enemies":"Shell Parasite","floor":18,"turns":5},{"damage":0,"enemies":"Chosen","floor":20,"turns":4},{"damage":0,"enemies":"Snecko","floor":21,"turns":3},{"damage":47,"enemies":"Chosen and Byrds","floor":22,"turns":10},{"damage":81,"enemies":"Book of Stabbing","floor":24,"turns":8}],"seed_played":"-5572480414791470858","potions_obtained":[{"floor":4,"key":"Block Potion"},{"floor":5,"key":"Dexterity Potion"},{"floor":14,"key":"FairyPotion"},{"floor":16,"key":"Regen Potion"},{"floor":20,"key":"SneckoOil"}],"is_trial":false,"path_per_floor":["M","?","$","M","M","R","E","M","T","E","?","R","M","E","R","B",null,"M","$","M","M","M","R","E"],"character_chosen":"DEFECT","items_purchased":["Ball Lightning","DollysMirror","Conserve Battery"],"campfire_rested":2,"item_purchase_floors":[3,19,19],"current_hp_per_floor":[64,57,57,57,53,53,44,36,36,33,33,33,32,15,49,28,55,64,64,64,64,27,61,0,0],"gold":69,"neow_bonus":"RANDOM_COMMON_RELIC","is_daily":false,"chose_seed":false,"campfire_upgraded":2,"win_rate":0.0,"timestamp":1609858998,"path_taken":["M","?","$","M","M","R","E","M","T","E","?","R","M","E","R","BOSS","M","$","M","M","M","R","E"],"items_purchased_type":["Card","Relic","Card"],"build_version":"2020-12-22","purchased_purges":2,"victory":false,"max_hp_per_floor":[71,71,71,71,71,71,71,71,71,71,64,64,64,64,64,64,64,64,64,64,64,64,64,64,64],"card_choices":[{"not_picked":["Compile Driver","Consume"],"picked":"Coolheaded","floor":1},{"not_picked":["Sweeping Beam","Go for the Eyes"],"picked":"Leap","floor":4},{"not_picked":["Coolheaded","Turbo"],"picked":"Conserve Battery","floor":5},{"not_picked":["Steam","Hyperbeam"],"picked":"Rebound","floor":7},{"not_picked":["Streamline","Turbo"],"picked":"Conserve Battery","floor":8},{"not_picked":["Streamline","Amplify"],"picked":"Fission","floor":10},{"not_picked":["Beam Cell","Reprogram"],"picked":"Conserve Battery","floor":13},{"not_picked":["Conserve Battery","Undo"],"picked":"Ball Lightning","floor":14},{"not_picked":["Core Surge","Reboot"],"picked":"Buffer","floor":16},{"not_picked":["Reprogram","Tempest"],"picked":"Leap+1","floor":18},{"not_picked":["Steam","Heatsinks"],"picked":"Capacitor+1","floor":20},{"not_picked":["Steam","Rebound"],"picked":"Blizzard","floor":21},{"not_picked":["Go for the Eyes","Gash"],"picked":"Ball Lightning","floor":22}],"player_experience":969150,"relics_obtained":[{"floor":7,"key":"Gremlin Horn"},{"floor":9,"key":"Symbiotic Virus"},{"floor":10,"key":"Regal Pillow"},{"floor":14,"key":"HornCleat"}],"event_choices":[{"cards_removed":["Strike_B"],"damage_healed":0,"gold_gain":0,"player_choice":"Card Removal","damage_taken":7,"max_hp_gain":0,"max_hp_loss":0,"event_name":"Golden Wing","floor":2,"gold_loss":0},{"damage_healed":0,"gold_gain":0,"player_choice":"Lose Max HP","damage_taken":0,"relics_obtained":["Golden Idol"],"max_hp_gain":0,"max_hp_loss":7,"event_name":"Golden Idol","floor":11,"gold_loss":0}],"is_beta":false,"boss_relics":[{"not_picked":["Velvet Choker","Ectoplasm"],"picked":"Astrolabe"}],"items_purged_floors":[3,19],"is_endless":false,"potions_floor_spawned":[4,5,14,16,20],"killed_by":"Book of Stabbing","ascension_level":17}}