{"host":"a0paspe0zwqgzttz","time":1609872544,"event":{"mods":["AchievementEnabler","Act Like it!","BaseMod","BetterRewards","Colored Powertips","Conspire","Downfall","GifTheSpireLib","Hermit","Highlight Path","Lobotomy","Marisa????????","Minty Spire (QoL Compilation)","Quick Restart","Replay The Spire","Robot Space Explorer","Shop Mod","StSLib","SuperFastMode","The Bug Knight","The Construct","The Cursed","The Hierophant","The Jungle","The Mystic","The Necromancer","The Runesmith","The Senshi","The Servant 0.9.4"],"gold_per_floor":[137,137,28,28,49,88,113,113,138,94,94,53,73,100,100,100,100],"floor_reached":16,"playtime":772,"items_purged":[],"score":100,"play_id":"ef474c2f-4d50-468a-b52c-d8c2ddf6d0fa","local_time":"20210105134904","is_ascension_mode":false,"campfire_choices":[{"floor":8,"key":"REST"},{"data":"hermit:FullyLoaded","floor":11,"key":"SMITH"},{"floor":15,"key":"REST"}],"circlet_count":0,"master_deck":["hermit:Strike_Hermit","hermit:Strike_Hermit","hermit:Strike_Hermit","hermit:Strike_Hermit","hermit:Defend_Hermit","hermit:Defend_Hermit","hermit:Defend_Hermit","hermit:Defend_Hermit","hermit:Snapshot","hermit:Covet","Regret","hermit:TrackingShot","hermit:GoldenBullet","hermit:Combo+1","hermit:WideOpen","hermit:Showdown","hermit:FullyLoaded+1","hermit:Glare","hermit:Quickdraw","hermit:Glare","hermit:HoleUp"],"relics":["hermit:Momento","CeramicFish","Frozen Egg 2","ReplayTheSpireMod:Lightbulb","HollowMod:PaleOreRelic"],"acts_visited":["Exordium"],"potions_floor_usage":[6,16,16],"damage_taken":[{"damage":0,"enemies":"conspire:RoseBush","floor":1,"turns":3},{"damage":1,"enemies":"Jaw Worm","floor":5,"turns":4},{"damage":47,"enemies":"Replay:BlueRogue","floor":6,"turns":11},{"damage":9,"enemies":"Cultist","floor":7,"turns":4},{"damage":4,"enemies":"Red Slaver","floor":13,"turns":2},{"damage":0,"enemies":"Looter","floor":14,"turns":2},{"damage":59,"enemies":"Slime Boss","floor":16,"turns":10}],"seed_played":"-4326999636881060261","potions_obtained":[{"floor":2,"key":"LiquidMemories"},{"floor":2,"key":"Explosive Potion"},{"floor":2,"key":"BlessingOfTheForge"},{"floor":7,"key":"SteroidPotion"}],"is_trial":false,"path_per_floor":["M","?","$","T","M","E","M","R","T","$","R","$","M","M","R","B"],"character_chosen":"HERMIT","items_purchased":["hermit:GoldenBullet","hermit:Combo+1","hermit:Glare","hermit:Quickdraw"],"campfire_rested":2,"item_purchase_floors":[3,3,10,12],"current_hp_per_floor":[75,75,75,75,74,27,18,40,40,40,40,40,36,36,58,0,0],"gold":100,"neow_bonus":"RANDOM_EVENT","is_daily":false,"chose_seed":false,"campfire_upgraded":1,"win_rate":0.0,"timestamp":1609872544,"path_taken":["M","?","$","?","?","E","M","R","T","?","R","$","M","M","R","BOSS"],"items_purchased_type":["Card","Card","Card","Card"],"build_version":"2020-12-22","purchased_purges":0,"victory":false,"max_hp_per_floor":[75,75,75,75,75,75,75,75,75,75,75,75,75,75,75,75,75],"card_choices":[{"not_picked":["hermit:BodyArmor","hermit:ItchyTrigger"],"picked":"hermit:TrackingShot","floor":1},{"not_picked":["hermit:ItchyTrigger","hermit:TakeAim+1"],"picked":"hermit:WideOpen","floor":5},{"not_picked":["hermit:DeadMansHand","hermit:Vantage"],"picked":"hermit:Showdown","floor":6},{"not_picked":["hermit:TakeCover","hermit:Enervate"],"picked":"hermit:FullyLoaded","floor":7},{"not_picked":["hermit:WideOpen","hermit:Desperado"],"picked":"hermit:Glare","floor":13},{"not_picked":["hermit:Cheat","hermit:DeadMansHand"],"picked":"hermit:HoleUp","floor":14}],"player_experience":388298,"relics_obtained":[{"floor":4,"key":"Frozen Egg 2"},{"floor":6,"key":"ReplayTheSpireMod:Lightbulb"},{"floor":9,"key":"HollowMod:PaleOreRelic"}],"event_choices":[{"damage_healed":0,"gold_gain":0,"player_choice":"Box","damage_taken":0,"relics_obtained":["CeramicFish"],"max_hp_gain":0,"max_hp_loss":0,"event_name":"Big Fish","floor":0,"gold_loss":0,"cards_obtained":["Regret"]},{"damage_healed":0,"gold_gain":0,"player_choice":"Got Potions","damage_taken":0,"max_hp_gain":0,"max_hp_loss":0,"event_name":"Lab","floor":2,"gold_loss":0}],"is_beta":false,"boss_relics":[],"items_purged_floors":[],"is_endless":false,"potions_floor_spawned":[7,14],"killed_by":"Slime Boss","ascension_level":0}}