{"host":"tiwza2kisyyrpq7h","time":1609846632,"event":{"mods":["BaseMod","BetterRewards","Colored Powertips","Minty Spire (QoL Compilation)","Quick Restart","Rare Cards Sparkle","StSLib","SuperFastMode","The Servant 0.9.4","óô»ðÖ¸ÄÏ"],"gold_per_floor":[109,109,24,24,24,55,66,66,141,153,213,213,213],"floor_reached":12,"playtime":213,"items_purged":[],"score":202,"play_id":"875f201e-2f9a-4fec-ac8e-f057d08d60d6","local_time":"20210105193712","is_ascension_mode":true,"campfire_choices":[{"data":"Footwork","floor":8.0,"key":"SMITH"}],"circlet_count":0,"master_deck":["AscendersBane","Strike_G","Strike_G","Strike_G","Defend_G","Defend_G","Defend_G","Defend_G+1","Defend_G+1","Survivor","Neutralize","Crippling Poison","Well Laid Plans","Catalyst","Noxious Fumes","Footwork+1","Tactician","Deadly Poison"],"relics":["Ring of the Snake","NeowsBlessing","TungstenRod","Matryoshka","Mercury Hourglass"],"acts_visited":["Exordium"],"potions_floor_usage":[],"damage_taken":[{"damage":0.0,"enemies":"Small Slimes","floor":1.0,"turns":1.0},{"damage":0.0,"enemies":"3 Sentries","floor":6.0,"turns":2.0},{"damage":0.0,"enemies":"2 Louse","floor":7.0,"turns":1.0},{"damage":0.0,"enemies":"Jaw Worm","floor":10.0,"turns":5.0},{"damage":19.0,"enemies":"3 Sentries","floor":11.0,"turns":7.0},{"damage":14,"enemies":"Gremlin Nob","floor":12,"turns":3}],"seed_played":"7161587118209090471","potions_obtained":[{"floor":6.0,"key":"ColorlessPotion"},{"floor":11.0,"key":"Strength Potion"}],"is_trial":false,"path_per_floor":["M","?","$","?","?","E","M","R","T","M","?","E"],"character_chosen":"THE_SILENT","items_purchased":["Catalyst"],"campfire_rested":0,"item_purchase_floors":[3],"current_hp_per_floor":[59,59,59,52,32,32,32,32,32,32,13,0,0],"gold":213,"neow_bonus":"THREE_ENEMY_KILL","is_daily":false,"chose_seed":false,"campfire_upgraded":1,"win_rate":0.0,"timestamp":1609846632,"path_taken":["M","?","$","?","?","E","M","R","T","M","?","E"],"items_purchased_type":["Card"],"build_version":"2020-12-22","purchased_purges":0,"victory":false,"max_hp_per_floor":[66,66,66,66,66,66,66,66,66,66,66,66,66],"card_choices":[{"not_picked":["Dagger Throw","Dagger Spray"],"picked":"Crippling Poison","floor":1.0},{"not_picked":["Choke","Blur"],"picked":"Noxious Fumes","floor":6.0},{"not_picked":["PiercingWail","Concentrate"],"picked":"Footwork","floor":7.0},{"not_picked":["Distraction","Dagger Spray"],"picked":"Tactician","floor":10.0},{"not_picked":["Backstab","Bane"],"picked":"Deadly Poison","floor":11.0}],"player_experience":944686,"relics_obtained":[{"floor":6.0,"key":"TungstenRod"},{"floor":9.0,"key":"Matryoshka"},{"floor":11.0,"key":"Mercury Hourglass"}],"event_choices":[{"damage_healed":0.0,"max_hp_gain":0.0,"max_hp_loss":0.0,"gold_gain":0.0,"cards_transformed":["Strike_G"],"event_name":"Living Wall","player_choice":"Change","floor":2.0,"gold_loss":0.0,"damage_taken":0.0,"cards_obtained":["Well Laid Plans"]},{"cards_removed":["Strike_G"],"damage_healed":0.0,"max_hp_gain":0.0,"max_hp_loss":0.0,"gold_gain":0.0,"event_name":"Golden Wing","player_choice":"Card Removal","floor":4.0,"gold_loss":0.0,"damage_taken":7.0},{"damage_healed":0.0,"max_hp_gain":0.0,"max_hp_loss":0.0,"gold_gain":0.0,"event_name":"Shining Light","player_choice":"Entered Light","floor":5.0,"gold_loss":0.0,"damage_taken":20.0,"cards_upgraded":["Defend_G","Defend_G"]},{"damage_healed":0.0,"max_hp_gain":0.0,"max_hp_loss":0.0,"gold_gain":0.0,"event_name":"Dead Adventurer","player_choice":"Searched \u00271\u0027 times","floor":11.0,"gold_loss":0.0,"damage_taken":0.0}],"is_beta":false,"boss_relics":[],"items_purged_floors":[],"is_endless":false,"potions_floor_spawned":[6,11],"killed_by":"Gremlin Nob","ascension_level":20}}