{"host":"uikxj58mzlixykyi","time":1609859020,"event":{"mods":["AchievementEnabler","BaseMod","BetterRewards","Colored Map","Colored Powertips","Downfall","Highlight Path","Minty Spire (QoL Compilation)","Rare Cards Sparkle","Replay The Spire","Shop Mod","StSLib"],"gold_per_floor":[99,117,117,133,150,150,232,232,232,252,252,252,302,302,322,417,417,417,434,434,451,451,475,475,493,505,517,517,52,52,52,63,63,63,63],"floor_reached":33,"playtime":1117,"items_purged":["Guardian:Aged"],"score":481,"play_id":"9858c322-fb3d-4cc5-a539-76ba3f74adbb","local_time":"20210105170340","is_ascension_mode":true,"campfire_choices":[{"data":"Slimebound:CorrosiveSpit","floor":1.0,"key":"SMITH"},{"data":"Slimebound:SlimeBarrage","floor":6.0,"key":"SMITH"},{"data":"Slimebound:SplitMire","floor":8.0,"key":"SMITH"},{"floor":11.0,"key":"REST"},{"data":"Slimebound:SplitLeeching","floor":18.0,"key":"SMITH"},{"floor":28,"key":"REST"},{"data":"Slimebound:SplitLeeching","floor":30,"key":"SMITH"}],"circlet_count":0,"master_deck":["AscendersBane","Slimebound:Strike_Slimebound","Slimebound:Strike_Slimebound","Slimebound:Defend_Slimebound","Slimebound:Defend_Slimebound","Slimebound:Defend_Slimebound","Slimebound:Split+1","Slimebound:CorrosiveSpit+1","Slimebound:SplitMire+1","Slimebound:SlimeBarrage+1","Slimebound:SplitLeeching+1","Injury","ReplayTheSpireMod:Splinters","Replay:Hysterical Blindness","Slimebound:OneTwoCombo+1","Looming Evil","Spreading Infection","Slimebound:SplitLeeching+1","Guardian:Aged","Voices","Overencumbered","Slimebound:MassRepurpose+1","Slimebound:SplitSpecialist+1","Slimebound:Replication+1"],"relics":["Slimebound:AbsorbEndCombat","Singing Bowl","Ring of Greed","The Courier","Tiny Chest","Ring of Fury","Replay:Ancient Bell","Bronze Scales","Replay:WaspNest","Durian","downfall:RedIOU","Blue Doll","WingedGreaves","Guide Book","CaptainsWheel","Pen Nib"],"acts_visited":["Exordium","TheCity"],"potions_floor_usage":[21,33],"damage_taken":[{"damage":4.0,"enemies":"Cultist","floor":2.0,"turns":3.0},{"damage":15.0,"enemies":"2 Louse","floor":4.0,"turns":3.0},{"damage":15.0,"enemies":"Small Slimes","floor":5.0,"turns":3.0},{"damage":23.0,"enemies":"Exordium Wildlife","floor":10.0,"turns":3.0},{"damage":18.0,"enemies":"2 Fungi Beasts","floor":15.0,"turns":2.0},{"damage":79.0,"enemies":"downfall:Defect","floor":16.0,"turns":6.0},{"damage":3.0,"enemies":"Spheric Guardian","floor":19.0,"turns":3.0},{"damage":52,"enemies":"3 Cultists","floor":21,"turns":5},{"damage":27,"enemies":"Snake Plant","floor":25,"turns":2},{"damage":28,"enemies":"Chosen and Byrds","floor":26,"turns":6},{"damage":22,"enemies":"Shelled Parasite and Fungi","floor":27,"turns":3},{"damage":3,"enemies":"downfall:FleeingMerchant","floor":29,"turns":4},{"damage":11,"enemies":"Snake Plant","floor":32,"turns":3},{"damage":163,"enemies":"downfall:Ironclad","floor":33,"turns":2}],"seed_played":"3033029066987633636","potions_obtained":[{"floor":2.0,"key":"Adrenaline Potion"},{"floor":16.0,"key":"sneckomod:MuddlingPotion"},{"floor":21,"key":"Cursed Concoction"},{"floor":25,"key":"FearPotion"},{"floor":26,"key":"EssenceOfSteel"}],"is_trial":false,"path_per_floor":["R","M","?","M","M","R","T","R","?","M","R","?","?","?","M","B",null,"R_BF","M","?","M","?","T","T","M","M","M","R","$","R","T","M","B"],"character_chosen":"SLIMEBOUND","items_purchased":["Slimebound:Replication+1","Guide Book","CaptainsWheel"],"campfire_rested":2,"item_purchase_floors":[29,29,29],"current_hp_per_floor":[54,54,54,51,54,54,54,54,29,34,50,50,50,55,59,22,62,62,68,68,52,52,52,52,45,47,53,76,78,78,78,77,0,0,0],"gold":63,"neow_bonus":"REMOVE_TWO","is_daily":false,"chose_seed":false,"campfire_upgraded":5,"win_rate":0.0,"timestamp":1609859020,"path_taken":["R","M","?","?","M","R","T","R","?","M","R","?","?","?","M","BOSS","R_BF","M","?","M","?","?","T","M","?","?","R","$","R","?","M","BOSS"],"items_purchased_type":["Card","Relic","Relic"],"build_version":"2020-12-22","purchased_purges":1,"victory":false,"max_hp_per_floor":[54,54,54,54,54,54,54,54,54,54,54,54,54,59,61,61,72,72,72,72,74,74,74,74,74,76,78,78,78,78,78,80,80,80,80],"card_choices":[{"not_picked":["Slimebound:SpikyOuterGoop","Slimebound:BestDefense","Slimebound:GoopSpray"],"picked":"SKIP","floor":2.0},{"not_picked":["Slimebound:Replication","Slimebound:Nibble"],"picked":"Slimebound:SplitMire","floor":4.0},{"not_picked":["Slimebound:BestDefense","Slimebound:SplitLeeching"],"picked":"Slimebound:SlimeBarrage","floor":5.0},{"not_picked":["Slimebound:SlimeSpikes","Slimebound:GoopSpray"],"picked":"Slimebound:SplitLeeching","floor":10.0},{"not_picked":["Slimebound:LeechEnergy","Slimebound:BestDefense","Slimebound:RollThrough"],"picked":"Singing Bowl","floor":15.0},{"not_picked":["Slimebound:Recycling","Slimebound:LeechLife"],"picked":"Slimebound:OneTwoCombo","floor":16.0},{"not_picked":["Slimebound:Icky","Parasite","Looming Evil"],"picked":"Singing Bowl","floor":17.0},{"not_picked":["sneckomod:Bewildered","Guardian:Aged","Voices"],"picked":"Singing Bowl","floor":17.0},{"not_picked":["Spreading Infection","Looming Evil","Sickly"],"picked":"Singing Bowl","floor":17.0},{"not_picked":["Slimebound:PressTheAttack","Slimebound:AcidTongue"],"picked":"Slimebound:SplitLeeching","floor":19.0},{"not_picked":["Slimebound:ViciousTackle+1","Slimebound:LeechingTouch+1","Slimebound:DivideAndConquer"],"picked":"Singing Bowl","floor":21},{"not_picked":["Slimebound:DisruptingSlam","Slimebound:SplitBruiser"],"picked":"Slimebound:MassRepurpose","floor":25},{"not_picked":["Slimebound:Schlurp+1","Slimebound:ServeAndProtect+1","Slimebound:ViciousTackle"],"picked":"Singing Bowl","floor":26},{"not_picked":["Slimebound:MegaLick","Slimebound:ComboTackle","Slimebound:HungryTackle"],"picked":"Singing Bowl","floor":27},{"not_picked":["Slimebound:LeechingTouch","Slimebound:DouseInSlime"],"picked":"Slimebound:SplitSpecialist+1","floor":29},{"not_picked":["Slimebound:ViciousTackle","Slimebound:DivideAndConquer","Slimebound:LeechEnergy"],"picked":"Singing Bowl","floor":32}],"player_experience":111521,"relics_obtained":[{"floor":7.0,"key":"Singing Bowl"},{"floor":13.0,"key":"Ring of Greed"},{"floor":13.0,"key":"The Courier"},{"floor":13.0,"key":"Tiny Chest"},{"floor":13.0,"key":"Ring of Fury"},{"floor":23,"key":"Blue Doll"},{"floor":24,"key":"WingedGreaves"},{"floor":31,"key":"Pen Nib"}],"event_choices":[{"damage_healed":0.0,"max_hp_gain":0.0,"max_hp_loss":0.0,"gold_gain":0.0,"event_name":"Upgrade Shrine","player_choice":"Upgraded","floor":3.0,"gold_loss":0.0,"damage_taken":0.0,"cards_upgraded":["Slimebound:Split"]},{"damage_healed":0.0,"max_hp_gain":0.0,"max_hp_loss":0.0,"gold_gain":0.0,"event_name":"Scrap Ooze","player_choice":"Success","floor":9.0,"gold_loss":0.0,"damage_taken":25.0,"relics_obtained":["Slimebound:AggressiveSlimeRelic"]},{"damage_healed":0.0,"max_hp_gain":5.0,"max_hp_loss":0.0,"gold_gain":0.0,"event_name":"Big Fish","player_choice":"Donut","floor":14.0,"gold_loss":0.0,"damage_taken":0.0},{"damage_healed":0,"gold_gain":0,"player_choice":"Ignored","damage_taken":0,"max_hp_gain":0,"max_hp_loss":0,"event_name":"Vampires","floor":22,"gold_loss":0}],"is_beta":false,"boss_relics":[{"not_picked":["Replay:Wanted Poster","Busted Crown"],"picked":"Replay:Ancient Bell"},{"not_picked":["Potion Belt","Lantern"],"picked":"Bronze Scales"},{"not_picked":["Molten Egg 2","Blue Candle"],"picked":"Replay:WaspNest"},{"not_picked":["Pocketwatch","Unceasing Top"],"picked":"Durian"}],"items_purged_floors":[29],"is_endless":false,"potions_floor_spawned":[2,16,21,25,26],"killed_by":"downfall:Ironclad","ascension_level":10}}