{"host":"vsdszi3rnxsdp24p","time":1609860541,"event":{"mods":["AchievementEnabler","BaseMod","Bestiary","Colored Map","Colored Powertips","Curses Come First","DeckTracker","Hermit","Highlight Path","Minty Spire (QoL Compilation)","Quick Restart","Relic Sorter","Relic Stats","StSLib","SuperFastMode","Synergy Search","The Cursed","The Mystic"],"gold_per_floor":[109,384,50,68,86,86,115,115,193,204,204,224,236,247,247,347,347,367,17,17,17,17],"floor_reached":21,"playtime":921,"items_purged":["Regret"],"score":181,"play_id":"8d75df6e-2f65-4017-b8bf-b91b89e37681","local_time":"20210105162901","is_ascension_mode":false,"campfire_choices":[{"data":"Blind","floor":6,"key":"SMITH"},{"floor":8,"key":"REST"},{"floor":15,"key":"REST"}],"circlet_count":0,"master_deck":["Strike_G","Strike_G","Strike_G","Strike_G","Defend_G+1","Defend_G","Defend_G","Survivor","Neutralize","Dagger Throw","Blade Dance+1","Blind+1","Heel Hook","Dodge and Roll","Bane","Heel Hook","Dagger Throw","Night Terror","PiercingWail","Defend_B","Dash","Blade Dance","PiercingWail","Storm of Steel","Finisher","Well Laid Plans","Magnetism","Tactician"],"relics":["Ring of the Snake","War Paint","Bottled Flame","SlaversCollar"],"acts_visited":["Exordium","TheCity"],"potions_floor_usage":[4,10,12,16,16,18],"damage_taken":[{"damage":7,"enemies":"2 Louse","floor":1,"turns":4},{"damage":5,"enemies":"Cultist","floor":4,"turns":4},{"damage":2,"enemies":"Small Slimes","floor":5,"turns":3},{"damage":25,"enemies":"Lagavulin","floor":7,"turns":6},{"damage":7,"enemies":"Gremlin Gang","floor":10,"turns":3},{"damage":0,"enemies":"3 Louse","floor":12,"turns":3},{"damage":13,"enemies":"Looter","floor":13,"turns":4},{"damage":8,"enemies":"Large Slime","floor":14,"turns":5},{"damage":18,"enemies":"Hexaghost","floor":16,"turns":9},{"damage":54,"enemies":"Spheric Guardian","floor":18,"turns":8}],"seed_played":"-5520771622222103180","potions_obtained":[{"floor":1,"key":"Strength Potion"},{"floor":7,"key":"Energy Potion"},{"floor":10,"key":"SkillPotion"},{"floor":14,"key":"BlessingOfTheForge"},{"floor":16,"key":"ColorlessPotion"}],"is_trial":false,"path_per_floor":["M","?","$","M","M","R","E","R","T","M","?","M","M","M","R","B",null,"M","$","?","?"],"character_chosen":"THE_SILENT","items_purchased":["Blade Dance","Blind","Heel Hook","Dodge and Roll","Bane","AttackPotion","Well Laid Plans","Magnetism"],"campfire_rested":2,"item_purchase_floors":[3,3,3,3,3,3,19,19],"current_hp_per_floor":[56,56,56,51,49,49,24,42,42,35,35,35,22,14,32,14,63,9,9,9,0,0],"gold":17,"neow_bonus":"REMOVE_TWO","is_daily":false,"chose_seed":false,"campfire_upgraded":1,"win_rate":0.0,"timestamp":1609860541,"path_taken":["M","?","$","?","M","R","E","R","T","M","?","?","M","M","R","BOSS","M","$","?","?"],"items_purchased_type":["Card","Card","Card","Card","Card","Potion","Card","Card"],"build_version":"2020-12-22","purchased_purges":1,"victory":false,"max_hp_per_floor":[63,63,63,63,63,63,63,63,63,63,63,63,63,63,63,63,63,63,63,63,63,63],"relic_stats":{"counters":[10,49],"War Paint":["Blade Dance","Defend_G"],"obtain_stats":[{"SlaversCollar":17,"Bottled Flame":9,"War Paint":7,"Ring of the Snake":0},{"SlaversCollar":9,"Bottled Flame":4,"War Paint":4,"Ring of the Snake":0},{"SlaversCollar":41,"Bottled Flame":17,"War Paint":17,"Ring of the Snake":0}],"Ring of the Snake":[20]},"card_choices":[{"not_picked":["Quick Slash","Underhanded Strike"],"picked":"Dagger Throw","floor":1},{"not_picked":["All Out Attack","Flying Knee"],"picked":"Heel Hook","floor":4},{"not_picked":["All Out Attack","PiercingWail"],"picked":"Dagger Throw","floor":5},{"not_picked":["Bane","Backflip"],"picked":"Night Terror","floor":7},{"not_picked":["Deadly Poison","Backflip"],"picked":"PiercingWail","floor":10},{"not_picked":["Expertise","Acrobatics"],"picked":"Dash","floor":12},{"not_picked":["Well Laid Plans","Masterful Stab"],"picked":"Blade Dance","floor":13},{"not_picked":["Dagger Throw","Dash"],"picked":"PiercingWail","floor":14},{"not_picked":["Grand Finale","Burst"],"picked":"Storm of Steel","floor":16},{"not_picked":["Bane+1","Poisoned Stab+1"],"picked":"Finisher","floor":18}],"player_experience":133914,"relics_obtained":[{"floor":7,"key":"War Paint"},{"floor":9,"key":"Bottled Flame"}],"event_choices":[{"damage_healed":0,"gold_gain":275,"player_choice":"Desecrate","damage_taken":0,"max_hp_gain":0,"max_hp_loss":0,"event_name":"Golden Shrine","floor":2,"gold_loss":0,"cards_obtained":["Regret"]},{"cards_removed":["Defend_G"],"damage_healed":0,"gold_gain":0,"player_choice":"Took Card","damage_taken":0,"max_hp_gain":0,"max_hp_loss":0,"event_name":"NoteForYourself","floor":11,"gold_loss":0,"cards_obtained":["Defend_B"]},{"damage_healed":0,"gold_gain":0,"player_choice":"Read","damage_taken":0,"max_hp_gain":0,"max_hp_loss":0,"event_name":"The Library","floor":20,"gold_loss":0,"cards_obtained":["Tactician"]},{"damage_healed":0,"gold_gain":0,"player_choice":"Obtained Book","damage_taken":16,"max_hp_gain":0,"max_hp_loss":0,"event_name":"Cursed Tome","floor":21,"gold_loss":0}],"is_beta":false,"boss_relics":[{"not_picked":["Runic Pyramid","Coffee Dripper"],"picked":"SlaversCollar"}],"items_purged_floors":[19],"is_endless":false,"potions_floor_spawned":[1,7,10,14,16],"ascension_level":0}}