{"host":"d8hh7rr4yzitjeuj","time":1609858483,"event":{"mods":["2.2 Compatiblity","AchievementEnabler","Act Like it!","BaseMod","Colored Map","Colored Powertips","Highlight Path","Keyboard Shortcuts","Minty Spire (QoL Compilation)","Permanent Neow","Quick Restart","StSLib","SuperFastMode"],"gold_per_floor":[109,109,122,137,150,150,182,332,357,390,390,409,108,158,158,158,158],"floor_reached":16,"playtime":497,"items_purged":["Doubt"],"score":220,"play_id":"a32af3d4-b64e-4a43-8f4f-5467b2c6fedb","local_time":"20210105235443","is_ascension_mode":true,"campfire_choices":[{"data":"Body Slam","floor":6.0,"key":"SMITH"},{"data":"Armaments","floor":11.0,"key":"SMITH"},{"floor":15.0,"key":"REST"}],"circlet_count":0,"master_deck":["AscendersBane","Strike_R","Strike_R","Strike_R","Strike_R","Defend_R","Defend_R","Defend_R","Defend_R","Bash","Barricade","Body Slam+1","Pommel Strike","Cleave","Intimidate","Armaments+1","Feel No Pain","Body Slam"],"relics":["Burning Blood","Bronze Scales","Akabeko","Omamori","OrangePellets"],"acts_visited":["Exordium"],"potions_floor_usage":[16],"damage_taken":[{"damage":7.0,"enemies":"Small Slimes","floor":1.0,"turns":3.0},{"damage":0.0,"enemies":"2 Louse","floor":3.0,"turns":3.0},{"damage":2.0,"enemies":"Cultist","floor":4.0,"turns":4.0},{"damage":20.0,"enemies":"Large Slime","floor":5.0,"turns":5.0},{"damage":17.0,"enemies":"3 Sentries","floor":7.0,"turns":8.0},{"damage":29.0,"enemies":"Gremlin Nob","floor":10.0,"turns":4.0},{"damage":1.0,"enemies":"2 Fungi Beasts","floor":12.0,"turns":2.0},{"damage":57,"enemies":"Slime Boss","floor":16,"turns":12}],"seed_played":"-276468479149216084","potions_obtained":[{"floor":3.0,"key":"HeartOfIron"},{"floor":4.0,"key":"EssenceOfSteel"},{"floor":7.0,"key":"AttackPotion"}],"is_trial":false,"path_per_floor":["M","?","M","M","M","R","E","?","T","E","R","M","$","?","R","B"],"character_chosen":"IRONCLAD","items_purchased":["OrangePellets","Body Slam"],"campfire_rested":1,"item_purchase_floors":[13,13],"current_hp_per_floor":[67,60,66,70,56,56,45,45,45,22,22,27,27,27,49,0,0],"gold":158,"neow_bonus":"ONE_RANDOM_RARE_CARD","is_daily":false,"chose_seed":false,"campfire_upgraded":2,"win_rate":0.0,"timestamp":1609858483,"path_taken":["M","?","M","M","M","R","E","?","T","E","R","M","$","?","R","BOSS"],"items_purchased_type":["Relic","Card"],"build_version":"2020-12-22","purchased_purges":1,"victory":false,"max_hp_per_floor":[75,75,75,75,75,75,75,75,75,75,75,75,75,75,75,75,75],"card_choices":[{"not_picked":["Shrug It Off","Cleave"],"picked":"Body Slam","floor":1.0},{"not_picked":["Rage","True Grit"],"picked":"Pommel Strike","floor":3.0},{"not_picked":["Heavy Blade","Searing Blow"],"picked":"Cleave","floor":4.0},{"not_picked":["Flex","Seeing Red"],"picked":"Intimidate","floor":5.0},{"not_picked":["Clash","Havoc","Combust"],"picked":"SKIP","floor":7.0},{"not_picked":["Sword Boomerang","Iron Wave"],"picked":"Armaments","floor":10.0},{"not_picked":["Exhume","Warcry"],"picked":"Feel No Pain","floor":12.0}],"player_experience":1409535,"relics_obtained":[{"floor":7.0,"key":"Bronze Scales"},{"floor":9.0,"key":"Akabeko"},{"floor":10.0,"key":"Omamori"}],"event_choices":[{"cards_removed":["Strike_R"],"damage_healed":0.0,"max_hp_gain":0.0,"max_hp_loss":0.0,"gold_gain":0.0,"event_name":"Golden Wing","player_choice":"Card Removal","floor":2.0,"gold_loss":0.0,"damage_taken":7.0},{"damage_healed":0.0,"max_hp_gain":0.0,"max_hp_loss":0.0,"gold_gain":150.0,"event_name":"Liars Game","player_choice":"AGREE","floor":8.0,"gold_loss":0.0,"damage_taken":0.0,"cards_obtained":["Doubt"]},{"damage_healed":0.0,"max_hp_gain":0.0,"max_hp_loss":0.0,"gold_gain":50.0,"event_name":"Golden Shrine","player_choice":"Pray","floor":14.0,"gold_loss":0.0,"damage_taken":0.0}],"is_beta":false,"boss_relics":[],"items_purged_floors":[13],"is_endless":false,"potions_floor_spawned":[3,4,7],"killed_by":"Slime Boss","ascension_level":20}}