{"host":"30p6vp5e6xgjixv6","time":1609825738,"event":{"mods":["AchievementEnabler","BaseMod","Better Match","Better Note","BetterRewards","Colored Map","Colored Powertips","Downfall","Gremlin Skip","Minty Spire (QoL Compilation)","Quick Restart","Rare Cards Sparkle","Relic Filter","StSLib","The IronCluck"],"gold_per_floor":[199,219,219,319,9,9,9,28,28,42,84,21,33,72,104,116,116,116],"floor_reached":16,"playtime":528,"items_purged":[],"score":103,"play_id":"a882745e-f5f1-4c5d-b33f-67be1e0ef984","local_time":"20210105004858","is_ascension_mode":true,"campfire_choices":[{"data":"hexamod:Float","floor":1,"key":"SMITH"},{"floor":12,"key":"REST"}],"circlet_count":0,"master_deck":["hexamod:Strike","hexamod:Strike","hexamod:Strike","hexamod:Strike","hexamod:Defend+1","hexamod:Defend","hexamod:Defend","hexamod:Defend","hexamod:Sear","hexamod:Float+1","hexamod:Firestarter","hexamod:HauntingEcho+1","hexamod:ThirdSeal","hexamod:SpectralSpark+1","Regret","hexamod:SecondSeal","hexamod:BurningTouch","hexamod:FlamesFromBeyond","hexamod:TimeOfNeed"],"relics":["hexamod:SpiritBrand","Lantern","Medical Kit","The Courier","MawBank","downfall:HeartBlessingGreen","hexamod:MatchstickCase","Potion Belt"],"acts_visited":["Exordium"],"potions_floor_usage":[11],"damage_taken":[{"damage":1,"enemies":"2 Louse","floor":2,"turns":4},{"damage":0,"enemies":"downfall:FleeingMerchant","floor":5,"turns":4},{"damage":0,"enemies":"Cultist","floor":6,"turns":1},{"damage":6,"enemies":"Jaw Worm","floor":8,"turns":3},{"damage":3,"enemies":"3 Louse","floor":10,"turns":3},{"damage":27,"enemies":"Lagavulin","floor":11,"turns":6},{"damage":8,"enemies":"2 Fungi Beasts","floor":15,"turns":3},{"damage":48,"enemies":"downfall:Defect","floor":16,"turns":6}],"seed_played":"-2737215591033112403","potions_obtained":[{"floor":8,"key":"Fire Potion"},{"floor":15,"key":"SmokeBomb"}],"is_trial":false,"path_per_floor":["R","M","?","?","$","M","T","M","?","M","E","R","?","T","M","B"],"character_chosen":"THE_SPIRIT","items_purchased":["Lantern","Medical Kit"],"campfire_rested":1,"item_purchase_floors":[5,5],"current_hp_per_floor":[70,69,69,69,69,69,69,63,63,60,33,54,54,54,46,0,0,0],"gold":116,"neow_bonus":"HUNDRED_GOLD","is_daily":false,"chose_seed":false,"campfire_upgraded":1,"win_rate":0.0,"timestamp":1609825738,"path_taken":["R","M","?","?","$","?","T","M","?","M","E","R","?","?","M","BOSS"],"items_purchased_type":["Relic","Relic"],"build_version":"2020-12-22","purchased_purges":0,"victory":false,"max_hp_per_floor":[70,70,70,70,70,70,70,70,70,70,70,70,70,70,70,70,70,70],"card_choices":[{"not_picked":["hexamod:ShieldOfDarkness","hexamod:SpectralAdrenaline"],"picked":"hexamod:Firestarter","floor":2},{"not_picked":["hexamod:RainOfEmbers","hexamod:GhostLash"],"picked":"hexamod:HauntingEcho","floor":5},{"not_picked":["hexamod:RecurringNightmare","hexamod:NightmareGuise"],"picked":"hexamod:ThirdSeal","floor":6},{"not_picked":["hexamod:GhostShield","hexamod:SkipABeat"],"picked":"hexamod:SpectralSpark","floor":8},{"not_picked":["hexamod:HauntingEcho","hexamod:SwordOfDarkness","hexamod:GhostLash"],"picked":"SKIP","floor":8},{"not_picked":["hexamod:InspiringFlames","hexamod:RainOfEmbers"],"picked":"hexamod:SecondSeal","floor":10},{"not_picked":["hexamod:AdvancingGuard","hexamod:HauntingEcho"],"picked":"hexamod:BurningTouch","floor":10},{"not_picked":["hexamod:ShieldOfDarkness","hexamod:HeatShield"],"picked":"hexamod:FlamesFromBeyond","floor":11},{"not_picked":["hexamod:HauntingEcho","hexamod:NightmareGuise","hexamod:SwordOfDarkness"],"picked":"SKIP","floor":11},{"not_picked":["hexamod:HeatCrush","hexamod:SuperheatedStrike"],"picked":"hexamod:TimeOfNeed","floor":15},{"not_picked":["hexamod:Rewind","hexamod:ShieldOfDarkness","hexamod:StepThrough"],"picked":"SKIP","floor":15}],"player_experience":190673,"relics_obtained":[{"floor":7,"key":"The Courier"},{"floor":11,"key":"MawBank"},{"floor":14,"key":"Potion Belt"}],"event_choices":[],"is_beta":false,"boss_relics":[],"items_purged_floors":[],"is_endless":false,"potions_floor_spawned":[8,10,15],"killed_by":"downfall:Defect","ascension_level":1}}