{"host":"6ko66ogg91i6g7xq","time":1609885227,"event":{"mods":["AchievementEnabler","Act Like it!","BaseMod","Colored Map","Colored Powertips","Downfall","Hermit","Minty Spire (QoL Compilation)","Quick Restart","Relic Stats","StSLib","The Jungle","everything is the same but u backflip on backflip"],"gold_per_floor":[114,389,89,105,67,97,110,110,179,94,123,141,141,159,159,256,306,319,44,44,62,78,78,110,123,146,181,181,193,225,243,243,339,339,357,230,242,19,39,39,53,86,86,86,86,86,86,99,99,99,99,99,25,58,58,58],"floor_reached":55,"playtime":2714,"items_purged":["Regret","Decay"],"score":880,"play_id":"4e298f61-afcf-4226-8fc8-dcaf39e2d951","local_time":"20210105172027","is_ascension_mode":true,"campfire_choices":[{"floor":8,"key":"RECALL"},{"data":"Catalyst","floor":13,"key":"SMITH"},{"data":"Bandage Up","floor":15,"key":"SMITH"},{"data":"Noxious Fumes","floor":23,"key":"SMITH"},{"floor":28,"key":"REST"},{"floor":32,"key":"REST"},{"floor":40,"key":"REST"},{"floor":45,"key":"REST"},{"floor":47,"key":"REST"},{"data":"Noxious Fumes","floor":49,"key":"SMITH"},{"data":"Malaise","floor":52,"key":"SMITH"}],"circlet_count":0,"master_deck":["Strike_G","Strike_G","Strike_G+1","Strike_G","Strike_G","Defend_G","Defend_G","Defend_G","Defend_G","Defend_G","Survivor","Neutralize","Sucker Punch","Noxious Fumes","Noxious Fumes+1","Dagger Spray+1","Bandage Up+1","Catalyst+1","Sucker Punch+1","Backflip","Adrenaline","Noxious Fumes+1","Burst+1","Backflip+1","Crippling Poison","Blur","Malaise+1","Deadly Poison","Noxious Fumes+1","expansioncontent:AwakenDeath+1","Footwork+1"],"relics":["Ring of the Snake","NeowsBlessing","PreservedInsect","Vajra","Ninja Scroll","Whetstone","Tiny House","Membership Card","Frozen Egg 2","Anchor","Orichalcum","Pear","Nunchaku","SacredBark","Toy Ornithopter","Mummified Hand","Akabeko","Ancient Tea Set","OrangePellets","Oddly Smooth Stone"],"acts_visited":["Exordium","TheCity","TheBeyond","TheEnding"],"potions_floor_usage":[16,21,22,22,29,33,33,48,54,55,55],"damage_taken":[{"damage":0,"enemies":"Small Slimes","floor":1,"turns":1},{"damage":0,"enemies":"Cultist","floor":4,"turns":1},{"damage":0,"enemies":"Gremlin Nob","floor":6,"turns":1},{"damage":0,"enemies":"Jaw Worm","floor":7,"turns":5},{"damage":8,"enemies":"3 Sentries","floor":11,"turns":4},{"damage":0,"enemies":"2 Fungi Beasts","floor":12,"turns":3},{"damage":0,"enemies":"Lots of Slimes","floor":14,"turns":3},{"damage":14,"enemies":"Hexaghost","floor":16,"turns":7},{"damage":1,"enemies":"Chosen","floor":18,"turns":4},{"damage":5,"enemies":"Spheric Guardian","floor":21,"turns":3},{"damage":11,"enemies":"Snecko","floor":22,"turns":4},{"damage":22,"enemies":"Gremlin Leader","floor":24,"turns":5},{"damage":10,"enemies":"Shelled Parasite and Fungi","floor":25,"turns":7},{"damage":19,"enemies":"Book of Stabbing","floor":27,"turns":5},{"damage":28,"enemies":"Cultist and Chosen","floor":29,"turns":8},{"damage":33,"enemies":"Slavers","floor":30,"turns":5},{"damage":12,"enemies":"Snake Plant","floor":31,"turns":4},{"damage":26,"enemies":"Automaton","floor":33,"turns":10},{"damage":20,"enemies":"3 Darklings","floor":35,"turns":5},{"damage":6,"enemies":"Orb Walker","floor":37,"turns":4},{"damage":33,"enemies":"Jaw Worm Horde","floor":39,"turns":5},{"damage":43,"enemies":"Spire Growth","floor":41,"turns":7},{"damage":31,"enemies":"Reptomancer","floor":42,"turns":6},{"damage":2,"enemies":"Sphere and 2 Shapes","floor":48,"turns":4},{"damage":95,"enemies":"Awakened One","floor":50,"turns":12},{"damage":37,"enemies":"Shield and Spear","floor":54,"turns":7},{"damage":135,"enemies":"The Heart","floor":55,"turns":9}],"seed_played":"-182257394597952188","potions_obtained":[{"floor":6,"key":"Dexterity Potion"},{"floor":7,"key":"Slimebound:ThreeZeroPotion"},{"floor":12,"key":"EssenceOfSteel"},{"floor":14,"key":"PowerPotion"},{"floor":16,"key":"SpeedPotion"},{"floor":17,"key":"DistilledChaos"},{"floor":21,"key":"champ:CounterPotion"},{"floor":27,"key":"Guardian:BlockOnCardUsePotion"},{"floor":30,"key":"LiquidMemories"},{"floor":33,"key":"Strength Potion"},{"floor":37,"key":"SteroidPotion"},{"floor":42,"key":"SneckoOil"},{"floor":54,"key":"Poison Potion"}],"is_trial":false,"path_per_floor":["M","?","$","M","$","E","M","R","T","$","E","M","R","M","R","B",null,"M","$","?","M","M","R","E","M","T","E","R","M","E","M","R","B",null,"M","$","M","$","M","R","M","E","T","?","R","?","R","M","R","B",null,"R","$","E","B"],"character_chosen":"THE_SILENT","items_purchased":["PreservedInsect","Noxious Fumes","Noxious Fumes","Bandage Up","Membership Card","Frozen Egg 2","Toy Ornithopter","Mummified Hand","Akabeko","Deadly Poison","OrangePellets"],"campfire_rested":5,"item_purchase_floors":[3,3,5,10,19,19,36,38,38,38,53],"current_hp_per_floor":[70,70,70,70,70,70,70,70,70,70,62,62,62,66,66,58,75,74,74,74,69,64,64,48,44,44,41,66,44,17,11,36,10,85,71,71,77,77,50,75,38,13,13,13,38,38,63,72,72,15,85,85,85,53,0,0],"gold":58,"neow_bonus":"THREE_ENEMY_KILL","is_daily":false,"chose_seed":false,"campfire_upgraded":5,"win_rate":0.0,"timestamp":1609885227,"path_taken":["M","?","$","?","$","E","M","R","T","?","E","M","R","M","R","BOSS","M","$","?","M","?","R","E","M","T","E","R","?","E","M","R","BOSS","M","$","M","$","M","R","?","E","T","?","R","?","R","M","R","BOSS","R","$","E","BOSS"],"items_purchased_type":["Relic","Card","Card","Card","Relic","Relic","Relic","Relic","Relic","Card","Relic"],"build_version":"2020-12-22","purchased_purges":2,"victory":false,"max_hp_per_floor":[70,70,70,70,70,70,70,70,70,70,70,70,70,70,70,70,75,75,75,75,75,75,75,75,75,75,85,85,85,85,85,85,85,85,85,85,85,85,85,85,85,85,85,85,85,85,85,85,85,85,85,85,85,85,85,85],"relic_stats":{"OrangePellets":[3],"Nunchaku":[11],"counters":[27,139],"Mummified Hand":[36],"PreservedInsect":283,"Whetstone":["Dagger Spray","Strike_G"],"Orichalcum":[162],"obtain_stats":[{"Tiny House":17,"Pear":27,"NeowsBlessing":0,"SacredBark":34,"Vajra":6,"Oddly Smooth Stone":54,"PreservedInsect":3,"Whetstone":11,"Frozen Egg 2":19,"Orichalcum":26,"Ancient Tea Set":42,"Akabeko":38,"OrangePellets":53,"Anchor":24,"Nunchaku":30,"Ninja Scroll":9,"Mummified Hand":38,"Membership Card":19,"Toy Ornithopter":36,"Ring of the Snake":0},{"Tiny House":8,"Pear":14,"NeowsBlessing":0,"SacredBark":18,"Vajra":3,"Oddly Smooth Stone":26,"PreservedInsect":1,"Whetstone":5,"Frozen Egg 2":9,"Orichalcum":13,"Ancient Tea Set":23,"Akabeko":20,"OrangePellets":25,"Anchor":12,"Nunchaku":16,"Ninja Scroll":4,"Mummified Hand":20,"Membership Card":9,"Toy Ornithopter":19,"Ring of the Snake":0},{"Tiny House":25,"Pear":53,"NeowsBlessing":0,"SacredBark":80,"Vajra":3,"Oddly Smooth Stone":130,"PreservedInsect":1,"Whetstone":12,"Frozen Egg 2":29,"Orichalcum":48,"Ancient Tea Set":107,"Akabeko":89,"OrangePellets":123,"Anchor":41,"Nunchaku":66,"Ninja Scroll":8,"Mummified Hand":89,"Membership Card":29,"Toy Ornithopter":85,"Ring of the Snake":0}],"Toy Ornithopter":15,"Ring of the Snake":[54]},"card_choices":[{"not_picked":["Flying Knee","Prepared"],"picked":"Sucker Punch","floor":1},{"not_picked":["Blade Dance","Distraction","Slice"],"picked":"SKIP","floor":4},{"not_picked":["Quick Slash","Bouncing Flask"],"picked":"Dagger Spray","floor":6},{"not_picked":["Masterful Stab","Storm of Steel","Dodge and Roll"],"picked":"SKIP","floor":7},{"not_picked":["Outmaneuver","Footwork"],"picked":"Catalyst","floor":11},{"not_picked":["Slice","Setup"],"picked":"Sucker Punch","floor":12},{"not_picked":["Cloak And Dagger","Well Laid Plans"],"picked":"Backflip","floor":14},{"not_picked":["Envenom","Glass Knife"],"picked":"Adrenaline","floor":16},{"not_picked":["Deflect","Sucker Punch"],"picked":"Noxious Fumes","floor":17},{"not_picked":["Slice","Quick Slash","Concentrate"],"picked":"SKIP","floor":18},{"not_picked":["Infinite Blades+1","Prepared","Flechettes+1"],"picked":"SKIP","floor":21},{"not_picked":["Tactician+1","Infinite Blades+1","Blade Dance"],"picked":"SKIP","floor":22},{"not_picked":["Quick Slash","Footwork+1"],"picked":"Burst","floor":24},{"not_picked":["Deflect","Acrobatics"],"picked":"Backflip+1","floor":25},{"not_picked":["Finisher","Quick Slash","Outmaneuver"],"picked":"SKIP","floor":27},{"not_picked":["Crippling Poison","Expertise+1","Blade Dance"],"picked":"SKIP","floor":29},{"not_picked":["Expertise+1","Blade Dance"],"picked":"Crippling Poison","floor":29},{"not_picked":["Reflex","Outmaneuver+1","Quick Slash"],"picked":"SKIP","floor":30},{"not_picked":["Flying Knee","Calculated Gamble"],"picked":"Blur","floor":31},{"not_picked":["Glass Knife","Grand Finale"],"picked":"Malaise","floor":33},{"not_picked":["Predator+1","PiercingWail+1","Riddle With Holes+1"],"picked":"SKIP","floor":35},{"not_picked":["Bane","Terror+1","PiercingWail"],"picked":"SKIP","floor":37},{"not_picked":["Cloak And Dagger+1","Quick Slash","Slice"],"picked":"SKIP","floor":39},{"not_picked":["Predator+1","Finisher"],"picked":"Noxious Fumes+1","floor":41},{"not_picked":["Deflect","Underhanded Strike","Tactician+1"],"picked":"SKIP","floor":42},{"not_picked":["Trip","expansioncontent:PrepareCrush"],"picked":"expansioncontent:AwakenDeath+1","floor":44},{"not_picked":["Sucker Punch","Choke+1","Tactician"],"picked":"SKIP","floor":48},{"not_picked":["Choke","Glass Knife"],"picked":"Footwork+1","floor":54}],"player_experience":250659,"relics_obtained":[{"floor":6,"key":"Vajra"},{"floor":9,"key":"Ninja Scroll"},{"floor":11,"key":"Whetstone"},{"floor":24,"key":"Anchor"},{"floor":26,"key":"Orichalcum"},{"floor":27,"key":"Pear"},{"floor":30,"key":"Nunchaku"},{"floor":42,"key":"Ancient Tea Set"},{"floor":54,"key":"Oddly Smooth Stone"}],"event_choices":[{"damage_healed":0,"gold_gain":275,"player_choice":"Desecrate","damage_taken":0,"max_hp_gain":0,"max_hp_loss":0,"event_name":"Golden Shrine","floor":2,"gold_loss":0,"cards_obtained":["Regret"]},{"damage_healed":0,"gold_gain":0,"player_choice":"Cursed","damage_taken":0,"max_hp_gain":0,"max_hp_loss":0,"event_name":"Wheel of Change","floor":20,"gold_loss":0,"cards_obtained":["Decay"]},{"damage_healed":0,"gold_gain":0,"player_choice":"Memory 1","damage_taken":0,"max_hp_gain":0,"max_hp_loss":0,"event_name":"SensoryStone","floor":44,"gold_loss":0},{"damage_healed":0,"gold_gain":0,"player_choice":"Forge","damage_taken":0,"max_hp_gain":0,"max_hp_loss":0,"event_name":"Accursed Blacksmith","floor":46,"gold_loss":0,"cards_upgraded":["Burst"]}],"is_beta":false,"boss_relics":[{"not_picked":["Astrolabe","Runic Pyramid"],"picked":"Tiny House"},{"not_picked":["Philosopher\u0027s Stone","Fusion Hammer"],"picked":"SacredBark"}],"items_purged_floors":[3,36],"is_endless":false,"potions_floor_spawned":[6,7,12,14,16,21,27,30,33,37,42,54],"killed_by":"The Heart","ascension_level":1}}