{"host":"t75twhtg6c476ygg","time":1609887985,"event":{"mods":["AchievementEnabler","BaseMod","Colored Powertips","Minty Spire (QoL Compilation)","Quick Restart","Relic Stats","StSLib","SuperFastMode"],"gold_per_floor":[110,110,31,31,48,83,83,110,110,137,164,164,164,164],"floor_reached":13,"playtime":435,"items_purged":[],"score":167,"play_id":"003e3160-2580-40ed-ad6b-1327ec952eb6","local_time":"20210105230625","is_ascension_mode":true,"campfire_choices":[{"data":"TalkToTheHand","floor":7.0,"key":"SMITH"}],"circlet_count":0,"master_deck":["Strike_P","Strike_P+1","Strike_P","Defend_P+1","Defend_P","Defend_P","Defend_P","Eruption+1","Vigilance","Protect","TalkToTheHand+1","EmptyFist","DeceiveReality","Adaptation"],"relics":["PureWater","NeowsBlessing","WingedGreaves","Toy Ornithopter","Bird Faced Urn","Juzu Bracelet","Singing Bowl"],"acts_visited":[],"potions_floor_usage":[],"damage_taken":[{"damage":0.0,"enemies":"Small Slimes","floor":1.0,"turns":1.0},{"damage":0.0,"enemies":"Cultist","floor":5.0,"turns":1.0},{"damage":0.0,"enemies":"3 Sentries","floor":6.0,"turns":1.0},{"damage":0.0,"enemies":"Gremlin Nob","floor":8.0,"turns":5.0},{"damage":31.0,"enemies":"3 Sentries","floor":10.0,"turns":18.0},{"damage":28.0,"enemies":"Gremlin Nob","floor":11.0,"turns":5.0},{"damage":0,"enemies":"Lagavulin","floor":13,"turns":1}],"seed_played":"-4789011641445360116","potions_obtained":[{"floor":5.0,"key":"SpeedPotion"},{"floor":8.0,"key":"EntropicBrew"}],"is_trial":false,"path_per_floor":["M","?","$","?","M","E","R","E","T","E","E","?","E"],"character_chosen":"WATCHER","items_purchased":["TalkToTheHand"],"campfire_rested":0,"item_purchase_floors":[3],"current_hp_per_floor":[72,72,72,58,58,58,58,58,58,29,18,11,11,11],"gold":164,"neow_bonus":"THREE_ENEMY_KILL","is_daily":false,"chose_seed":false,"campfire_upgraded":1,"win_rate":0.0,"timestamp":1609887985,"path_taken":["M","?","?","?","M","E","R","E","T","E","E","?","E"],"items_purchased_type":["Card"],"build_version":"2020-12-22","purchased_purges":0,"victory":false,"max_hp_per_floor":[72,72,72,72,72,72,72,72,72,72,74,74,74,74],"relic_stats":{"Singing Bowl":0,"counters":[1,1],"Bird Faced Urn":[0],"Juzu Bracelet":0,"obtain_stats":[{"NeowsBlessing":0,"Singing Bowl":0,"Bird Faced Urn":0,"WingedGreaves":0,"Juzu Bracelet":0,"PureWater":0,"Toy Ornithopter":0},{"NeowsBlessing":0,"Singing Bowl":0,"Bird Faced Urn":0,"WingedGreaves":0,"Juzu Bracelet":0,"PureWater":0,"Toy Ornithopter":0},{"NeowsBlessing":0,"Singing Bowl":0,"Bird Faced Urn":0,"WingedGreaves":0,"Juzu Bracelet":0,"PureWater":0,"Toy Ornithopter":0}],"Toy Ornithopter":0},"card_choices":[{"not_picked":["PathToVictory","Crescendo"],"picked":"Protect","floor":1.0},{"not_picked":["SashWhip","Crescendo"],"picked":"EmptyFist","floor":5.0},{"not_picked":["Study","Evaluate"],"picked":"DeceiveReality","floor":6.0},{"not_picked":["Blasphemy","JustLucky"],"picked":"Adaptation","floor":8.0},{"not_picked":["Prostrate","PathToVictory","EmptyFist"],"picked":"SKIP","floor":10.0},{"not_picked":["Evaluate","Blasphemy","FlyingSleeves"],"picked":"Singing Bowl","floor":11.0}],"player_experience":228043,"relics_obtained":[{"floor":6.0,"key":"WingedGreaves"},{"floor":8.0,"key":"Toy Ornithopter"},{"floor":9.0,"key":"Bird Faced Urn"},{"floor":10.0,"key":"Juzu Bracelet"},{"floor":11.0,"key":"Singing Bowl"}],"event_choices":[{"damage_healed":0.0,"max_hp_gain":0.0,"max_hp_loss":0.0,"gold_gain":0.0,"event_name":"Upgrade Shrine","player_choice":"Upgraded","floor":2.0,"gold_loss":0.0,"damage_taken":0.0,"cards_upgraded":["Eruption"]},{"damage_healed":0.0,"max_hp_gain":0.0,"max_hp_loss":0.0,"gold_gain":0.0,"event_name":"Shining Light","player_choice":"Entered Light","floor":4.0,"gold_loss":0.0,"damage_taken":14.0,"cards_upgraded":["Defend_P","Strike_P"]},{"cards_removed":["Strike_P"],"damage_healed":0.0,"max_hp_gain":0.0,"max_hp_loss":0.0,"gold_gain":0.0,"event_name":"Golden Wing","player_choice":"Card Removal","floor":12.0,"gold_loss":0.0,"damage_taken":7.0}],"is_beta":false,"boss_relics":[],"items_purged_floors":[],"is_endless":false,"potions_floor_spawned":[5,8],"killed_by":"Lagavulin","ascension_level":1}}