{"host":"15f3wpiimhe5yrng","time":1609835675,"event":{"mods":["2.2 Compatiblity","Arknights The Spire","BaseMod","Bestiary","Better Altar","Better Match","Better Note","Better Sensory Stone","Better Skull","Better Third Choice","Colored Map","Colored Powertips","Downfall","Evolution","Marisa????????","Minty Spire (QoL Compilation)","Permanent Neow","Relic Filter","SacredBarkPlus","Spicy Shops","StSLib","The Animator","The Caster","The Marked","The Poker Player","TheSwordswoman","??????REMEMod"],"gold_per_floor":[118,118,147,157,139,139,158,5,5,45,45,70,70,70,70,196,196,209,229,258,276,256,256,289,70,70,100,116,116,142,164,176,289,301,329,358,370,400,432,471,483,545,557,569,581,581],"floor_reached":45,"playtime":4875,"items_purged":["animator:Strike","animator:Strike"],"score":588,"play_id":"c8e51329-a058-478c-8dad-b08386aa7231","local_time":"20210105093435","is_ascension_mode":false,"campfire_choices":[{"data":"animator:Ain","floor":6,"key":"SMITH"},{"data":"animator:Kyubey","floor":11,"key":"SMITH"},{"data":"animator:KyokoSakura","floor":13,"key":"SMITH"},{"data":"animator:Chung","floor":15,"key":"SMITH"},{"data":"animator:Eve","floor":23,"key":"SMITH"},{"floor":32,"key":"REST"},{"data":"animator:Chung","floor":41,"key":"SMITH"}],"circlet_count":0,"master_deck":["animator:Strike_Fate","animator:Defend_Fate","animator:Defend","animator:Defend","animator:Defend","animator:Alexander","animator:Rider+1","animator:YoshinoHimekawa","animator:ElricAlphonse","animator:Ain+1","animator:Chung+1","animator:Lu","animator:Aisha","animator:Kyubey+1","animator:KyokoSakura+1","animator:Eve+1","animator:Ara","animator:RoyMustang","animator:Caster+1","animator:Eve","animator:RoyMustang","animator:OrigamiTobiichi+1","animator:Suiseiseki","animator:Rider+1","animator:Suigintou+1","animator:ElricEdward","PokerPlayerMod:SecondChance","animator:Chung+1","animator:ShinjiMatou","animator:Lancer","animator:Rider","animator:MaesHughes+1","animator:Greed+1","animator:Chung+1","animator:Lu+1","animator:ElricAlphonse","animator:Pride+1"],"relics":["animator:LivingPicture","animator:TheMissingPiece","EVO:Axolotl","REME_ComplimentaryCards","Bag of Marbles","Happy Flower","Paper Crane","Dream Catcher","Velvet Choker","Boot","REME_IWantAll","MawBank","Sozu","animator:BattleDrones","animator:HallowedScabbard","REME_HandOfSuture"],"acts_visited":["Exordium","TheCity","TheBeyond"],"potions_floor_usage":[5,21,27,28,31,39],"damage_taken":[{"damage":0,"enemies":"Jaw Worm","floor":1,"turns":7},{"damage":0,"enemies":"Cultist","floor":3,"turns":4},{"damage":0,"enemies":"2 Louse","floor":4,"turns":1},{"damage":3,"enemies":"Looter","floor":5,"turns":4},{"damage":0,"enemies":"Exordium Thugs","floor":7,"turns":4},{"damage":6,"enemies":"3 Sentries","floor":10,"turns":8},{"damage":12,"enemies":"Gremlin Nob","floor":12,"turns":4},{"damage":36,"enemies":"The Guardian","floor":16,"turns":11},{"damage":0,"enemies":"Spheric Guardian","floor":18,"turns":3},{"damage":0,"enemies":"3 Byrds","floor":19,"turns":4},{"damage":14,"enemies":"Cultist and Chosen","floor":20,"turns":4},{"damage":18,"enemies":"Centurion and Healer","floor":21,"turns":5},{"damage":0,"enemies":"Gremlin Leader","floor":24,"turns":5},{"damage":27,"enemies":"Book of Stabbing","floor":27,"turns":6},{"damage":8,"enemies":"Snake Plant","floor":28,"turns":5},{"damage":7,"enemies":"animator:HornedBat","floor":30,"turns":5},{"damage":10,"enemies":"Cultist and Chosen","floor":31,"turns":5},{"damage":19,"enemies":"Champ","floor":33,"turns":10},{"damage":0,"enemies":"Orb Walker","floor":35,"turns":3},{"damage":0,"enemies":"3 Shapes","floor":36,"turns":2},{"damage":7,"enemies":"Sphere and 2 Shapes","floor":38,"turns":4},{"damage":0,"enemies":"Transient","floor":39,"turns":5},{"damage":45,"enemies":"Nemesis","floor":40,"turns":5},{"damage":0,"enemies":"Mind Bloom Boss Battle","floor":42,"turns":2},{"damage":24,"enemies":"Jaw Worm Horde","floor":45,"turns":2}],"seed_played":"-6406138238856197753","potions_obtained":[{"floor":1,"key":"Regen Potion"},{"floor":2,"key":"LiquidMemories"},{"floor":2,"key":"SteroidPotion"},{"floor":2,"key":"ColorlessPotion"},{"floor":7,"key":"Weak Potion"},{"floor":22,"key":"DuplicationPotion"},{"floor":27,"key":"Strength Potion"},{"floor":33,"key":"Explosive Potion"}],"is_trial":false,"path_per_floor":["M","?","M","M","M","R","M","$","T","E","R","E","R","?","R","B",null,"M","M","M","M","?","R","E","$","T","E","M","?","E","M","R","B",null,"M","M","?","M","M","E","R","?","T","?","M"],"character_chosen":"THE_ANIMATOR","items_purchased":["Bag of Marbles","animator:RoyMustang","animator:OrigamiTobiichi"],"campfire_rested":1,"item_purchase_floors":[8,25,25],"current_hp_per_floor":[66,66,66,67,64,64,65,65,65,59,59,48,48,48,48,12,69,71,71,57,51,51,51,51,51,51,27,19,19,12,5,28,9,77,77,77,77,70,70,25,25,25,25,25,1,1],"gold":581,"neow_bonus":"UPGRADE_CARD","is_daily":false,"chose_seed":true,"campfire_upgraded":6,"win_rate":0.0,"timestamp":1609835675,"path_taken":["M","?","M","M","M","R","?","?","T","E","R","E","R","?","R","BOSS","M","M","M","M","?","R","E","?","T","E","?","?","E","M","R","BOSS","M","M","?","?","M","E","R","?","T","?","?"],"items_purchased_type":["Relic","Card","Card"],"build_version":"2020-12-22","purchased_purges":2,"victory":false,"max_hp_per_floor":[66,66,66,67,67,67,68,68,68,68,68,69,69,69,69,69,69,71,71,71,71,71,71,71,71,71,74,74,74,74,77,77,77,77,77,77,77,77,77,77,77,77,77,77,77,77],"card_choices":[{"not_picked":["animator:NoriSakurada","animator:Souseiseki"],"picked":"animator:ElricAlphonse","floor":1},{"not_picked":["animator:NoriSakurada","animator:OrikoMikuni"],"picked":"animator:Ain","floor":3},{"not_picked":["animator:ShidoItsuka","animator:ShinjiMatou"],"picked":"animator:Chung","floor":4},{"not_picked":["animator:Ara","animator:Rena"],"picked":"animator:Lu","floor":5},{"not_picked":["animator:Ara","animator:Chung"],"picked":"animator:Aisha","floor":7},{"not_picked":["animator:Ara","animator:Gilgamesh"],"picked":"animator:Kyubey","floor":10},{"not_picked":["animator:Hinaichigo","animator:Illya"],"picked":"animator:KyokoSakura","floor":12},{"not_picked":["animator:MukuroHoshimiya","animator:MadokaKaname"],"picked":"animator:Eve","floor":16},{"not_picked":["animator:Raven","animator:Rena"],"picked":"animator:Ara","floor":18},{"not_picked":["animator:TomoeKashiwaba+1","animator:TohkaYatogami+1"],"picked":"animator:RoyMustang","floor":19},{"not_picked":["animator:RinTohsaka+1","animator:MikuIzayoi"],"picked":"animator:Caster+1","floor":20},{"not_picked":["animator:Illya+1","animator:Saber","animator:MaesHughes"],"picked":"SKIP","floor":21},{"not_picked":["animator:Add","animator:Aisha"],"picked":"animator:Eve","floor":24},{"not_picked":["animator:Suiseiseki","animator:Rider+1","animator:Suigintou+1"],"picked":"Singing Bowl","floor":27},{"not_picked":["animator:Berserker","animator:TohkaYatogami"],"picked":"animator:ElricEdward","floor":28},{"not_picked":["animator:Hinaichigo+1","animator:ShidoItsuka"],"picked":"animator:Chung","floor":30},{"not_picked":["animator:ShinjiMatou","animator:Lancer","animator:Rider"],"picked":"Singing Bowl","floor":31},{"not_picked":["animator:MikuIzayoi","animator:Hinaichigo"],"picked":"animator:MaesHughes+1","floor":32},{"not_picked":["animator:Gilgamesh","animator:HomuraAkemi"],"picked":"animator:Greed","floor":33},{"not_picked":["animator:ShinjiMatou+1","animator:MamiTomoe+1","animator:Raven"],"picked":"SKIP","floor":35},{"not_picked":["animator:NoriSakurada","animator:ElricEdward"],"picked":"animator:Chung+1","floor":36},{"not_picked":["animator:MeguKakizaki","animator:NiaHonjou"],"picked":"animator:Lu+1","floor":38},{"not_picked":["animator:RoyMustang","animator:Sloth"],"picked":"animator:ElricAlphonse","floor":39},{"not_picked":["animator:Saber","animator:ShidoItsuka+1","animator:SakuraMatou"],"picked":"SKIP","floor":40},{"not_picked":["animator:Rena","animator:Add"],"picked":"animator:Pride+1","floor":42}],"player_experience":139133,"relics_obtained":[{"floor":9,"key":"Happy Flower"},{"floor":10,"key":"Paper Crane"},{"floor":12,"key":"Dream Catcher"},{"floor":24,"key":"Boot"},{"floor":27,"key":"REME_IWantAll"},{"floor":30,"key":"MawBank"},{"floor":40,"key":"animator:BattleDrones"},{"floor":42,"key":"animator:HallowedScabbard"},{"floor":43,"key":"REME_HandOfSuture"}],"event_choices":[{"damage_healed":0,"gold_gain":0,"player_choice":"Got Potions","damage_taken":0,"max_hp_gain":0,"max_hp_loss":0,"event_name":"Lab","floor":2,"gold_loss":0},{"cards_removed":["animator:Strike"],"damage_healed":0,"gold_gain":0,"player_choice":"Forget","damage_taken":0,"max_hp_gain":0,"max_hp_loss":0,"event_name":"Living Wall","floor":14,"gold_loss":0},{"damage_healed":0,"gold_gain":0,"player_choice":"Bought 1 Potion","damage_taken":0,"max_hp_gain":0,"max_hp_loss":0,"event_name":"The Woman in Blue","floor":22,"gold_loss":0},{"cards_removed":["animator:Kyubey"],"damage_healed":0,"gold_gain":0,"player_choice":"Take \u0026 Give","damage_taken":0,"max_hp_gain":0,"max_hp_loss":0,"event_name":"betterNote:BetterNote","floor":29,"gold_loss":0,"cards_obtained":["PokerPlayerMod:SecondChance"]},{"damage_healed":0,"gold_gain":0,"player_choice":"Upgraded","damage_taken":0,"max_hp_gain":0,"max_hp_loss":0,"event_name":"Upgrade Shrine","floor":37,"gold_loss":0,"cards_upgraded":["animator:Greed"]},{"damage_healed":0,"gold_gain":0,"player_choice":"Fight","damage_taken":0,"max_hp_gain":0,"max_hp_loss":0,"event_name":"MindBloom","floor":42,"gold_loss":0},{"damage_healed":0,"gold_gain":0,"player_choice":"Forge","damage_taken":0,"max_hp_gain":0,"max_hp_loss":0,"event_name":"Accursed Blacksmith","floor":44,"gold_loss":0,"cards_upgraded":["animator:OrigamiTobiichi"]}],"is_beta":false,"boss_relics":[{"not_picked":["Fusion Hammer","REME_ChargedStone"],"picked":"Velvet Choker"},{"not_picked":["Coffee Dripper","animator:HolyGrailRelic"],"picked":"Sozu"}],"items_purged_floors":[8,25],"is_endless":false,"potions_floor_spawned":[1,4,7,10,16,19,24,27,33,38,42],"killed_by":"Jaw Worm Horde","ascension_level":0}}