{"host":"6wux4armhsntp4yb","time":1609804806,"event":{"mods":["BaseMod","Colored Map","DeckTracker","Minty Spire (QoL Compilation)","Relic Stats"],"gold_per_floor":[111,128,140,190,27,27,61,61,61,61,61,77,89,129,129,212,212,240,240,240,59,59,101,58,58,58,58,106,106,106,117,117,195,195,220,220,238,263,289,326,197,233,233,275,299,299,299,335,335,335,335,335,335,15,15,15],"floor_reached":55,"playtime":5586,"items_purged":["Strike_G","Deadly Poison","Strike_G+1"],"score":2447,"play_id":"f94704d5-f259-45e7-881b-3efbedb79a84","local_time":"20210105090006","is_ascension_mode":true,"campfire_choices":[{"data":"Neutralize","floor":6.0,"key":"SMITH"},{"data":"Reprogram","floor":8.0,"key":"SMITH"},{"floor":11.0,"key":"REST"},{"data":"True Grit","floor":15.0,"key":"SMITH"},{"data":"Reinforced Body","floor":25.0,"key":"SMITH"},{"data":"Devotion","floor":27.0,"key":"SMITH"},{"data":"Amplify","floor":29.0,"key":"SMITH"},{"data":"Blur","floor":32.0,"key":"SMITH"},{"data":"Well Laid Plans","floor":46.0,"key":"SMITH"},{"floor":49.0,"key":"RECALL"},{"data":"Reboot","floor":53.0,"key":"SMITH"}],"circlet_count":0,"master_deck":["AscendersBane","Strike_G+1","Strike_G+1","Defend_G+1","Defend_G+1","Defend_G+1","Defend_G+1","Defend_G+1","Survivor","Neutralize+1","Dagger Spray","Terror+1","Blur+1","Reprogram+1","Reinforced Body+1","True Grit+1","Devotion+1","Study+1","Backflip","Finesse","Amplify+1","JustLucky+1","Cloak And Dagger+1","Finesse","Well Laid Plans+1","Caltrops","Fusion+1","Evaluate","Reboot+1"],"relics":["Ring of the Serpent","Smiling Mask","PrismaticShard","Girya","White Beast Statue","CeramicFish","Coffee Dripper","Thread and Needle","Bird Faced Urn","Happy Flower","FossilizedHelix","Shuriken","Nunchaku","Eternal Feather","Centennial Puzzle","Ornamental Fan"],"acts_visited":["Exordium","TheCity","TheBeyond","TheEnding"],"potions_floor_usage":[55],"damage_taken":[{"damage":8.0,"enemies":"Cultist","floor":1.0,"turns":5.0},{"damage":1.0,"enemies":"Small Slimes","floor":2.0,"turns":4.0},{"damage":3.0,"enemies":"2 Louse","floor":3.0,"turns":4.0},{"damage":22.0,"enemies":"3 Sentries","floor":7.0,"turns":10.0},{"damage":0.0,"enemies":"2 Fungi Beasts","floor":12.0,"turns":2.0},{"damage":3.0,"enemies":"Looter","floor":13.0,"turns":3.0},{"damage":0.0,"enemies":"Lagavulin","floor":14.0,"turns":8.0},{"damage":4.0,"enemies":"The Guardian","floor":16.0,"turns":18.0},{"damage":16.0,"enemies":"Spheric Guardian","floor":18.0,"turns":11.0},{"damage":47.0,"enemies":"Slavers","floor":23.0,"turns":8.0},{"damage":0.0,"enemies":"2 Thieves","floor":24.0,"turns":5.0},{"damage":0.0,"enemies":"Cultist and Chosen","floor":30.0,"turns":4.0},{"damage":2.0,"enemies":"Centurion and Healer","floor":31.0,"turns":7.0},{"damage":0.0,"enemies":"Champ","floor":33.0,"turns":11.0},{"damage":0.0,"enemies":"Orb Walker","floor":35.0,"turns":3.0},{"damage":0.0,"enemies":"3 Darklings","floor":37.0,"turns":7.0},{"damage":0.0,"enemies":"Mind Bloom Boss Battle","floor":38.0,"turns":9.0},{"damage":0.0,"enemies":"Jaw Worm Horde","floor":39.0,"turns":6.0},{"damage":0.0,"enemies":"Giant Head","floor":40.0,"turns":7.0},{"damage":0.0,"enemies":"Nemesis","floor":42.0,"turns":5.0},{"damage":0.0,"enemies":"Reptomancer","floor":44.0,"turns":9.0},{"damage":11.0,"enemies":"Sphere and 2 Shapes","floor":45.0,"turns":8.0},{"damage":0.0,"enemies":"Nemesis","floor":48.0,"turns":7.0},{"damage":0.0,"enemies":"Donu and Deca","floor":50.0,"turns":12.0},{"damage":10.0,"enemies":"Awakened One","floor":51.0,"turns":14.0},{"damage":115,"enemies":"Shield and Spear","floor":55,"turns":9}],"seed_played":"4675766364602426691","potions_obtained":[{"floor":2.0,"key":"SmokeBomb"},{"floor":3.0,"key":"DistilledChaos"},{"floor":7.0,"key":"SpeedPotion"},{"floor":12.0,"key":"Regen Potion"},{"floor":14.0,"key":"Regen Potion"},{"floor":16.0,"key":"ColorlessPotion"},{"floor":18.0,"key":"FearPotion"},{"floor":23.0,"key":"Dexterity Potion"},{"floor":24.0,"key":"SmokeBomb"},{"floor":31.0,"key":"Strength Potion"},{"floor":33.0,"key":"CunningPotion"},{"floor":39.0,"key":"Block Potion"},{"floor":40.0,"key":"GhostInAJar"},{"floor":42.0,"key":"SkillPotion"},{"floor":44.0,"key":"Regen Potion"},{"floor":45.0,"key":"Energy Potion"},{"floor":48.0,"key":"FairyPotion"}],"is_trial":false,"path_per_floor":["M","M","M","?","$","R","E","R","T","?","R","M","M","E","R","B",null,"M","?","?","$","?","E","M","R","T","R","T","R","M","M","R","B",null,"M","?","M","?","M","E","$","E","T","E","M","R","?","E","R","B","B",null,"R","$","E"],"character_chosen":"THE_SILENT","items_purchased":["PrismaticShard","Backflip","Finesse","Well Laid Plans","Ornamental Fan"],"campfire_rested":1,"item_purchase_floors":[5,21,21,41,54],"current_hp_per_floor":[51,50,47,47,47,47,25,25,25,25,44,44,41,56,56,52,63,47,47,47,47,47,15,15,15,15,15,15,15,19,23,23,27,56,60,60,62,66,66,66,66,66,66,66,59,66,66,66,66,66,64,66,66,66,0,0],"gold":15,"neow_bonus":"RANDOM_COMMON_RELIC","is_daily":false,"chose_seed":false,"campfire_upgraded":9,"win_rate":0.0,"timestamp":1609804806,"path_taken":["M","?","M","?","?","R","E","R","T","?","R","?","M","E","R","BOSS","M","?","?","$","?","E","M","R","T","R","?","R","?","M","R","BOSS","M","?","M","?","M","E","?","E","T","E","?","R","?","E","R","BOSS","BOSS","R","$","E"],"items_purchased_type":["Relic","Card","Card","Card","Relic"],"build_version":"2020-12-22","purchased_purges":3,"victory":false,"max_hp_per_floor":[66,66,66,66,66,66,66,66,66,66,66,66,66,66,66,66,66,66,66,66,66,66,66,66,66,66,66,66,66,66,66,66,66,66,66,66,66,66,66,66,66,66,66,66,66,66,66,66,66,66,66,66,66,66,66,66],"relic_stats":{"Nunchaku":[12],"Centennial Puzzle":[6],"Happy Flower":[39],"counters":[26,196],"Shuriken":[23],"Ornamental Fan":[8],"CeramicFish":126,"Bird Faced Urn":[44],"Eternal Feather":7,"Smiling Mask":150,"obtain_stats":[{"Girya":7,"Happy Flower":28,"CeramicFish":14,"Thread and Needle":23,"Eternal Feather":44,"Smiling Mask":0,"PrismaticShard":5,"White Beast Statue":9,"Nunchaku":42,"Centennial Puzzle":48,"Shuriken":40,"Ornamental Fan":54,"Bird Faced Urn":26,"Coffee Dripper":17,"Ring of the Serpent":34,"FossilizedHelix":38,"Ring of the Snake":0},{"Girya":4,"Happy Flower":11,"CeramicFish":7,"Thread and Needle":10,"Eternal Feather":21,"Smiling Mask":0,"PrismaticShard":3,"White Beast Statue":4,"Nunchaku":20,"Centennial Puzzle":23,"Shuriken":19,"Ornamental Fan":25,"Bird Faced Urn":11,"Coffee Dripper":8,"Ring of the Serpent":14,"FossilizedHelix":17,"Ring of the Snake":0},{"Girya":23,"Happy Flower":78,"CeramicFish":36,"Thread and Needle":73,"Eternal Feather":146,"Smiling Mask":0,"PrismaticShard":13,"White Beast Statue":23,"Nunchaku":137,"Centennial Puzzle":161,"Shuriken":132,"Ornamental Fan":187,"Bird Faced Urn":78,"Coffee Dripper":54,"Ring of the Serpent":100,"FossilizedHelix":119,"Ring of the Snake":0}]},"card_choices":[{"not_picked":["Bane","Blur"],"picked":"Dagger Spray","floor":1.0},{"not_picked":["Cloak And Dagger","Quick Slash"],"picked":"Terror","floor":2.0},{"not_picked":["Prepared","Underhanded Strike"],"picked":"Blur","floor":3.0},{"not_picked":["Defragment","Escape Plan"],"picked":"Reprogram","floor":7.0},{"not_picked":["Quick Slash","Deflect"],"picked":"Deadly Poison","floor":12.0},{"not_picked":["Underhanded Strike","Anger"],"picked":"Reinforced Body","floor":13.0},{"not_picked":["Battle Trance","Footwork"],"picked":"True Grit","floor":14.0},{"not_picked":["Envenom","Fission"],"picked":"Devotion","floor":16.0},{"not_picked":["Terror","Purity"],"picked":"Study+1","floor":18.0},{"not_picked":["Coolheaded","Auto Shields"],"picked":"Amplify","floor":23.0},{"not_picked":["EmptyBody+1","Perfected Strike","Dodge and Roll"],"picked":"SKIP","floor":24.0},{"not_picked":["CutThroughFate","Chaos","Rebound"],"picked":"SKIP","floor":31.0},{"not_picked":["CutThroughFate","Chaos","Rebound"],"picked":"SKIP","floor":31.0},{"not_picked":["Compile Driver","EmptyBody+1"],"picked":"JustLucky+1","floor":35.0},{"not_picked":["Enlightenment+1","Dodge and Roll","Bane+1"],"picked":"SKIP","floor":37.0},{"not_picked":["Dagger Throw","PiercingWail"],"picked":"Cloak And Dagger+1","floor":39.0},{"not_picked":["JustLucky","Entrench"],"picked":"Finesse","floor":40.0},{"not_picked":["Flex","Wish"],"picked":"Caltrops","floor":42.0},{"not_picked":["Night Terror","ClearTheMind+1"],"picked":"Fusion+1","floor":44.0},{"not_picked":["Flex","Panacea"],"picked":"Evaluate","floor":45.0},{"not_picked":["True Grit+1","Prostrate"],"picked":"Reboot","floor":48.0}],"player_experience":5733959,"relics_obtained":[{"floor":7.0,"key":"Girya"},{"floor":9.0,"key":"White Beast Statue"},{"floor":14.0,"key":"CeramicFish"},{"floor":23.0,"key":"Thread and Needle"},{"floor":26.0,"key":"Bird Faced Urn"},{"floor":28.0,"key":"Happy Flower"},{"floor":38.0,"key":"FossilizedHelix"},{"floor":40.0,"key":"Shuriken"},{"floor":42.0,"key":"Nunchaku"},{"floor":44.0,"key":"Eternal Feather"},{"floor":48.0,"key":"Centennial Puzzle"}],"event_choices":[{"damage_healed":0.0,"max_hp_gain":0.0,"max_hp_loss":0.0,"gold_gain":50.0,"event_name":"Golden Shrine","player_choice":"Pray","floor":4.0,"gold_loss":0.0,"damage_taken":0.0},{"damage_healed":0.0,"max_hp_gain":0.0,"max_hp_loss":0.0,"gold_gain":0.0,"event_name":"Upgrade Shrine","player_choice":"Upgraded","floor":10.0,"gold_loss":0.0,"damage_taken":0.0,"cards_upgraded":["Terror"]},{"damage_healed":0.0,"max_hp_gain":0.0,"max_hp_loss":0.0,"gold_gain":0.0,"event_name":"The Mausoleum","player_choice":"Ignored","floor":19.0,"gold_loss":0.0,"damage_taken":0.0},{"damage_healed":0.0,"max_hp_gain":0.0,"max_hp_loss":0.0,"gold_gain":0.0,"event_name":"Ghosts","player_choice":"Ignored","floor":20.0,"gold_loss":0.0,"damage_taken":0.0},{"damage_healed":0.0,"max_hp_gain":0.0,"max_hp_loss":0.0,"gold_gain":0.0,"event_name":"Back to Basics","player_choice":"Simplicity","floor":22.0,"gold_loss":0.0,"damage_taken":0.0,"cards_upgraded":["Strike_G","Strike_G","Strike_G","Strike_G","Defend_G","Defend_G","Defend_G","Defend_G","Defend_G"]},{"damage_healed":0.0,"max_hp_gain":0.0,"max_hp_loss":0.0,"gold_gain":0.0,"event_name":"Tomb of Lord Red Mask","player_choice":"Ignored","floor":36.0,"gold_loss":0.0,"damage_taken":0.0},{"damage_healed":0.0,"max_hp_gain":0.0,"max_hp_loss":0.0,"gold_gain":0.0,"event_name":"MindBloom","player_choice":"Fight","floor":38.0,"gold_loss":0.0,"damage_taken":0.0},{"cards_removed":["Strike_G"],"damage_healed":0.0,"max_hp_gain":0.0,"max_hp_loss":0.0,"gold_gain":0.0,"event_name":"Falling","player_choice":"Removed Attack","floor":47.0,"gold_loss":0.0,"damage_taken":0.0}],"is_beta":false,"boss_relics":[{"not_picked":["Empty Cage","SlaversCollar"],"picked":"Coffee Dripper"},{"not_picked":["Velvet Choker","Tiny House"],"picked":"Ring of the Serpent"}],"items_purged_floors":[21,41,54],"is_endless":false,"potions_floor_spawned":[2,3,7,12,13,14,16,18,23,24,30,31,33,35,37,38,39,40,42,44,45,48],"killed_by":"Shield and Spear","ascension_level":20}}