{"host":"r6jigiblrojhp6xe","time":1609827547,"event":{"mods":["AchievementEnabler","BaseMod","DeckTracker","Minty Spire (QoL Compilation)","Quick Restart","Rare Cards Sparkle","Relic Stats","StSLib","SuperFastMode","The Cursed","everything is the same but u backflip on backflip"],"gold_per_floor":[361,371,391,43,43,70,70,82,82,114,128,128,138,152,152,226,226,237,217,227,152,152,152],"floor_reached":22,"playtime":674,"items_purged":["Strike_G"],"score":446,"play_id":"d42c7c43-019b-4a6f-b522-c8f00606ea82","local_time":"20210105151907","is_ascension_mode":true,"campfire_choices":[{"floor":7.0,"key":"REST"},{"floor":12.0,"key":"REST"},{"floor":15.0,"key":"REST"}],"circlet_count":0,"master_deck":["AscendersBane","Strike_G","Strike_G","Strike_G","Strike_G","Defend_G","Defend_G","Defend_G","Defend_G","Defend_G","Survivor","Neutralize","Blur","Crippling Poison","Reflex","Infinite Blades","Accuracy","Terror","After Image","Adrenaline","Phantasmal Killer"],"relics":["Ring of the Snake","Shuriken","Oddly Smooth Stone","Darkstone Periapt","Dream Catcher","Singing Bowl","Cursed Key"],"acts_visited":["Exordium","TheCity"],"potions_floor_usage":[16,22,22,22,22],"damage_taken":[{"damage":0.0,"enemies":"Jaw Worm","floor":1.0,"turns":7.0},{"damage":0.0,"enemies":"Cultist","floor":2.0,"turns":5.0},{"damage":0.0,"enemies":"2 Louse","floor":3.0,"turns":3.0},{"damage":40.0,"enemies":"3 Sentries","floor":6.0,"turns":13.0},{"damage":10.0,"enemies":"Red Slaver","floor":8.0,"turns":4.0},{"damage":6.0,"enemies":"Lagavulin","floor":10.0,"turns":6.0},{"damage":0.0,"enemies":"Blue Slaver","floor":11.0,"turns":5.0},{"damage":8.0,"enemies":"Looter","floor":13.0,"turns":4.0},{"damage":14.0,"enemies":"Large Slime","floor":14.0,"turns":6.0},{"damage":23,"enemies":"Slime Boss","floor":16,"turns":9},{"damage":13,"enemies":"Chosen","floor":18,"turns":7},{"damage":14,"enemies":"2 Thieves","floor":20,"turns":4},{"damage":29,"enemies":"Shelled Parasite and Fungi","floor":22,"turns":5}],"seed_played":"-271936922574200446","potions_obtained":[{"floor":1.0,"key":"Explosive Potion"},{"floor":6.0,"key":"Energy Potion"},{"floor":8.0,"key":"Energy Potion"},{"floor":13.0,"key":"SteroidPotion"},{"floor":14.0,"key":"FearPotion"},{"floor":18,"key":"Fire Potion"},{"floor":19,"key":"EntropicBrew"}],"is_trial":false,"path_per_floor":["M","M","M","$","?","E","R","M","T","E","M","R","M","M","R","B",null,"M","?","M","$","M"],"character_chosen":"THE_SILENT","items_purchased":["Shuriken","Infinite Blades"],"campfire_rested":3,"item_purchase_floors":[4,4],"current_hp_per_floor":[44,44,44,44,44,4,23,13,13,7,9,31,25,13,35,12,59,48,48,36,36,7,7],"gold":152,"neow_bonus":"TWO_FIFTY_GOLD","is_daily":false,"chose_seed":false,"campfire_upgraded":0,"win_rate":0.0,"timestamp":1609827547,"path_taken":["M","M","M","$","?","E","R","M","T","E","?","R","M","M","R","BOSS","M","?","M","$","M"],"items_purchased_type":["Relic","Card"],"build_version":"2020-12-22","purchased_purges":1,"victory":false,"max_hp_per_floor":[66,66,66,66,66,66,66,66,66,66,68,70,72,74,74,74,74,76,76,78,78,78,78],"relic_stats":{"Darkstone Periapt":0,"Dream Catcher":2,"Singing Bowl":12,"counters":[13,78],"Shuriken":[13],"Cursed Key":0,"obtain_stats":[{"Darkstone Periapt":6,"Dream Catcher":9,"Singing Bowl":10,"Shuriken":4,"Oddly Smooth Stone":5,"Cursed Key":17,"Ring of the Snake":0},{"Darkstone Periapt":4,"Dream Catcher":5,"Singing Bowl":6,"Shuriken":3,"Oddly Smooth Stone":3,"Cursed Key":10,"Ring of the Snake":0},{"Darkstone Periapt":28,"Dream Catcher":32,"Singing Bowl":38,"Shuriken":15,"Oddly Smooth Stone":15,"Cursed Key":62,"Ring of the Snake":0}],"Ring of the Snake":[26]},"card_choices":[{"not_picked":["Acrobatics","Quick Slash"],"picked":"Blur","floor":1.0},{"not_picked":["PiercingWail","Terror"],"picked":"Crippling Poison","floor":2.0},{"not_picked":["Quick Slash","Choke"],"picked":"Reflex","floor":3.0},{"not_picked":["Catalyst","Dagger Throw"],"picked":"Accuracy","floor":6.0},{"not_picked":["Choke","All Out Attack"],"picked":"Terror","floor":8.0},{"not_picked":["Sucker Punch","Bouncing Flask"],"picked":"After Image","floor":10.0},{"not_picked":["Noxious Fumes","Deflect","Flying Knee"],"picked":"Singing Bowl","floor":11.0},{"not_picked":["Bane","Deadly Poison","Slice"],"picked":"Singing Bowl","floor":12.0},{"not_picked":["Crippling Poison","Cloak And Dagger","Endless Agony"],"picked":"Singing Bowl","floor":13.0},{"not_picked":["Blur","Underhanded Strike","Dagger Spray"],"picked":"Singing Bowl","floor":14.0},{"not_picked":["Skewer","Cloak And Dagger"],"picked":"Adrenaline","floor":15.0},{"not_picked":["Doppelganger","Night Terror"],"picked":"Phantasmal Killer","floor":16},{"not_picked":["Blur","Eviscerate","Setup"],"picked":"Singing Bowl","floor":18},{"not_picked":["Riddle With Holes","Bane","Catalyst"],"picked":"Singing Bowl","floor":20}],"player_experience":565305,"relics_obtained":[{"floor":6.0,"key":"Darkstone Periapt"},{"floor":9.0,"key":"Dream Catcher"},{"floor":10.0,"key":"Singing Bowl"}],"event_choices":[{"damage_healed":0.0,"max_hp_gain":0.0,"max_hp_loss":0.0,"gold_gain":0.0,"event_name":"WeMeetAgain","player_choice":"Gave Potion","floor":5.0,"gold_loss":0.0,"damage_taken":0.0,"relics_obtained":["Oddly Smooth Stone"]},{"damage_healed":0,"gold_gain":0,"player_choice":"Bought 1 Potion","damage_taken":0,"max_hp_gain":0,"max_hp_loss":0,"event_name":"The Woman in Blue","floor":19,"gold_loss":0}],"is_beta":false,"boss_relics":[{"not_picked":["Snecko Eye","Runic Pyramid"],"picked":"Cursed Key"}],"items_purged_floors":[21],"is_endless":false,"potions_floor_spawned":[1,6,8,13,14,18],"killed_by":"Shelled Parasite and Fungi","ascension_level":20}}