{"host":"Ceyx","time":1609869757,"event":{"mods":["BaseMod","Beaked The Cultist","BetterRewards","Conspire","Downfall","Hermit","Lobotomy","Minty Spire (QoL Compilation)","Shop Mod","StSLib","The Jungle","The Poker Player"],"gold_per_floor":[57,87,87,137,195,250,250,285,285,285,377,377,436,466,466,563,563,600,600,525,379,379,379,300,300,325,342,381,406,18,34,34,133,133,165,182,216,250,250,282,297,32,86,121,132,145,145,18,18,18,18],"floor_reached":50,"playtime":3782,"items_purged":[],"score":717,"play_id":"84da6d80-ebb7-480c-9dc9-db3ff44e65b0","local_time":"20210106010237","is_ascension_mode":false,"campfire_choices":[{"data":"Phantasmal Killer","floor":10,"key":"SMITH"},{"data":"Neutralize","floor":12,"key":"SMITH"},{"data":"Footwork","floor":15,"key":"SMITH"},{"data":"Footwork","floor":23,"key":"SMITH"},{"data":"Noxious Fumes","floor":25,"key":"SMITH"},{"floor":32,"key":"REST"},{"floor":49,"key":"REST"}],"circlet_count":0,"master_deck":["Strike_G","Strike_G","Strike_G","Strike_G","Defend_G","Defend_G","Defend_G","Defend_G","Defend_G","Survivor","Neutralize+1","Dodge and Roll","Footwork+1","Dodge and Roll","Dagger Spray","Phantasmal Killer+1","Backstab","Prepared","Dodge and Roll","A Thousand Cuts","Footwork+1","Noxious Fumes+1","Dodge and Roll+1","Well Laid Plans","Envenom","Calculated Gamble","conspire:PoisonWeapons+1","Predator+1","Infinite Blades+1","Finisher+1","Well Laid Plans","Bane+1","Calculated Gamble","Heel Hook+1","Bouncing Flask+1","Well Laid Plans","Dodge and Roll"],"relics":["Ring of the Snake","conspire:GiftBox","Art of War","Centennial Puzzle","Meat on the Bone","Busted Crown","TwistedFunnel","Bronze Scales","Mummified Hand","PreservedInsect","conspire:TreasureMap","SlaversCollar","Molten Egg 2","Orichalcum","Bag of Marbles","Pen Nib","White Beast Statue"],"acts_visited":["Exordium","TheCity","TheBeyond"],"potions_floor_usage":[5,6,6,14,16,35,37,50,50,50],"damage_taken":[{"damage":0,"enemies":"Small Slimes","floor":1,"turns":3},{"damage":0,"enemies":"Cultist","floor":2,"turns":4},{"damage":0,"enemies":"2 Louse","floor":4,"turns":5},{"damage":3,"enemies":"Exordium Wildlife","floor":5,"turns":7},{"damage":0,"enemies":"Gremlin Nob","floor":6,"turns":3},{"damage":0,"enemies":"3 Louse","floor":8,"turns":4},{"damage":6,"enemies":"3 Sentries","floor":11,"turns":13},{"damage":0,"enemies":"Large Slime","floor":13,"turns":5},{"damage":12,"enemies":"Lagavulin","floor":14,"turns":6},{"damage":0,"enemies":"The Guardian","floor":16,"turns":21},{"damage":12,"enemies":"Spheric Guardian","floor":18,"turns":4},{"damage":12,"enemies":"Chosen","floor":27,"turns":5},{"damage":0,"enemies":"Sentry and Sphere","floor":28,"turns":10},{"damage":10,"enemies":"conspire:SneckoGhost","floor":29,"turns":8},{"damage":0,"enemies":"Snake Plant","floor":31,"turns":5},{"damage":2,"enemies":"Automaton","floor":33,"turns":13},{"damage":13,"enemies":"3 Darklings","floor":35,"turns":5},{"damage":5,"enemies":"Orb Walker","floor":36,"turns":4},{"damage":5,"enemies":"conspire:MimicChest","floor":37,"turns":6},{"damage":26,"enemies":"Jaw Worm Horde","floor":38,"turns":5},{"damage":16,"enemies":"Nemesis","floor":40,"turns":7},{"damage":9,"enemies":"Sphere and 2 Shapes","floor":41,"turns":5},{"damage":24,"enemies":"Reptomancer","floor":44,"turns":4},{"damage":0,"enemies":"Maw","floor":45,"turns":4},{"damage":0,"enemies":"Transient","floor":46,"turns":5},{"damage":84,"enemies":"Awakened One","floor":50,"turns":9}],"seed_played":"-2003168280906571647","potions_obtained":[{"floor":2,"key":"Slimebound:ThreeZeroPotion"},{"floor":3,"key":"DistilledChaos"},{"floor":3,"key":"Regen Potion"},{"floor":3,"key":"Block Potion"},{"floor":4,"key":"Fruit Juice"},{"floor":8,"key":"Energy Potion"},{"floor":11,"key":"SteroidPotion"},{"floor":27,"key":"SteroidPotion"},{"floor":29,"key":"LiquidBronze"},{"floor":36,"key":"SkillPotion"},{"floor":37,"key":"champ:CounterPotion"},{"floor":45,"key":"PowerPotion"}],"is_trial":false,"path_per_floor":["M","M","?","M","M","E","?","M","T","R","E","R","M","E","R","B",null,"M","?","?","$","?","R","$","R","T","M","M","E","$","M","R","B",null,"M","M","?","M","?","E","M","$","T","E","M","M","?","$","R","B"],"character_chosen":"THE_SILENT","items_purchased":["TwistedFunnel","Noxious Fumes","Well Laid Plans","PreservedInsect","conspire:TreasureMap","Bag of Marbles","Well Laid Plans","Bane+1","Well Laid Plans","Dodge and Roll"],"campfire_rested":2,"item_purchase_floors":[21,24,30,30,30,42,42,42,48,48],"current_hp_per_floor":[70,70,70,70,72,72,72,72,72,72,66,66,66,54,54,54,75,63,63,63,63,63,63,63,63,63,51,51,41,41,41,63,61,75,62,57,52,38,85,69,60,60,60,48,48,48,48,48,73,0,0],"gold":18,"neow_bonus":"RANDOM_COLORLESS_2","is_daily":false,"chose_seed":false,"campfire_upgraded":5,"win_rate":0.0,"timestamp":1609869757,"path_taken":["M","M","?","M","?","E","?","M","T","R","E","R","M","E","R","BOSS","M","?","?","$","?","R","$","R","T","M","M","E","?","M","R","BOSS","M","M","?","M","?","E","M","$","T","E","M","?","?","?","R","BOSS"],"items_purchased_type":["Relic","Card","Card","Relic","Relic","Relic","Card","Card","Card","Card"],"build_version":"2020-12-18","purchased_purges":0,"victory":false,"max_hp_per_floor":[70,70,70,70,75,75,75,75,75,75,75,75,75,75,75,75,75,75,75,75,75,75,75,75,75,75,75,75,75,75,75,75,75,75,75,75,75,75,85,85,85,85,85,85,85,85,85,85,85,85,85],"card_choices":[{"not_picked":["Apotheosis","Thinking Ahead"],"picked":"HandOfGreed","floor":0},{"not_picked":["Prepared","Flying Knee"],"picked":"Dodge and Roll","floor":1},{"not_picked":["Flying Knee","PiercingWail"],"picked":"Footwork","floor":2},{"not_picked":["Dagger Spray","Quick Slash"],"picked":"Dodge and Roll","floor":4},{"not_picked":["Predator","Slice"],"picked":"Dagger Spray","floor":5},{"not_picked":["Tools of the Trade","Envenom"],"picked":"Phantasmal Killer","floor":6},{"not_picked":["Dagger Spray","Deflect"],"picked":"Backstab","floor":6},{"not_picked":["All Out Attack","Sucker Punch"],"picked":"Prepared","floor":8},{"not_picked":["Slice","Reflex","Quick Slash"],"picked":"SKIP","floor":11},{"not_picked":["Sucker Punch","Dagger Throw"],"picked":"Dodge and Roll","floor":13},{"not_picked":["Outmaneuver","Grand Finale","Tactician"],"picked":"SKIP","floor":14},{"not_picked":["After Image","Night Terror"],"picked":"A Thousand Cuts","floor":16},{"not_picked":["Deflect"],"picked":"SKIP","floor":18},{"not_picked":["Terror"],"picked":"SKIP","floor":27},{"not_picked":["Endless Agony"],"picked":"SKIP","floor":28},{"not_picked":[],"picked":"Dodge and Roll+1","floor":29},{"not_picked":["Quick Slash"],"picked":"SKIP","floor":31},{"not_picked":[],"picked":"Envenom","floor":33},{"not_picked":[],"picked":"Calculated Gamble","floor":35},{"not_picked":[],"picked":"conspire:PoisonWeapons+1","floor":36},{"not_picked":[],"picked":"Predator+1","floor":37},{"not_picked":["Deflect+1"],"picked":"SKIP","floor":38},{"not_picked":[],"picked":"Infinite Blades+1","floor":40},{"not_picked":[],"picked":"Finisher+1","floor":41},{"not_picked":[],"picked":"Calculated Gamble","floor":44},{"not_picked":[],"picked":"Heel Hook+1","floor":45},{"not_picked":[],"picked":"Bouncing Flask+1","floor":46}],"player_experience":529171,"relics_obtained":[{"floor":6,"key":"conspire:GiftBox"},{"floor":9,"key":"Art of War"},{"floor":11,"key":"Centennial Puzzle"},{"floor":14,"key":"Meat on the Bone"},{"floor":26,"key":"Bronze Scales"},{"floor":29,"key":"Mummified Hand"},{"floor":37,"key":"Molten Egg 2"},{"floor":40,"key":"Orichalcum"},{"floor":43,"key":"Pen Nib"},{"floor":44,"key":"White Beast Statue"}],"event_choices":[{"damage_healed":0,"gold_gain":0,"player_choice":"Got Potions","damage_taken":0,"max_hp_gain":0,"max_hp_loss":0,"event_name":"Lab","floor":3,"gold_loss":0},{"damage_healed":0,"gold_gain":0,"player_choice":"Ignored","damage_taken":0,"max_hp_gain":0,"max_hp_loss":0,"event_name":"Liars Game","floor":7,"gold_loss":0},{"damage_healed":0,"gold_gain":0,"player_choice":"Read","damage_taken":0,"max_hp_gain":0,"max_hp_loss":0,"event_name":"The Library","floor":19,"gold_loss":0,"cards_obtained":["Footwork"]},{"cards_removed":["Strike_G"],"damage_healed":0,"gold_gain":0,"player_choice":"Gave Gold","damage_taken":0,"max_hp_gain":0,"max_hp_loss":0,"event_name":"Beggar","floor":20,"gold_loss":75},{"cards_removed":["HandOfGreed"],"damage_healed":37,"gold_gain":0,"player_choice":"Offered Rare","damage_taken":0,"max_hp_gain":10,"max_hp_loss":0,"event_name":"Bonfire Elementals","floor":39,"gold_loss":0},{"damage_healed":0,"gold_gain":0,"player_choice":"Leave","damage_taken":0,"max_hp_gain":0,"max_hp_loss":0,"event_name":"conspire:Investor","floor":47,"gold_loss":0}],"is_beta":true,"boss_relics":[{"not_picked":["Runic Dome","Astrolabe"],"picked":"Busted Crown"},{"not_picked":["Velvet Choker","conspire:SlowCooker"],"picked":"SlaversCollar"}],"items_purged_floors":[],"is_endless":false,"potions_floor_spawned":[2,4,8,11,27,29,36,37,45,46],"killed_by":"Awakened One","ascension_level":0}}