{"host":"wonp23fsqqcu31ie","time":1609814230,"event":{"mods":["2.2 Compatiblity","AchievementEnabler","Aspiration","BaseMod","Bestiary","Better Altar","Better Match","Better Sensory Stone","Better Skull","Better Third Choice","BetterRewards","Block Reminder","Colored Map","Colored Powertips","Conspire","Curses Come First","DeckTracker","Displayed Cursed Tome","Downfall","Hermit","Highlight Path","Hubris","Marisa????????","Minty Spire (QoL Compilation)","Permanent Neow","Quick Restart","Rare Cards Sparkle","Relic Stats","Replay The Spire","Robot Space Explorer","Shade Mod","Shop Mod","StSLib","SuperFastMode","The Animator","The Cursed","The Gatherer","The Marked","The Necromancer","The Runesmith","The Servant 0.9.4"],"gold_per_floor":[111,11,11,30,50,50,3,16,16,31,31,57,57,75,75,178,178,191,191,226,226,226,241,17,17,27,27,27],"floor_reached":27,"playtime":823,"items_purged":["Spreading Infection"],"score":353,"play_id":"310d677f-cb84-499a-8e68-c940e2e7fde3","local_time":"20210105133710","is_ascension_mode":true,"campfire_choices":[{"floor":11,"key":"REST"},{"floor":15,"key":"REST"},{"floor":25,"key":"REST"}],"circlet_count":0,"master_deck":["theMarked:Strike","theMarked:Strike","theMarked:Strike","theMarked:Strike","theMarked:Strike","theMarked:Defend","theMarked:Defend","theMarked:Defend","theMarked:Defend","theMarked:SoldierOfQuellstein","theMarked:Overthink","theMarked:SwordAndMagic","theMarked:Frustration","Ghostly","theMarked:ElementalBlade","theMarked:ElectricStrings","theMarked:ChainLightning","theMarked:SoldierForm","theMarked:Aftermath","theMarked:Electrocute","theMarked:TakeOffHeels","theMarked:RepellingDischarge","theMarked:BanishingWave+1","theMarked:HeightenedSenses+1","theMarked:ChannelForce"],"relics":["theMarked:ArtifactOfAir","Turnip","MerchantsRug","Toolbox","hubris:Towel","ReplayTheSpireMod:TigerMarble","aspiration:SeaSaltIceCream","MiniHakkero","Nunchaku","Ring of Fury","Ring of Hypnosis","conspire:SpecialSausage","MutagenicStrength","Red Mask","Toy Ornithopter"],"acts_visited":["Exordium","TheCity"],"potions_floor_usage":[12,12,20],"damage_taken":[{"damage":0,"enemies":"conspire:RoseBush","floor":1,"turns":2},{"damage":5,"enemies":"2 Louse","floor":5,"turns":2},{"damage":12,"enemies":"Jaw Worm","floor":8,"turns":4},{"damage":1,"enemies":"2 Fungi Beasts","floor":10,"turns":3},{"damage":0,"enemies":"Gremlin Nob","floor":12,"turns":5},{"damage":8,"enemies":"conspire:2 RoseBushes","floor":14,"turns":3},{"damage":42,"enemies":"Hexaghost","floor":16,"turns":8},{"damage":2,"enemies":"2 Thieves","floor":18,"turns":2},{"damage":59,"enemies":"Masked Bandits","floor":20,"turns":5},{"damage":12,"enemies":"3 Byrds","floor":23,"turns":5},{"damage":1,"enemies":"Snecko","floor":26,"turns":4},{"damage":38,"enemies":"conspire:SneckoGhost","floor":27,"turns":8}],"seed_played":"-6459034744761833219","potions_obtained":[{"floor":8,"key":"Block Potion"},{"floor":10,"key":"EssenceOfSteel"},{"floor":14,"key":"SmokeBomb"},{"floor":16,"key":"champ:CounterPotion"}],"is_trial":false,"path_per_floor":["M","?","?","$","M","?","$","M","T","M","R","E","?","M","R","B",null,"M","?","?","PTL","PTL","M","$","R","M","E"],"character_chosen":"THE_DEFAULT","items_purchased":["Turnip","MerchantsRug","Toolbox","theMarked:SwordAndMagic","theMarked:ElectricStrings","Toy Ornithopter"],"campfire_rested":3,"item_purchase_floors":[0,0,0,0,7,24],"current_hp_per_floor":[53,53,53,53,48,23,23,11,11,10,35,35,35,27,52,10,84,82,82,23,23,23,11,11,36,35,0,0],"gold":27,"neow_bonus":"","is_daily":false,"chose_seed":false,"campfire_upgraded":0,"win_rate":0.0,"timestamp":1609814230,"path_taken":["M","?","?","$","M","?","?","M","T","M","R","E","?","M","R","BOSS","M","?","?","PTL","PTL","M","$","R","M","E"],"items_purchased_type":["Relic","Relic","Relic","Card","Card","Relic"],"build_version":"2020-12-22","purchased_purges":1,"victory":false,"max_hp_per_floor":[84,84,84,84,84,84,84,84,84,84,84,84,84,84,84,84,84,84,84,84,84,84,84,84,84,84,84,84],"relic_stats":{"Nunchaku":[41],"counters":[59,270],"Turnip":[0],"obtain_stats":[{"hubris:CrystalStatue":23,"aspiration:RitualStick":23,"Ring of Searing":8,"HornCleat":43,"aspiration:BabyByrd":2,"aspiration:ArtOfWarUpgrade":10,"Fusion Hammer":34,"theMarked:VonisonLock":28,"theMarked:BronzeBlade":36,"hubris:TinFlute":33,"MerchantsRug":0,"Happy Flower":11,"Ring of Hypnosis":13,"aspiration:Nostalgia":27,"ReplayTheSpireMod:CursedCoin":0,"hubris:SphereOfDissonance":6,"Replay:Ancient Bell":17,"aspiration:SeaSaltIceCream":9,"Replay:Baseball":45,"Shuriken":31,"ReplayTheSpireMod:Ring of Collecting":49,"MutagenicStrength":19,"ReplayTheSpireMod:TigerMarble":6,"MiniHakkero":9,"Meat on the Bone":0,"Blue Doll":15,"Mango":0,"conspire:SpecialSausage":17,"Incense Burner":17,"Nunchaku":12,"Replay:Bandana":26,"Dream Catcher":14,"Mummified Hand":17,"theMarked:SecretDocuments":42,"Ring of Peace":8,"Toolbox":0,"Red Mask":29,"BargainBundle":5,"Replay:M_StaffOfTheSnake":27,"theMarked:Gun":28,"hubris:Towel":3,"Medical Kit":30,"theMarked:ArtifactOfAir":0,"Ring of Fury":49,"Turnip":0,"Art of War":4,"Runesmith:AutoHammer":17,"Membership Card":41,"aspiration:MarisaSkillbook":19,"Toy Ornithopter":24},{"hubris:CrystalStatue":11,"aspiration:RitualStick":32,"Ring of Searing":3,"HornCleat":19,"aspiration:BabyByrd":24,"aspiration:ArtOfWarUpgrade":26,"Fusion Hammer":14,"theMarked:VonisonLock":33,"theMarked:BronzeBlade":36,"hubris:TinFlute":35,"MerchantsRug":23,"Happy Flower":26,"Ring of Hypnosis":52,"aspiration:Nostalgia":11,"ReplayTheSpireMod:CursedCoin":23,"hubris:SphereOfDissonance":3,"Replay:Ancient Bell":6,"aspiration:SeaSaltIceCream":50,"Replay:Baseball":20,"Shuriken":13,"ReplayTheSpireMod:Ring of Collecting":43,"MutagenicStrength":55,"ReplayTheSpireMod:TigerMarble":49,"MiniHakkero":50,"Meat on the Bone":23,"Blue Doll":28,"Mango":47,"conspire:SpecialSausage":54,"Incense Burner":6,"Nunchaku":5,"Replay:Bandana":11,"Dream Catcher":28,"Mummified Hand":6,"theMarked:SecretDocuments":40,"Ring of Peace":3,"Toolbox":47,"Red Mask":34,"BargainBundle":2,"Replay:M_StaffOfTheSnake":11,"theMarked:Gun":11,"hubris:Towel":48,"Medical Kit":34,"theMarked:ArtifactOfAir":0,"Ring of Fury":43,"Turnip":47,"Art of War":24,"Runesmith:AutoHammer":6,"Membership Card":39,"aspiration:MarisaSkillbook":29,"Toy Ornithopter":57},{"hubris:CrystalStatue":54,"aspiration:RitualStick":153,"Ring of Searing":10,"HornCleat":90,"aspiration:BabyByrd":120,"aspiration:ArtOfWarUpgrade":124,"Fusion Hammer":68,"theMarked:VonisonLock":157,"theMarked:BronzeBlade":174,"hubris:TinFlute":168,"MerchantsRug":116,"Happy Flower":124,"Ring of Hypnosis":235,"aspiration:Nostalgia":54,"ReplayTheSpireMod:CursedCoin":116,"hubris:SphereOfDissonance":10,"Replay:Ancient Bell":28,"aspiration:SeaSaltIceCream":227,"Replay:Baseball":97,"Shuriken":62,"ReplayTheSpireMod:Ring of Collecting":202,"MutagenicStrength":248,"ReplayTheSpireMod:TigerMarble":223,"MiniHakkero":227,"Meat on the Bone":116,"Blue Doll":135,"Mango":219,"conspire:SpecialSausage":246,"Incense Burner":28,"Nunchaku":17,"Replay:Bandana":54,"Dream Catcher":135,"Mummified Hand":28,"theMarked:SecretDocuments":190,"Ring of Peace":10,"Toolbox":219,"Red Mask":161,"BargainBundle":5,"Replay:M_StaffOfTheSnake":54,"theMarked:Gun":54,"hubris:Towel":221,"Medical Kit":161,"theMarked:ArtifactOfAir":0,"Ring of Fury":202,"Turnip":219,"Art of War":120,"Runesmith:AutoHammer":28,"Membership Card":185,"aspiration:MarisaSkillbook":141,"Toy Ornithopter":258}],"Toy Ornithopter":0},"card_choices":[{"not_picked":["theMarked:Generate","theMarked:WastefulAttack"],"picked":"theMarked:Frustration","floor":1},{"not_picked":["theMarked:TurnInvisible","theMarked:TunnelVision"],"picked":"theMarked:ElementalBlade","floor":5},{"not_picked":["theMarked:Overthink","theMarked:ReduceFriction"],"picked":"theMarked:ChainLightning","floor":8},{"not_picked":["theMarked:ChainLightning","theMarked:Seal"],"picked":"theMarked:SoldierForm","floor":10},{"not_picked":["theMarked:EmpowerWeapon","theMarked:Parkour"],"picked":"theMarked:Aftermath","floor":12},{"not_picked":["theMarked:WastefulDefense","theMarked:RepellingDischarge"],"picked":"theMarked:Electrocute","floor":14},{"not_picked":["theMarked:ChannelForce","theMarked:MagicAdept"],"picked":"theMarked:TakeOffHeels","floor":16},{"not_picked":["theMarked:Improvise","theMarked:Standoff+1"],"picked":"theMarked:RepellingDischarge","floor":18},{"not_picked":["theMarked:ElectricStrings","theMarked:BanishingStrike+1"],"picked":"theMarked:BanishingWave+1","floor":20},{"not_picked":["theMarked:WastefulDefense","theMarked:ResourceFulStrike"],"picked":"theMarked:HeightenedSenses+1","floor":23},{"not_picked":["theMarked:WastefulDefense","theMarked:WastefulAttack"],"picked":"theMarked:ChannelForce","floor":26}],"player_experience":449715,"relics_obtained":[{"floor":9,"key":"aspiration:SeaSaltIceCream"},{"floor":12,"key":"Nunchaku"},{"floor":13,"key":"Ring of Fury"},{"floor":13,"key":"Ring of Hypnosis"},{"floor":20,"key":"Red Mask"}],"event_choices":[{"damage_healed":0,"gold_gain":0,"player_choice":"Argue","damage_taken":0,"max_hp_gain":0,"max_hp_loss":0,"event_name":"conspire:LoneGhost","floor":2,"gold_loss":0},{"damage_healed":0,"gold_gain":0,"player_choice":"Relic ","damage_taken":25,"max_hp_gain":0,"max_hp_loss":0,"event_name":"betterThird:BetterScrap","floor":6,"gold_loss":0,"cards_obtained":["Machine Learning"]},{"damage_healed":0,"gold_gain":0,"player_choice":"Inject Mutagens","damage_taken":0,"relics_obtained":["MutagenicStrength"],"max_hp_gain":0,"max_hp_loss":0,"event_name":"Drug Dealer","floor":19,"gold_loss":0},{"damage_healed":0,"gold_gain":0,"player_choice":"Fought Bandits","damage_taken":0,"max_hp_gain":0,"max_hp_loss":0,"event_name":"Masked Bandits","floor":20,"gold_loss":0}],"is_beta":false,"boss_relics":[{"not_picked":["hubris:BlackHole","Runic Dome"],"picked":"conspire:SpecialSausage"}],"items_purged_floors":[24],"is_endless":false,"potions_floor_spawned":[8,10,14,16],"killed_by":"conspire:SneckoGhost","ascension_level":1}}