{"host":"2gugywxuw0nvjb3h","time":1609824324,"event":{"mods":["AchievementEnabler","BaseMod","Better Altar","Better Match","Better Note","Better Sensory Stone","Better Skull","Better Third Choice","BetterRewards","Colored Map","Colored Powertips","Curses Come First","Evolution","GifTheSpireLib","Hermit","Key Reminder","Marisa????????","Minty Spire (QoL Compilation)","Rare Cards Sparkle","Relic Sorter","Replay The Spire","Spicy Shops","StSLib","The Cursed","The Disciple","The Marked","The Senshi","The Servant 0.9.4"],"gold_per_floor":[114,114,127,127,142,175,191,218,218,218,393,407,424,435,435,540,540,558,577,589,609,759,759],"floor_reached":22,"playtime":10550,"items_purged":[],"score":347,"play_id":"2174988c-e20b-4e78-83c3-1771ef45e55a","local_time":"20210104222524","is_ascension_mode":true,"campfire_choices":[{"floor":10,"key":"REST"},{"floor":15,"key":"REST"}],"circlet_count":0,"master_deck":["theMarked:Strike","theMarked:Strike","theMarked:Strike","theMarked:Strike","theMarked:Strike","theMarked:Defend","theMarked:Defend+1","theMarked:Defend","theMarked:Defend","theMarked:SoldierOfQuellstein","theMarked:Parkour","theMarked:PowerFlow+1","Crow Ritual","Sadistic Nature","theMarked:Opportunist","theMarked:ReduceFriction","theMarked:ResourceFulStrike","theMarked:MysticalArsenal","theMarked:ChainLightning","theMarked:ElementalBlade","theMarked:BanishingStrike","Doubt","theMarked:ResourceFulStrike","theMarked:CreepingChasm","theMarked:Aftermath","Transmutation","theMarked:Levitate","CurseOfTheBell","theMarked:BanishingStrike","theMarked:WardOff","theMarked:SwordAndMagic","theMarked:TwofoldDefense","Replay:Sluggish"],"relics":["theMarked:ArtifactOfAir","EVO:Axolotl","BargainBundle","Frozen Eye","Pet Ghost","Orichalcum","Unceasing Top","Akabeko","Gambling Chip","Pondfish Scales","Du-Vu Doll","Replay:PocketPolymizer","Calling Bell","Tiny Chest","Gremlin Horn","Peace Pipe","ReplayTheSpireMod:CursedCoin"],"acts_visited":["Exordium","TheCity"],"potions_floor_usage":[8,8,13,19,20,20,21,21],"damage_taken":[{"damage":0,"enemies":"2 Louse","floor":1,"turns":1},{"damage":0,"enemies":"Small Slimes","floor":3,"turns":2},{"damage":2,"enemies":"Jaw Worm","floor":5,"turns":2},{"damage":28,"enemies":"Gremlin Nob","floor":6,"turns":4},{"damage":0,"enemies":"Looter","floor":7,"turns":3},{"damage":13,"enemies":"3 Sentries","floor":8,"turns":4},{"damage":5,"enemies":"2 Fungi Beasts","floor":12,"turns":3},{"damage":0,"enemies":"3 Louse","floor":13,"turns":2},{"damage":0,"enemies":"Large Slime","floor":14,"turns":3},{"damage":14,"enemies":"Slime Boss","floor":16,"turns":8},{"damage":0,"enemies":"Chosen","floor":18,"turns":4},{"damage":16,"enemies":"Spheric Guardian","floor":19,"turns":4},{"damage":41,"enemies":"Shelled Parasite and Fungi","floor":20,"turns":7},{"damage":11,"enemies":"Snecko","floor":21,"turns":3}],"seed_played":"2948553909023419080","potions_obtained":[{"floor":3,"key":"DistilledChaos"},{"floor":5,"key":"PowerPotion"},{"floor":12,"key":"LiquidMemories"},{"floor":13,"key":"Strength Potion"},{"floor":16,"key":"theMarked:ChargePotion"},{"floor":20,"key":"AttackPotion"}],"is_trial":false,"path_per_floor":["M","?","M","?","M","E","M","E","T","R","?","M","M","M","R","B",null,"M","M","M","M","$"],"character_chosen":"THE_DEFAULT","items_purchased":["BargainBundle","Frozen Eye","Pet Ghost","Orichalcum","Unceasing Top","theMarked:Parkour","theMarked:PowerFlow+1","Crow Ritual","Akabeko","Sadistic Nature","theMarked:Opportunist","ReplayTheSpireMod:CursedCoin"],"campfire_rested":2,"item_purchase_floors":[0,0,0,0,0,0,0,0,0,0,0,22],"current_hp_per_floor":[70,70,70,70,68,40,40,27,27,48,48,43,43,43,64,50,70,70,54,13,2,2,2],"gold":759,"neow_bonus":"","is_daily":false,"chose_seed":false,"campfire_upgraded":0,"win_rate":0.0,"timestamp":1609824324,"path_taken":["M","?","M","?","M","E","M","E","T","R","?","M","M","M","R","BOSS","M","M","M","M","$"],"items_purchased_type":["Relic","Relic","Relic","Relic","Relic","Card","Card","Card","Relic","Card","Card","Relic"],"build_version":"2020-12-22","purchased_purges":0,"victory":false,"max_hp_per_floor":[70,70,70,70,70,70,70,70,70,70,70,70,70,70,70,70,70,70,70,70,70,70,70],"card_choices":[{"not_picked":["theMarked:RepellingDischarge","theMarked:EnhanceMovement"],"picked":"theMarked:ReduceFriction","floor":1},{"not_picked":["theMarked:RepellingDischarge","theMarked:HeightenedSenses"],"picked":"theMarked:ResourceFulStrike","floor":3},{"not_picked":["theMarked:Reabsorb","theMarked:ElectricStrings"],"picked":"theMarked:MysticalArsenal","floor":5},{"not_picked":["theMarked:Parkour","theMarked:Standoff"],"picked":"theMarked:ChainLightning","floor":6},{"not_picked":["theMarked:ChainLightning","theMarked:ResourceFulStrike"],"picked":"theMarked:ElementalBlade","floor":7},{"not_picked":["theMarked:MaelstromOfLightning","theMarked:ParalyzingBlade"],"picked":"theMarked:BanishingStrike","floor":8},{"not_picked":["theMarked:WastefulAttack","theMarked:FavorableWinds"],"picked":"theMarked:ResourceFulStrike","floor":12},{"not_picked":["theMarked:SwordAndMagic","theMarked:Indomitable"],"picked":"theMarked:CreepingChasm","floor":13},{"not_picked":["theMarked:RepellingDischarge","theMarked:ShockingTouch"],"picked":"theMarked:Aftermath","floor":14},{"not_picked":["theMarked:SuspiciousRaven","theMarked:ChannelForce"],"picked":"theMarked:Levitate","floor":16},{"not_picked":["theMarked:WardOff","theMarked:CreepingChasm"],"picked":"theMarked:BanishingStrike","floor":18},{"not_picked":["theMarked:WastefulAttack","theMarked:Frustration"],"picked":"theMarked:WardOff","floor":19},{"not_picked":["theMarked:RepellingDischarge","theMarked:MuscleMemory"],"picked":"theMarked:SwordAndMagic","floor":20},{"not_picked":["theMarked:Static","theMarked:Electrify"],"picked":"theMarked:TwofoldDefense","floor":21}],"player_experience":251535,"relics_obtained":[{"floor":6,"key":"Pondfish Scales"},{"floor":8,"key":"Du-Vu Doll"},{"floor":9,"key":"Replay:PocketPolymizer"},{"floor":17,"key":"Tiny Chest"},{"floor":17,"key":"Gremlin Horn"},{"floor":17,"key":"Peace Pipe"}],"event_choices":[{"damage_healed":70,"gold_gain":0,"player_choice":"Embrace Burn","damage_taken":0,"max_hp_gain":0,"max_hp_loss":70,"event_name":"betterThird:BetterShining","floor":2,"gold_loss":0},{"damage_healed":0,"gold_gain":175,"player_choice":"AGREE","damage_taken":218,"max_hp_gain":0,"max_hp_loss":0,"event_name":"betterThird:BetterSerpent","floor":11,"gold_loss":0}],"is_beta":false,"boss_relics":[{"not_picked":["theMarked:Eyepatch","Tiny House"],"picked":"Calling Bell"}],"items_purged_floors":[],"is_endless":false,"potions_floor_spawned":[3,5,12,13,16,20],"ascension_level":3}}