{"host":"Rich","time":1609876386,"event":{"mods":["AchievementEnabler","BaseMod","Highlight Path","Minty Spire (QoL Compilation)","Relic Stats"],"gold_per_floor":[16,16,16,35,51,51,70,105,105,121,164,164,188,229,229,318,318,334,334,334,5,26,26,26],"floor_reached":23,"playtime":1230,"items_purged":["Strike_P"],"score":522,"play_id":"0c78b58b-bbe6-43a2-8a53-a5ce2b45c664","local_time":"20210105145306","is_ascension_mode":true,"campfire_choices":[{"data":"CutThroughFate","floor":6.0,"key":"SMITH"},{"data":"SashWhip","floor":12.0,"key":"SMITH"},{"data":"1","floor":15,"key":"LIFT"}],"circlet_count":0,"master_deck":["AscendersBane","Strike_P","Strike_P","Defend_P","Defend_P","Defend_P","Eruption","Vigilance","Secret Technique","CutThroughFate+1","Halt+1","BowlingBash","Sanctity+1","FearNoEvil","EmptyBody+1","SashWhip+1","FearNoEvil","FlurryOfBlows","Vault+1","CrushJoints","Adaptation","Collect+1"],"relics":["PureWater","Golden Idol","Toxic Egg 2","WingedGreaves","Dead Branch","Juzu Bracelet","Girya","Empty Cage","Strawberry"],"acts_visited":["Exordium","TheCity"],"potions_floor_usage":[14,22,22],"damage_taken":[{"damage":4.0,"enemies":"2 Louse","floor":1.0,"turns":3.0},{"damage":0.0,"enemies":"Cultist","floor":4.0,"turns":3.0},{"damage":0.0,"enemies":"Jaw Worm","floor":5.0,"turns":5.0},{"damage":0.0,"enemies":"Gremlin Gang","floor":7.0,"turns":4.0},{"damage":14.0,"enemies":"3 Sentries","floor":8.0,"turns":10.0},{"damage":9.0,"enemies":"Exordium Thugs","floor":10.0,"turns":4.0},{"damage":0.0,"enemies":"Lagavulin","floor":11.0,"turns":6.0},{"damage":0.0,"enemies":"2 Fungi Beasts","floor":13.0,"turns":2.0},{"damage":0,"enemies":"3 Sentries","floor":14,"turns":2},{"damage":28,"enemies":"Hexaghost","floor":16,"turns":11},{"damage":11,"enemies":"2 Thieves","floor":18,"turns":4},{"damage":0,"enemies":"3 Byrds","floor":22,"turns":6},{"damage":50,"enemies":"Gremlin Leader","floor":23,"turns":4}],"seed_played":"7398494383895515789","potions_obtained":[{"floor":1.0,"key":"Block Potion"},{"floor":4.0,"key":"DuplicationPotion"},{"floor":10.0,"key":"BlessingOfTheForge"},{"floor":11.0,"key":"Strength Potion"},{"floor":16,"key":"AttackPotion"},{"floor":20,"key":"Weak Potion"}],"is_trial":false,"path_per_floor":["M","?","?","M","M","R","M","E","T","M","E","R","M","E","R","B",null,"M","$","?","$","M","E"],"character_chosen":"WATCHER","items_purchased":["Adaptation","Strawberry"],"campfire_rested":0,"item_purchase_floors":[21,21],"current_hp_per_floor":[57,57,57,57,57,57,57,43,43,34,34,34,34,34,34,6,48,37,37,37,44,44,0,0],"gold":26,"neow_bonus":"RANDOM_COLORLESS_2","is_daily":false,"chose_seed":false,"campfire_upgraded":2,"win_rate":0.0,"timestamp":1609876386,"path_taken":["M","?","?","?","M","R","M","E","T","M","E","R","M","E","R","BOSS","M","$","?","$","M","E"],"items_purchased_type":["Card","Relic"],"build_version":"2020-12-18","purchased_purges":1,"victory":false,"max_hp_per_floor":[68,62,62,62,62,62,62,62,62,62,62,62,62,62,62,62,62,62,62,62,69,69,69,69],"relic_stats":{"counters":[13,64],"Golden Idol":68,"Dead Branch":[34],"Juzu Bracelet":0,"obtain_stats":[{"Girya":14,"Golden Idol":2,"Dead Branch":9,"Strawberry":21,"WingedGreaves":8,"Juzu Bracelet":11,"PureWater":0,"Toxic Egg 2":3,"Empty Cage":17},{"Girya":9,"Golden Idol":1,"Dead Branch":5,"Strawberry":11,"WingedGreaves":5,"Juzu Bracelet":7,"PureWater":0,"Toxic Egg 2":1,"Empty Cage":10},{"Girya":39,"Golden Idol":3,"Dead Branch":25,"Strawberry":54,"WingedGreaves":25,"Juzu Bracelet":35,"PureWater":0,"Toxic Egg 2":3,"Empty Cage":50}]},"card_choices":[{"not_picked":["Violence","Metamorphosis"],"picked":"Secret Technique","floor":0.0},{"not_picked":["Meditate","EmptyFist"],"picked":"CutThroughFate","floor":1.0},{"not_picked":["ThirdEye+1","CarveReality"],"picked":"Halt+1","floor":4.0},{"not_picked":["Evaluate+1","CarveReality"],"picked":"BowlingBash","floor":5.0},{"not_picked":["ClearTheMind+1","CrushJoints"],"picked":"Sanctity+1","floor":7.0},{"not_picked":["Wish+1","Wallop"],"picked":"FearNoEvil","floor":8.0},{"not_picked":["CutThroughFate","Crescendo+1"],"picked":"EmptyBody+1","floor":10.0},{"not_picked":["BowlingBash","Consecrate"],"picked":"SashWhip","floor":11.0},{"not_picked":["Sanctity+1","EmptyBody+1"],"picked":"FearNoEvil","floor":13.0},{"not_picked":["Consecrate","Nirvana"],"picked":"FlurryOfBlows","floor":14},{"not_picked":["SpiritShield+1","Blasphemy+1"],"picked":"Vault+1","floor":16},{"not_picked":["Prostrate+1","EmptyFist"],"picked":"CrushJoints","floor":18},{"not_picked":["PathToVictory+1","EmptyBody+1"],"picked":"Collect+1","floor":22}],"player_experience":1963761,"relics_obtained":[{"floor":3.0,"key":"Toxic Egg 2"},{"floor":8.0,"key":"WingedGreaves"},{"floor":9.0,"key":"Dead Branch"},{"floor":11.0,"key":"Juzu Bracelet"},{"floor":14,"key":"Girya"}],"event_choices":[{"damage_healed":0.0,"max_hp_gain":0.0,"max_hp_loss":6.0,"gold_gain":0.0,"event_name":"Golden Idol","player_choice":"Lose Max HP","floor":2.0,"gold_loss":0.0,"damage_taken":0.0,"relics_obtained":["Golden Idol"]},{"damage_healed":0.0,"max_hp_gain":0.0,"max_hp_loss":0.0,"gold_gain":0.0,"event_name":"Wheel of Change","player_choice":"Relic","floor":3.0,"gold_loss":0.0,"damage_taken":0.0},{"damage_healed":0,"gold_gain":0,"player_choice":"Got Potions","damage_taken":0,"max_hp_gain":0,"max_hp_loss":0,"event_name":"Lab","floor":20,"gold_loss":0}],"is_beta":true,"boss_relics":[{"not_picked":["Runic Dome","Snecko Eye"],"picked":"Empty Cage"}],"items_purged_floors":[21],"is_endless":false,"potions_floor_spawned":[1,4,10,11,16],"killed_by":"Gremlin Leader","ascension_level":20}}