{"host":"54vghy6hfkyy1r39","time":1609842830,"event":{"mods":["AchievementEnabler","BaseMod","Minty Spire (QoL Compilation)","StSLib","SuperFastMode","everything is the same but u backflip on backflip"],"gold_per_floor":[110,124,124,140,100,100,126,139,139,156,4,34,34,55,55,183,183,202,241,241,89,101,101,116,133,133,133,153,5,5,32,32,129,179,192,92,110,110,129,129,147,71,71,84,84,109,109,121,121,121,121],"floor_reached":50,"playtime":2181,"items_purged":["Strike_P","Strike_P+1"],"score":649,"play_id":"9b48b40c-74a2-452a-9610-54ad2a0464ed","local_time":"20210105193350","is_ascension_mode":true,"campfire_choices":[{"data":"LessonLearned","floor":6.0,"key":"SMITH"},{"floor":15.0,"key":"REST"},{"floor":23.0,"key":"REST"},{"floor":27,"key":"REST"},{"floor":30,"key":"REST"},{"floor":32,"key":"RECALL"},{"floor":40,"key":"REST"},{"floor":45,"key":"REST"},{"floor":47,"key":"REST"},{"floor":49,"key":"REST"}],"circlet_count":0,"master_deck":["Strike_P+1","Defend_P+1","Defend_P+1","Defend_P+1","Defend_P+1","Eruption+1","Vigilance+1","LessonLearned+1","Crescendo+1","TalkToTheHand","CutThroughFate+1","FlurryOfBlows+1","FlurryOfBlows+1","MentalFortress+1","DevaForm+1","Sanctity+1","MentalFortress+1","EmptyBody+1","Tantrum+1","EmptyBody+1","Adaptation+1","FlurryOfBlows+1","Halt+1","DeusExMachina+1","Adaptation+1","MentalFortress+1"],"relics":["PureWater","Yang","Blue Candle","Strange Spoon","Odd Mushroom","Bloody Idol","Fusion Hammer","Red Mask","Eternal Feather","Orrery","Mercury Hourglass","Tiny House","Gremlin Horn"],"acts_visited":["Exordium","TheCity","TheBeyond"],"potions_floor_usage":[50],"damage_taken":[{"damage":0.0,"enemies":"Small Slimes","floor":1.0,"turns":2.0},{"damage":0.0,"enemies":"2 Louse","floor":2.0,"turns":1.0},{"damage":0.0,"enemies":"Cultist","floor":4.0,"turns":3.0},{"damage":24.0,"enemies":"Gremlin Nob","floor":7.0,"turns":4.0},{"damage":8.0,"enemies":"Exordium Thugs","floor":8.0,"turns":4.0},{"damage":6.0,"enemies":"Exordium Wildlife","floor":10.0,"turns":3.0},{"damage":0.0,"enemies":"The Mushroom Lair","floor":12.0,"turns":3.0},{"damage":0.0,"enemies":"2 Fungi Beasts","floor":14.0,"turns":3.0},{"damage":2.0,"enemies":"Hexaghost","floor":16.0,"turns":9.0},{"damage":5.0,"enemies":"Shell Parasite","floor":18.0,"turns":4.0},{"damage":50.0,"enemies":"Masked Bandits","floor":19.0,"turns":4.0},{"damage":0.0,"enemies":"Chosen","floor":22.0,"turns":4.0},{"damage":0.0,"enemies":"Centurion and Healer","floor":24.0,"turns":7.0},{"damage":0,"enemies":"Shelled Parasite and Fungi","floor":25,"turns":6},{"damage":26,"enemies":"Cultist and Chosen","floor":28,"turns":8},{"damage":0,"enemies":"Book of Stabbing","floor":31,"turns":5},{"damage":1,"enemies":"Automaton","floor":33,"turns":8},{"damage":0,"enemies":"3 Darklings","floor":35,"turns":4},{"damage":0,"enemies":"Orb Walker","floor":37,"turns":3},{"damage":22,"enemies":"3 Darklings","floor":39,"turns":5},{"damage":7,"enemies":"Jaw Worm Horde","floor":41,"turns":4},{"damage":3,"enemies":"Sphere and 2 Shapes","floor":44,"turns":4},{"damage":25,"enemies":"Reptomancer","floor":46,"turns":9},{"damage":44,"enemies":"Spire Growth","floor":48,"turns":6},{"damage":83,"enemies":"Time Eater","floor":50,"turns":8}],"seed_played":"2861684045338879410","potions_obtained":[{"floor":4.0,"key":"DistilledChaos"},{"floor":5.0,"key":"Dexterity Potion"},{"floor":5.0,"key":"Block Potion"},{"floor":7.0,"key":"SteroidPotion"},{"floor":16.0,"key":"LiquidBronze"},{"floor":19.0,"key":"Dexterity Potion"},{"floor":24.0,"key":"SteroidPotion"},{"floor":37,"key":"EntropicBrew"}],"is_trial":false,"path_per_floor":["M","M","?","M","?","R","E","M","T","M","$","?","?","M","R","B",null,"M","?","?","$","M","R","M","M","T","R","M","$","R","E","R","B",null,"M","$","M","?","M","R","M","$","T","M","R","E","R","M","R","B"],"character_chosen":"WATCHER","items_purchased":["Strange Spoon","MentalFortress","Orrery","MentalFortress"],"campfire_rested":8,"item_purchase_floors":[11,21,29,42],"current_hp_per_floor":[72,72,72,72,72,72,48,40,40,34,34,34,16,16,37,35,63,58,8,8,8,13,34,39,44,44,72,51,51,72,72,72,72,77,77,77,77,77,60,77,75,75,75,77,77,57,77,38,76,0,0],"gold":121,"neow_bonus":"ONE_RANDOM_RARE_CARD","is_daily":false,"chose_seed":false,"campfire_upgraded":1,"win_rate":0.0,"timestamp":1609842830,"path_taken":["M","M","?","M","?","R","E","M","T","?","?","?","?","M","R","BOSS","M","?","?","$","M","R","M","M","T","R","M","?","R","E","R","BOSS","M","$","M","?","?","R","M","?","T","M","R","E","R","M","R","BOSS"],"items_purchased_type":["Relic","Card","Relic","Card"],"build_version":"2020-12-22","purchased_purges":2,"victory":false,"max_hp_per_floor":[72,72,72,72,72,72,72,72,72,72,72,72,72,72,72,72,72,72,72,72,72,72,72,72,72,72,72,72,72,72,72,72,72,77,77,77,77,77,77,77,77,77,77,77,77,77,77,77,77,77,77],"card_choices":[{"not_picked":["FollowUp","TalkToTheHand"],"picked":"Crescendo","floor":1.0},{"not_picked":["WindmillStrike","PathToVictory"],"picked":"TalkToTheHand","floor":2.0},{"not_picked":["Worship","Consecrate"],"picked":"FlurryOfBlows","floor":4.0},{"not_picked":["CutThroughFate","Evaluate","WreathOfFlame"],"picked":"SKIP","floor":7.0},{"not_picked":["Protect","Wish"],"picked":"FlurryOfBlows","floor":8.0},{"not_picked":["SashWhip","ForeignInfluence","Protect"],"picked":"SKIP","floor":10.0},{"not_picked":["Evaluate","PathToVictory"],"picked":"MentalFortress","floor":12.0},{"not_picked":["ThirdEye","CutThroughFate","FollowUp"],"picked":"SKIP","floor":14.0},{"not_picked":["Ragnarok","Omniscience"],"picked":"DevaForm","floor":16.0},{"not_picked":["Consecrate+1","FlyingSleeves+1","Prostrate+1"],"picked":"SKIP","floor":18.0},{"not_picked":["FlurryOfBlows","ClearTheMind"],"picked":"Sanctity+1","floor":19.0},{"not_picked":["MentalFortress","SandsOfTime"],"picked":"EmptyBody","floor":22.0},{"not_picked":["WheelKick+1","Weave+1","FlyingSleeves"],"picked":"SKIP","floor":24.0},{"not_picked":["JustLucky+1","EmptyBody+1"],"picked":"Tantrum","floor":25},{"not_picked":["CarveReality+1","FollowUp+1","Crescendo"],"picked":"SKIP","floor":28},{"not_picked":["CutThroughFate","Consecrate"],"picked":"EmptyBody+1","floor":29},{"not_picked":["Vault","InnerPeace"],"picked":"Adaptation+1","floor":29},{"not_picked":["Weave","ThirdEye"],"picked":"FlurryOfBlows","floor":29},{"not_picked":["CutThroughFate","DeceiveReality+1"],"picked":"Halt","floor":31},{"not_picked":["Establishment","Judgement"],"picked":"DeusExMachina","floor":33},{"not_picked":["SandsOfTime+1","EmptyBody"],"picked":"Adaptation","floor":35},{"not_picked":["WreathOfFlame+1","SashWhip","Crescendo"],"picked":"SKIP","floor":37},{"not_picked":["WheelKick","Protect+1","EmptyFist+1"],"picked":"SKIP","floor":39},{"not_picked":["Prostrate","FearNoEvil","Fasting2+1"],"picked":"SKIP","floor":41},{"not_picked":["FlurryOfBlows+1","WheelKick","Halt+1"],"picked":"SKIP","floor":44},{"not_picked":["FlurryOfBlows+1","WheelKick","Halt+1"],"picked":"SKIP","floor":44},{"not_picked":["Nirvana+1","FlurryOfBlows","Halt"],"picked":"SKIP","floor":46},{"not_picked":["FollowUp","Crescendo+1","Evaluate+1"],"picked":"SKIP","floor":48}],"player_experience":190414,"relics_obtained":[{"floor":7.0,"key":"Yang"},{"floor":9.0,"key":"Blue Candle"},{"floor":12.0,"key":"Odd Mushroom"},{"floor":19.0,"key":"Red Mask"},{"floor":26,"key":"Eternal Feather"},{"floor":31,"key":"Mercury Hourglass"},{"floor":46,"key":"Gremlin Horn"}],"event_choices":[{"damage_healed":0.0,"max_hp_gain":0.0,"max_hp_loss":0.0,"gold_gain":0.0,"cards_transformed":["Strike_P"],"event_name":"Living Wall","player_choice":"Change","floor":3.0,"gold_loss":0.0,"damage_taken":0.0,"cards_obtained":["CutThroughFate"]},{"damage_healed":0.0,"max_hp_gain":0.0,"max_hp_loss":0.0,"gold_gain":0.0,"event_name":"The Woman in Blue","player_choice":"Bought 3 Potions","floor":5.0,"gold_loss":0.0,"damage_taken":0.0},{"damage_healed":0.0,"max_hp_gain":0.0,"max_hp_loss":0.0,"gold_gain":0.0,"event_name":"Mushrooms","player_choice":"Fought Mushrooms","floor":12.0,"gold_loss":0.0,"damage_taken":0.0},{"damage_healed":0.0,"max_hp_gain":0.0,"max_hp_loss":0.0,"gold_gain":0.0,"event_name":"Golden Idol","player_choice":"Take Damage","floor":13.0,"gold_loss":0.0,"damage_taken":18.0,"relics_obtained":["Golden Idol"]},{"damage_healed":0.0,"max_hp_gain":0.0,"max_hp_loss":0.0,"gold_gain":0.0,"event_name":"Masked Bandits","player_choice":"Fought Bandits","floor":19.0,"gold_loss":0.0,"damage_taken":0.0},{"damage_healed":0.0,"max_hp_gain":0.0,"max_hp_loss":0.0,"gold_gain":0.0,"event_name":"Forgotten Altar","player_choice":"Gave Idol","floor":20.0,"relics_lost":["Golden Idol"],"gold_loss":0.0,"damage_taken":0.0,"relics_obtained":["Bloody Idol"]},{"damage_healed":0,"gold_gain":0,"player_choice":"0 cards matched","damage_taken":0,"max_hp_gain":0,"max_hp_loss":0,"event_name":"Match and Keep!","floor":38,"gold_loss":0,"cards_obtained":[]}],"is_beta":false,"boss_relics":[{"not_picked":["VioletLotus","Coffee Dripper"],"picked":"Fusion Hammer"},{"not_picked":["Philosopher\u0027s Stone","Empty Cage"],"picked":"Tiny House"}],"items_purged_floors":[21,36],"is_endless":false,"potions_floor_spawned":[4,7,10,16,19,24,25,31,37,48],"killed_by":"Time Eater","ascension_level":5}}