{"host":"ewfe3cr33ktd9xzj","time":1609828010,"event":{"mods":["AchievementEnabler","BaseMod","Colored Map","Custom Start","DeckTracker","Minty Spire (QoL Compilation)","Rare Cards Sparkle","StSLib","everything is the same but u backflip on backflip"],"gold_per_floor":[117,117,117,137,150,182,200,200,224,11,36,36,49,49,49,49,49],"floor_reached":16,"playtime":272,"items_purged":["Strike_B"],"score":220,"play_id":"9f425d2e-3ca4-4656-92e7-617a2e779f26","local_time":"20210105152650","is_ascension_mode":true,"campfire_choices":[{"floor":8.0,"key":"REST"},{"floor":15,"key":"REST"}],"circlet_count":0,"master_deck":["AscendersBane","Strike_B","Defend_B","Defend_B","Defend_B","Defend_B","Zap","Dualcast","Sweeping Beam","Loop","Melter","Ball Lightning","FTL","Core Surge","Ball Lightning","Undo","Defragment"],"relics":["Cracked Core","NeowsBlessing","Lantern","Happy Flower","PreservedInsect"],"acts_visited":["Exordium"],"potions_floor_usage":[16],"damage_taken":[{"damage":0.0,"enemies":"2 Louse","floor":1.0,"turns":1.0},{"damage":0.0,"enemies":"Cultist","floor":4.0,"turns":1.0},{"damage":0.0,"enemies":"Jaw Worm","floor":5.0,"turns":1.0},{"damage":67.0,"enemies":"Gremlin Nob","floor":6.0,"turns":5.0},{"damage":0.0,"enemies":"2 Fungi Beasts","floor":7.0,"turns":3.0},{"damage":15.0,"enemies":"Lagavulin","floor":11.0,"turns":6.0},{"damage":1,"enemies":"Looter","floor":13,"turns":2},{"damage":13,"enemies":"The Guardian","floor":16,"turns":4}],"seed_played":"4967120762604351990","potions_obtained":[{"floor":7.0,"key":"Explosive Potion"},{"floor":13,"key":"CultistPotion"}],"is_trial":false,"path_per_floor":["M","?","?","M","M","E","M","R","T","$","E","?","M","?","R","B"],"character_chosen":"DEFECT","items_purchased":["Core Surge","Ball Lightning"],"campfire_rested":2,"item_purchase_floors":[10,10],"current_hp_per_floor":[64,69,69,69,69,2,2,24,24,24,9,9,8,1,23,10,10],"gold":49,"neow_bonus":"THREE_ENEMY_KILL","is_daily":false,"chose_seed":false,"campfire_upgraded":0,"win_rate":0.0,"timestamp":1609828010,"path_taken":["M","?","?","?","M","E","M","R","T","$","E","?","M","?","R","BOSS"],"items_purchased_type":["Card","Card"],"build_version":"2020-12-22","purchased_purges":1,"victory":false,"max_hp_per_floor":[71,76,76,76,76,76,76,76,76,76,76,76,76,76,76,76,76],"card_choices":[{"not_picked":["Leap","Loop"],"picked":"Sweeping Beam","floor":1.0},{"not_picked":["Reinforced Body","Aggregate"],"picked":"Loop","floor":4.0},{"not_picked":["Redo","Conserve Battery"],"picked":"Melter","floor":5.0},{"not_picked":["Recycle","Steam Power"],"picked":"Ball Lightning","floor":6.0},{"not_picked":["Leap","Turbo"],"picked":"FTL","floor":7.0},{"not_picked":["Leap","Tempest"],"picked":"Undo","floor":11.0},{"not_picked":["Beam Cell","Ball Lightning"],"picked":"Defragment","floor":13}],"player_experience":18425,"relics_obtained":[{"floor":6.0,"key":"Lantern"},{"floor":9.0,"key":"Happy Flower"},{"floor":11.0,"key":"PreservedInsect"}],"event_choices":[{"damage_healed":0.0,"max_hp_gain":5.0,"max_hp_loss":0.0,"gold_gain":0.0,"event_name":"Big Fish","player_choice":"Donut","floor":2.0,"gold_loss":0.0,"damage_taken":0.0},{"cards_removed":["Strike_B"],"damage_healed":0.0,"max_hp_gain":0.0,"max_hp_loss":0.0,"gold_gain":0.0,"event_name":"Purifier","player_choice":"Purged","floor":3.0,"gold_loss":0.0,"damage_taken":0.0},{"damage_healed":0,"gold_gain":0,"player_choice":"Ignored","damage_taken":0,"max_hp_gain":0,"max_hp_loss":0,"event_name":"Liars Game","floor":12,"gold_loss":0},{"cards_removed":["Strike_B"],"damage_healed":0,"gold_gain":0,"player_choice":"Card Removal","damage_taken":7,"max_hp_gain":0,"max_hp_loss":0,"event_name":"Golden Wing","floor":14,"gold_loss":0}],"is_beta":false,"boss_relics":[],"items_purged_floors":[10],"is_endless":false,"potions_floor_spawned":[7,13],"killed_by":"The Guardian","ascension_level":20}}