{"host":"wha9hktbkslqvblg","time":1609828125,"event":{"mods":["BaseMod","Colored Map","Minty Spire (QoL Compilation)","Relic Stats","SuperFastMode","everything is the same but u backflip on backflip"],"gold_per_floor":[109,109,34,34,34,60,60,95,95,112,112,141,141,161,161,238,238,257,228,228,228],"floor_reached":20,"playtime":331,"items_purged":[],"score":480,"play_id":"0b364351-b751-4703-85a3-5ea8d7b8dd1c","local_time":"20210105152845","is_ascension_mode":true,"campfire_choices":[{"data":"Hemokinesis","floor":7.0,"key":"SMITH"},{"data":"Bash","floor":11.0,"key":"SMITH"},{"data":"True Grit","floor":13,"key":"SMITH"},{"data":"Body Slam","floor":15,"key":"SMITH"}],"circlet_count":0,"master_deck":["AscendersBane","Strike_R","Strike_R","Strike_R+1","Defend_R","Defend_R","Defend_R+1","Bash+1","Hemokinesis+1","True Grit+1","Body Slam+1","Berserk","Armaments+1"],"relics":["Black Blood","NeowsBlessing","Ancient Tea Set","Art of War","Orichalcum","Toy Ornithopter"],"acts_visited":["Exordium","TheCity"],"potions_floor_usage":[16,16,18],"damage_taken":[{"damage":0.0,"enemies":"Jaw Worm","floor":1.0,"turns":1.0},{"damage":0.0,"enemies":"3 Sentries","floor":6.0,"turns":2.0},{"damage":0.0,"enemies":"Lagavulin","floor":8.0,"turns":1.0},{"damage":3.0,"enemies":"2 Louse","floor":10.0,"turns":2.0},{"damage":21,"enemies":"3 Sentries","floor":12,"turns":8},{"damage":2,"enemies":"Cultist","floor":14,"turns":2},{"damage":29,"enemies":"Hexaghost","floor":16,"turns":9},{"damage":45,"enemies":"3 Byrds","floor":18,"turns":8},{"damage":30,"enemies":"2 Thieves","floor":19,"turns":4}],"seed_played":"198164655258464584","potions_obtained":[{"floor":10.0,"key":"Weak Potion"},{"floor":14,"key":"DistilledChaos"},{"floor":16,"key":"PowerPotion"}],"is_trial":false,"path_per_floor":["M","?","?","?","?","E","R","E","T","M","R","E","R","M","R","B",null,"M","M","$"],"character_chosen":"IRONCLAD","items_purchased":[],"campfire_rested":0,"item_purchase_floors":[],"current_hp_per_floor":[74,51,51,44,44,50,50,56,56,59,59,44,44,48,48,35,65,37,19,19,19],"gold":228,"neow_bonus":"THREE_ENEMY_KILL","is_daily":false,"chose_seed":false,"campfire_upgraded":4,"win_rate":0.0,"timestamp":1609828125,"path_taken":["M","?","?","?","?","E","R","E","T","M","R","E","R","M","R","BOSS","M","M","$"],"items_purchased_type":[],"build_version":"2020-12-22","purchased_purges":0,"victory":false,"max_hp_per_floor":[75,75,75,75,75,75,75,75,75,75,75,75,75,75,75,75,75,75,75,75,75],"relic_stats":{"counters":[9,37],"Black Blood":66,"Art of War":[0],"Orichalcum":[36],"obtain_stats":[{"NeowsBlessing":0,"Black Blood":17,"Art of War":8,"Orichalcum":9,"Ancient Tea Set":6,"Burning Blood":0,"Toy Ornithopter":12},{"NeowsBlessing":0,"Black Blood":7,"Art of War":3,"Orichalcum":3,"Ancient Tea Set":2,"Burning Blood":0,"Toy Ornithopter":5},{"NeowsBlessing":0,"Black Blood":25,"Art of War":4,"Orichalcum":4,"Ancient Tea Set":3,"Burning Blood":0,"Toy Ornithopter":14}],"Toy Ornithopter":15},"card_choices":[{"not_picked":["Perfected Strike","Thunderclap","Warcry"],"picked":"SKIP","floor":1.0},{"not_picked":["Entrench","Intimidate"],"picked":"Hemokinesis","floor":6.0},{"not_picked":["Havoc","Anger","Feel No Pain"],"picked":"SKIP","floor":8.0},{"not_picked":["Clothesline","Clash","Headbutt"],"picked":"SKIP","floor":10.0},{"not_picked":["True Grit","Flex","Corruption"],"picked":"SKIP","floor":12},{"not_picked":["Flex","Corruption"],"picked":"True Grit","floor":12},{"not_picked":["Clash","Battle Trance"],"picked":"Body Slam","floor":14},{"not_picked":["Brutality","Bludgeon"],"picked":"Berserk","floor":16},{"not_picked":["Hemokinesis","True Grit"],"picked":"Armaments+1","floor":18},{"not_picked":["Sword Boomerang","Rupture+1","Pommel Strike"],"picked":"SKIP","floor":19}],"player_experience":937854,"relics_obtained":[{"floor":6.0,"key":"Ancient Tea Set"},{"floor":8.0,"key":"Art of War"},{"floor":9.0,"key":"Orichalcum"},{"floor":12,"key":"Toy Ornithopter"}],"event_choices":[{"damage_healed":0.0,"max_hp_gain":0.0,"max_hp_loss":0.0,"gold_gain":0.0,"event_name":"Shining Light","player_choice":"Entered Light","floor":2.0,"gold_loss":0.0,"damage_taken":23.0,"cards_upgraded":["Defend_R","Strike_R"]},{"cards_removed":["Strike_R"],"damage_healed":0.0,"max_hp_gain":0.0,"max_hp_loss":0.0,"gold_gain":0.0,"event_name":"The Cleric","player_choice":"Card Removal","floor":3.0,"gold_loss":75.0,"damage_taken":0.0},{"cards_removed":["Strike_R"],"damage_healed":0.0,"max_hp_gain":0.0,"max_hp_loss":0.0,"gold_gain":0.0,"event_name":"Golden Wing","player_choice":"Card Removal","floor":4.0,"gold_loss":0.0,"damage_taken":7.0},{"cards_removed":["Defend_R"],"damage_healed":0.0,"max_hp_gain":0.0,"max_hp_loss":0.0,"gold_gain":0.0,"event_name":"Bonfire Elementals","player_choice":"Offered Basic","floor":5.0,"gold_loss":0.0,"damage_taken":0.0}],"is_beta":false,"boss_relics":[{"not_picked":["Velvet Choker","Busted Crown"],"picked":"Black Blood"}],"items_purged_floors":[],"is_endless":false,"potions_floor_spawned":[10,14,16],"ascension_level":20}}