{"host":"ct28ocsd8g8yr2ah","time":1609854049,"event":{"mods":["BaseMod","Better Third Choice","Hermit","Marisa????????","Minty Spire (QoL Compilation)","StSLib","The Animator","The Gatherer","The Servant 0.9.4","Waifu the Spire"],"gold_per_floor":[111,129,9,9,24,24,40,55,81,117,146,221,121,147,147,251,251,263,71,97,97,97],"floor_reached":21,"playtime":1316,"items_purged":["hermit:Strike_Hermit","hermit:Strike_Hermit","hermit:Strike_Hermit"],"score":183,"play_id":"a1b9efcd-f7ed-495b-95ea-62d8f7d64787","local_time":"20210105184049","is_ascension_mode":false,"campfire_choices":[{"data":"hermit:SprayPray","floor":6,"key":"SMITH"},{"floor":15,"key":"REST"}],"circlet_count":0,"master_deck":["hermit:Strike_Hermit","hermit:Defend_Hermit","hermit:Defend_Hermit","hermit:Defend_Hermit","hermit:Defend_Hermit","hermit:Snapshot","hermit:Covet","hermit:Brawl","hermit:Deadeye","hermit:SprayPray+1","hermit:Headshot","hermit:Quickdraw","hermit:ShadowCloak","hermit:Virtue","hermit:Gestalt","hermit:EyeOfTheStorm","hermit:FromBeyond","hermit:Misfire","hermit:Quickdraw+1"],"relics":["hermit:Momento","Omamori","CeramicFish","Art of War","Philosopher\u0027s Stone"],"acts_visited":["Exordium","TheCity"],"potions_floor_usage":[14,16,21],"damage_taken":[{"damage":2,"enemies":"2 Louse","floor":1,"turns":3},{"damage":1,"enemies":"Cultist","floor":2,"turns":4},{"damage":0,"enemies":"Small Slimes","floor":5,"turns":3},{"damage":1,"enemies":"2 Fungi Beasts","floor":7,"turns":3},{"damage":12,"enemies":"Exordium Thugs","floor":8,"turns":5},{"damage":16,"enemies":"Lagavulin","floor":10,"turns":7},{"damage":0,"enemies":"Large Slime","floor":11,"turns":3},{"damage":5,"enemies":"Gremlin Gang","floor":14,"turns":5},{"damage":2,"enemies":"Slime Boss","floor":16,"turns":10},{"damage":52,"enemies":"3 Byrds","floor":18,"turns":6},{"damage":13,"enemies":"Spheric Guardian","floor":20,"turns":4},{"damage":14,"enemies":"Shelled Parasite and Fungi","floor":21,"turns":3}],"seed_played":"3567672023616829108","potions_obtained":[{"floor":1,"key":"Swift Potion"},{"floor":2,"key":"SkillPotion"},{"floor":4,"key":"SpeedPotion"},{"floor":11,"key":"CultistPotion"},{"floor":16,"key":"FearPotion"},{"floor":20,"key":"DuplicationPotion"}],"is_trial":false,"path_per_floor":["M","M","$","?","M","R","M","M","T","E","M","?","$","M","R","B",null,"M","$","M","M"],"character_chosen":"HERMIT","items_purchased":["hermit:SprayPray","hermit:Misfire","hermit:Tonic"],"campfire_rested":1,"item_purchase_floors":[3,19,19],"current_hp_per_floor":[73,72,72,72,72,72,71,59,59,43,43,32,32,27,49,47,75,23,23,10,0,0],"gold":97,"neow_bonus":"RANDOM_COMMON_RELIC","is_daily":false,"chose_seed":false,"campfire_upgraded":1,"win_rate":0.0,"timestamp":1609854049,"path_taken":["M","M","$","?","M","R","M","?","T","E","M","?","$","M","R","BOSS","M","$","M","M"],"items_purchased_type":["Card","Card","Potion"],"build_version":"2020-12-22","purchased_purges":3,"victory":false,"max_hp_per_floor":[75,75,75,75,75,75,75,75,75,75,75,75,75,75,75,75,75,75,75,75,75,75],"card_choices":[{"not_picked":["hermit:TrackingShot","hermit:Combo"],"picked":"hermit:Brawl","floor":1},{"not_picked":["hermit:Dive","hermit:ShadowCloak"],"picked":"hermit:Deadeye","floor":2},{"not_picked":["hermit:Coalescence","hermit:Quickdraw"],"picked":"hermit:Headshot","floor":5},{"not_picked":["hermit:Glare","hermit:TrackingShot"],"picked":"hermit:Quickdraw","floor":7},{"not_picked":["hermit:Ricochet","hermit:TrackingShot"],"picked":"hermit:ShadowCloak","floor":8},{"not_picked":["hermit:FullyLoaded","hermit:Dive"],"picked":"hermit:Virtue","floor":10},{"not_picked":["hermit:Horror","hermit:Headshot"],"picked":"hermit:Gestalt","floor":11},{"not_picked":["hermit:TrackingShot","hermit:Misfire"],"picked":"hermit:EyeOfTheStorm","floor":14},{"not_picked":["hermit:Adapt","hermit:BlackWind"],"picked":"hermit:FromBeyond","floor":16},{"not_picked":["hermit:Headshot","hermit:GhostlyPresence+1","hermit:CursedWeapon"],"picked":"SKIP","floor":18},{"not_picked":["hermit:Dive","hermit:Brawl+1"],"picked":"hermit:Quickdraw+1","floor":20}],"player_experience":471715,"relics_obtained":[{"floor":9,"key":"CeramicFish"},{"floor":10,"key":"Art of War"}],"event_choices":[{"damage_healed":0,"gold_gain":0,"player_choice":"Got Potions","damage_taken":0,"max_hp_gain":0,"max_hp_loss":0,"event_name":"Lab","floor":4,"gold_loss":0},{"damage_healed":0,"gold_gain":75,"player_choice":"Gold","damage_taken":11,"max_hp_gain":0,"max_hp_loss":0,"event_name":"betterThird:BetterGoop","floor":12,"gold_loss":0}],"is_beta":false,"boss_relics":[{"not_picked":["hermit:DentedPlate","Velvet Choker"],"picked":"Philosopher\u0027s Stone"}],"items_purged_floors":[3,13,19],"is_endless":false,"potions_floor_spawned":[1,2,11,16,20],"killed_by":"Shelled Parasite and Fungi","ascension_level":0}}