{"host":"FirstDane","time":1609810585,"event":{"mods":["BaseMod","Bestiary","Highlight Path","Minty Spire (QoL Compilation)","Relic Stats","Slay the Relics Exporter"],"gold_per_floor":[113,188,203,222,222,251,251,251,251,266,13,13,28,47,47,140,140,154,154,177,177,177,210,135,135,135,135,135,135,135],"floor_reached":29,"playtime":2160,"items_purged":[],"score":482,"play_id":"4e09f823-55a9-42a0-aad4-f36b29fdfab2","local_time":"20210104193625","is_ascension_mode":true,"campfire_choices":[{"data":"Whirlwind","floor":12,"key":"SMITH"},{"data":"Flame Barrier","floor":15,"key":"SMITH"},{"data":"Feel No Pain","floor":25,"key":"SMITH"},{"floor":27,"key":"REST"}],"circlet_count":0,"master_deck":["AscendersBane","Strike_R+1","Defend_R","Defend_R+1","Defend_R","Bash","Combust","Headbutt","Feel No Pain+1","Whirlwind+1","PanicButton","Flame Barrier+1","Berserk","Corruption+1","Sever Soul+1","Shrug It Off+1","Pommel Strike","Thunderclap","Anger+1"],"relics":["Burning Blood","Mercury Hourglass","Matryoshka","Golden Idol","Juzu Bracelet","Question Card","OrangePellets","Astrolabe","Meat on the Bone","Tiny Chest","Kunai","FossilizedHelix"],"acts_visited":["Exordium","TheCity"],"potions_floor_usage":[16,18,23],"damage_taken":[{"damage":9,"enemies":"Jaw Worm","floor":1,"turns":4},{"damage":2,"enemies":"2 Louse","floor":3,"turns":3},{"damage":2,"enemies":"Cultist","floor":4,"turns":4},{"damage":32,"enemies":"Gremlin Nob","floor":6,"turns":4},{"damage":7,"enemies":"Lots of Slimes","floor":10,"turns":2},{"damage":0,"enemies":"Exordium Wildlife","floor":13,"turns":1},{"damage":0,"enemies":"Blue Slaver","floor":14,"turns":2},{"damage":21,"enemies":"The Guardian","floor":16,"turns":13},{"damage":15,"enemies":"Shell Parasite","floor":18,"turns":4},{"damage":3,"enemies":"Spheric Guardian","floor":20,"turns":6},{"damage":41,"enemies":"Slavers","floor":23,"turns":5},{"damage":44,"enemies":"Gremlin Leader","floor":29,"turns":5}],"seed_played":"5587975244033478446","potions_obtained":[{"floor":4,"key":"SkillPotion"},{"floor":10,"key":"EssenceOfSteel"},{"floor":16,"key":"CultistPotion"}],"is_trial":false,"path_per_floor":["M","?","M","M","?","E","T","?","T","M","$","R","M","M","R","B",null,"M","?","M","?","?","E","?","R","T","R","T","E"],"character_chosen":"IRONCLAD","items_purchased":["OrangePellets","PanicButton"],"campfire_rested":1,"item_purchase_floors":[11,11],"current_hp_per_floor":[72,61,65,69,44,18,18,18,18,17,17,17,23,29,29,14,59,50,50,53,53,53,18,18,18,18,40,40,0,0],"gold":135,"neow_bonus":"TEN_PERCENT_HP_BONUS","is_daily":false,"chose_seed":false,"campfire_upgraded":3,"win_rate":0.0,"timestamp":1609810585,"path_taken":["M","?","M","M","?","E","?","?","T","M","$","R","M","M","R","BOSS","M","?","M","?","?","E","?","R","T","R","?","E"],"items_purchased_type":["Relic","Card"],"build_version":"2020-12-18","purchased_purges":0,"victory":false,"max_hp_per_floor":[82,82,82,82,82,82,82,74,74,74,74,74,74,74,74,74,74,74,74,74,74,74,74,74,74,74,74,74,74,74],"relic_stats":{"OrangePellets":[10],"counters":[12,53],"Golden Idol":44,"Astrolabe":["Corruption","Sever Soul","Shrug It Off"],"Tiny Chest":0,"Juzu Bracelet":3,"Kunai":[2],"Question Card":7,"obtain_stats":[{"OrangePellets":11,"Matryoshka":7,"Golden Idol":8,"Astrolabe":17,"Tiny Chest":26,"Juzu Bracelet":9,"Kunai":26,"Question Card":9,"Burning Blood":0,"FossilizedHelix":28,"Mercury Hourglass":6,"Meat on the Bone":23},{"OrangePellets":5,"Matryoshka":4,"Golden Idol":4,"Astrolabe":8,"Tiny Chest":11,"Juzu Bracelet":4,"Kunai":11,"Question Card":4,"Burning Blood":0,"FossilizedHelix":11,"Mercury Hourglass":4,"Meat on the Bone":11},{"OrangePellets":17,"Matryoshka":15,"Golden Idol":15,"Astrolabe":33,"Tiny Chest":48,"Juzu Bracelet":15,"Kunai":48,"Question Card":15,"Burning Blood":0,"FossilizedHelix":48,"Mercury Hourglass":15,"Meat on the Bone":48}],"Burning Blood":66,"Mercury Hourglass":[148],"Meat on the Bone":0},"card_choices":[{"not_picked":["Headbutt","Dropkick"],"picked":"Perfected Strike","floor":1},{"not_picked":["Fire Breathing","Clothesline"],"picked":"Combust","floor":3},{"not_picked":["Sever Soul","Sword Boomerang"],"picked":"Headbutt","floor":4},{"not_picked":["Dark Embrace","Bludgeon"],"picked":"Feel No Pain","floor":6},{"not_picked":["Cleave","Clash","Body Slam"],"picked":"Whirlwind","floor":10},{"not_picked":["Sword Boomerang","Havoc","Perfected Strike"],"picked":"Flame Barrier","floor":13},{"not_picked":["Combust","Havoc","Cleave","Sever Soul"],"picked":"SKIP","floor":14},{"not_picked":["Reaper","Juggernaut","Fiend Fire"],"picked":"Berserk","floor":16},{"not_picked":["Havoc","Perfected Strike","Evolve+1"],"picked":"Pommel Strike","floor":18},{"not_picked":["Headbutt","Twin Strike","Searing Blow"],"picked":"Thunderclap","floor":20},{"not_picked":["Warcry","Sever Soul","Thunderclap"],"picked":"Anger+1","floor":23}],"player_experience":3843458,"relics_obtained":[{"floor":6,"key":"Mercury Hourglass"},{"floor":7,"key":"Matryoshka"},{"floor":9,"key":"Juzu Bracelet"},{"floor":9,"key":"Question Card"},{"floor":23,"key":"Meat on the Bone"},{"floor":26,"key":"Tiny Chest"},{"floor":26,"key":"Kunai"},{"floor":28,"key":"FossilizedHelix"}],"event_choices":[{"damage_healed":0,"gold_gain":75,"player_choice":"Gather Gold","damage_taken":11,"max_hp_gain":0,"max_hp_loss":0,"event_name":"World of Goop","floor":2,"gold_loss":0},{"damage_healed":0,"gold_gain":0,"player_choice":"Entered Light","damage_taken":25,"max_hp_gain":0,"max_hp_loss":0,"event_name":"Shining Light","floor":5,"gold_loss":0,"cards_upgraded":["Strike_R","Defend_R"]},{"damage_healed":0,"gold_gain":0,"player_choice":"Lose Max HP","damage_taken":0,"relics_obtained":["Golden Idol"],"max_hp_gain":0,"max_hp_loss":8,"event_name":"Golden Idol","floor":8,"gold_loss":0},{"cards_removed":["Strike_R"],"damage_healed":0,"gold_gain":0,"player_choice":"Offered Basic","damage_taken":0,"max_hp_gain":0,"max_hp_loss":0,"event_name":"Bonfire Elementals","floor":19,"gold_loss":0},{"cards_removed":["Strike_R"],"damage_healed":0,"gold_gain":0,"player_choice":"Purged","damage_taken":0,"max_hp_gain":0,"max_hp_loss":0,"event_name":"Purifier","floor":21,"gold_loss":0},{"damage_healed":0,"gold_gain":0,"player_choice":"Leave","damage_taken":0,"max_hp_gain":0,"max_hp_loss":0,"event_name":"FaceTrader","floor":22,"gold_loss":0},{"cards_removed":["Defend_R"],"damage_healed":0,"gold_gain":0,"player_choice":"Gave Gold","damage_taken":0,"max_hp_gain":0,"max_hp_loss":0,"event_name":"Beggar","floor":24,"gold_loss":75}],"is_beta":true,"boss_relics":[{"not_picked":["SlaversCollar","Fusion Hammer"],"picked":"Astrolabe"}],"items_purged_floors":[],"is_endless":false,"potions_floor_spawned":[4,10,13,16],"killed_by":"Gremlin Leader","ascension_level":20}}