{"host":"066y5nba5qw19k68","time":1609836500,"event":{"mods":["BaseMod","Colored Powertips","Downfall","Minty Spire (QoL Compilation)","Replay The Spire","Shop Mod","StSLib"],"gold_per_floor":[109,31,31,50,50,82,101,101,101,121,139,171,27,45,45,45,45],"floor_reached":16,"playtime":1093,"items_purged":["Strike_P"],"score":144,"play_id":"018113b8-ca6b-4502-ab17-346c927665b4","local_time":"20210105164820","is_ascension_mode":true,"campfire_choices":[{"data":"Adaptation","floor":8,"key":"SMITH"},{"data":"EmptyMind","floor":15,"key":"SMITH"}],"circlet_count":0,"master_deck":["Strike_P+1","Strike_P","Defend_P","Defend_P","Defend_P+1","Defend_P","Eruption","Vigilance","ClearTheMind","Adaptation+1","FlurryOfBlows","Meditate","Consecrate","Ragnarok","FearNoEvil","EmptyMind+1"],"relics":["PureWater","NeowsBlessing","ReplayTheSpireMod:Ninjato","Ancient Tea Set","Meat on the Bone"],"acts_visited":["Exordium"],"potions_floor_usage":[],"damage_taken":[{"damage":0,"enemies":"2 Louse","floor":1,"turns":1},{"damage":0,"enemies":"Small Slimes","floor":4,"turns":2},{"damage":0,"enemies":"3 Sentries","floor":6,"turns":1},{"damage":0,"enemies":"Cultist","floor":7,"turns":4},{"damage":5,"enemies":"Exordium Wildlife","floor":10,"turns":3},{"damage":10,"enemies":"Lots of Slimes","floor":11,"turns":4},{"damage":18,"enemies":"Lagavulin","floor":12,"turns":6},{"damage":8,"enemies":"Exordium Thugs","floor":14,"turns":3},{"damage":22,"enemies":"The Guardian","floor":16,"turns":10}],"seed_played":"-8372568606708603875","potions_obtained":[{"floor":6,"key":"Elixir"},{"floor":7,"key":"LiquidBronze"}],"is_trial":false,"path_per_floor":["M","$","?","M","?","E","M","R","T","M","M","E","$","M","R","B"],"character_chosen":"WATCHER","items_purchased":["Adaptation","EmptyMind"],"campfire_rested":0,"item_purchase_floors":[2,13],"current_hp_per_floor":[72,72,58,58,51,51,51,51,51,46,36,18,18,22,22,0,0],"gold":45,"neow_bonus":"THREE_ENEMY_KILL","is_daily":false,"chose_seed":false,"campfire_upgraded":2,"win_rate":0.0,"timestamp":1609836500,"path_taken":["M","$","?","M","?","E","M","R","T","M","M","E","$","M","R","BOSS"],"items_purchased_type":["Card","Card"],"build_version":"2020-12-22","purchased_purges":1,"victory":false,"max_hp_per_floor":[72,72,72,72,72,72,72,72,72,72,72,72,72,72,72,72,72],"card_choices":[{"not_picked":["CrushJoints","EmptyFist"],"picked":"ClearTheMind","floor":1},{"not_picked":["PathToVictory","FollowUp"],"picked":"FlurryOfBlows","floor":4},{"not_picked":["Pray","Prostrate"],"picked":"Meditate","floor":6},{"not_picked":["CrushJoints","Collect","ThirdEye"],"picked":"SKIP","floor":7},{"not_picked":["CrushJoints","Collect","ThirdEye"],"picked":"SKIP","floor":7},{"not_picked":["CrushJoints","Collect","ThirdEye"],"picked":"SKIP","floor":7},{"not_picked":["WaveOfTheHand","ThirdEye"],"picked":"Consecrate","floor":10},{"not_picked":["Sanctity","Consecrate"],"picked":"Ragnarok","floor":11},{"not_picked":["SignatureMove","CrushJoints"],"picked":"FearNoEvil","floor":12},{"not_picked":["CarveReality","FlyingSleeves","EmptyFist"],"picked":"SKIP","floor":14}],"player_experience":61945,"relics_obtained":[{"floor":6,"key":"ReplayTheSpireMod:Ninjato"},{"floor":9,"key":"Ancient Tea Set"},{"floor":12,"key":"Meat on the Bone"}],"event_choices":[{"damage_healed":0,"gold_gain":0,"player_choice":"Entered Light","damage_taken":14,"max_hp_gain":0,"max_hp_loss":0,"event_name":"Shining Light","floor":3,"gold_loss":0,"cards_upgraded":["Strike_P","Defend_P"]},{"cards_removed":["Strike_P"],"damage_healed":0,"gold_gain":0,"player_choice":"Card Removal","damage_taken":7,"max_hp_gain":0,"max_hp_loss":0,"event_name":"Golden Wing","floor":5,"gold_loss":0}],"is_beta":false,"boss_relics":[],"items_purged_floors":[13],"is_endless":false,"potions_floor_spawned":[6,7],"killed_by":"The Guardian","ascension_level":1}}