{"host":"65a95dzim48ko8ke","time":1609845445,"event":{"mods":["BaseMod","Colored Powertips","Minty Spire (QoL Compilation)","Quick Restart","Rare Cards Sparkle","Replay The Spire","StSLib","The Servant 0.9.4"],"gold_per_floor":[368,17,29,43,61,61,92,92,146,179,122,137,171,1,1,104,104,114,114,2,18,29,29,57,57,106,106,124,142,173,75,75,174,174,193,207,207,218,231,231,82,101,101,130,130,140,15,30,30,30],"floor_reached":51,"playtime":4025,"items_purged":["Looming Evil","Strike_S","Writhe"],"score":1002,"play_id":"81b605b9-d5fc-4c80-9092-16f62f52a6d8","local_time":"20210105201725","is_ascension_mode":true,"campfire_choices":[{"data":"Luminosity","floor":6.0,"key":"SMITH"},{"data":"BestPractice","floor":8.0,"key":"SMITH"},{"floor":15.0,"key":"REST"},{"data":"Barrier","floor":23.0,"key":"SMITH"},{"data":"Embodiment","floor":25.0,"key":"SMITH"},{"data":"TheWorld","floor":27.0,"key":"SMITH"},{"data":"Pain","floor":32.0,"key":"PURGE"},{"data":"Injury","floor":40.0,"key":"PURGE"},{"floor":45.0,"key":"REST"},{"floor":49,"key":"REST"}],"circlet_count":0,"master_deck":["Strike_S","Strike_S","Strike_S","Defend_S","Defend_S","Defend_S","Defend_S","KidneyShot","Exchange","FastForward","ShatteredReality+1","Ricochet+1","Luminosity+1","DoubleEdge+1","BestPractice+1","TheWorld+1","FastForward","TimeWarp+1","Comet+1","Desolation+1","FlawlessForm","Unruled+1","LightFlow+1","Potential+1","Barrier+1","Embodiment+1","SpecialFormula","WasteNot","Luminosity","SilverBlades","Comet+1","Embodiment","DoubleEdge+1","Replace+1","Rewind","FastForward","InstantArmor","Deny","Luminosity+1","BottledTime"],"relics":["Uniform","Molten Egg 2","HornCleat","Vajra","Happy Flower","Blue Doll","Replay:Bottled Snecko","Cursed Key","WarpedTongs","Strawberry","Art of War","Peace Pipe","ReplayTheSpireMod:DimensionalGlitch","ReplayTheSpireMod:TigerMarble","Anchor","Bottled Lightning"],"acts_visited":["Exordium","TheCity","TheBeyond"],"potions_floor_usage":[48,50],"damage_taken":[{"damage":14.0,"enemies":"Cultist","floor":1.0,"turns":6.0},{"damage":2.0,"enemies":"2 Louse","floor":3.0,"turns":3.0},{"damage":2.0,"enemies":"Small Slimes","floor":4.0,"turns":2.0},{"damage":8.0,"enemies":"Red Slaver","floor":5.0,"turns":5.0},{"damage":15.0,"enemies":"3 Sentries","floor":7.0,"turns":4.0},{"damage":13.0,"enemies":"Lagavulin","floor":10.0,"turns":6.0},{"damage":0.0,"enemies":"Exordium Thugs","floor":12.0,"turns":3.0},{"damage":0.0,"enemies":"3 Sentries","floor":13.0,"turns":2.0},{"damage":8.0,"enemies":"Fading Forest","floor":16.0,"turns":11.0},{"damage":0.0,"enemies":"Chosen","floor":18.0,"turns":3.0},{"damage":0.0,"enemies":"2 Thieves","floor":21.0,"turns":3.0},{"damage":5.0,"enemies":"Centurion and Healer","floor":22.0,"turns":4.0},{"damage":6.0,"enemies":"Book of Stabbing","floor":24.0,"turns":5.0},{"damage":5.0,"enemies":"Snecko","floor":28.0,"turns":3.0},{"damage":10.0,"enemies":"Snake Plant","floor":29.0,"turns":8.0},{"damage":19.0,"enemies":"Slavers","floor":30.0,"turns":4.0},{"damage":0.0,"enemies":"Pondfish","floor":33.0,"turns":9.0},{"damage":3.0,"enemies":"3 Shapes","floor":35.0,"turns":8.0},{"damage":4.0,"enemies":"3 Darklings","floor":36.0,"turns":6.0},{"damage":30.0,"enemies":"4 Shapes","floor":38.0,"turns":6.0},{"damage":13.0,"enemies":"Sphere and 2 Shapes","floor":39.0,"turns":9.0},{"damage":0.0,"enemies":"Writhing Mass","floor":42.0,"turns":6.0},{"damage":17.0,"enemies":"Nemesis","floor":44.0,"turns":5.0},{"damage":10.0,"enemies":"Maw","floor":46.0,"turns":6.0},{"damage":0,"enemies":"Transient","floor":48,"turns":5},{"damage":8,"enemies":"Replay:Hell Engine","floor":50,"turns":7}],"seed_played":"5733985185824990744","potions_obtained":[{"floor":1.0,"key":"FearPotion"},{"floor":7.0,"key":"SkillPotion"},{"floor":10.0,"key":"Block Potion"},{"floor":12.0,"key":"FearPotion"},{"floor":18.0,"key":"LiquidBronze"},{"floor":29.0,"key":"SneckoOil"},{"floor":30.0,"key":"Block Potion"},{"floor":33.0,"key":"EntropicBrew"},{"floor":35.0,"key":"SkillPotion"},{"floor":44.0,"key":"LiquidMemories"}],"is_trial":false,"path_per_floor":["M","$","M","M","M","R","E","R","T","E","?","M","E","$","R","B",null,"M","?","$","M","M","R","E","R","T","R","M","M","E","$","R","B",null,"M","M","?","M","M","R","$","M","T","E","R","M","$","M","R","B",null],"character_chosen":"THE_SERVANT","items_purchased":["Molten Egg 2","ShatteredReality+1","Comet+1","Desolation+1","LightFlow+1","SilverBlades","Comet+1","ReplayTheSpireMod:TigerMarble"],"campfire_rested":3,"item_purchase_floors":[2,2,14,14,20,31,31,41],"current_hp_per_floor":[51,51,49,47,39,39,24,24,24,11,11,11,11,11,30,40,65,65,65,65,65,60,60,61,61,61,61,56,54,43,43,43,51,72,72,68,68,38,29,29,29,33,33,20,41,35,35,38,59,51],"gold":30,"neow_bonus":"TWO_FIFTY_GOLD","is_daily":false,"chose_seed":false,"campfire_upgraded":5,"win_rate":0.0,"timestamp":1609845445,"path_taken":["M","?","M","M","?","R","E","R","T","E","?","?","E","?","R","BOSS","M","?","$","M","M","R","E","R","T","R","?","M","E","$","R","BOSS","M","M","?","?","M","R","?","M","T","E","R","?","$","M","R","BOSS"],"items_purchased_type":["Relic","Card","Card","Card","Card","Card","Card","Relic"],"build_version":"2020-12-22","purchased_purges":3,"victory":true,"max_hp_per_floor":[65,65,65,65,65,65,65,65,65,65,65,65,65,65,65,65,65,65,65,65,65,65,65,72,72,72,72,72,72,72,72,72,72,72,72,72,72,72,72,72,72,72,72,72,72,72,72,72,72,72],"card_choices":[{"not_picked":["Ricochet","Starlight"],"picked":"FastForward","floor":1.0},{"not_picked":["ShatteredReality+1","Hightail"],"picked":"Ricochet+1","floor":3.0},{"not_picked":["Rewind","Rearm"],"picked":"Luminosity","floor":4.0},{"not_picked":["ReturningBlade+1","Deadline"],"picked":"DoubleEdge+1","floor":5.0},{"not_picked":["Spin+1","Potential+1"],"picked":"BestPractice","floor":7.0},{"not_picked":["DualDimension","Starlight+1"],"picked":"TheWorld","floor":10.0},{"not_picked":["Desolation+1","DoubleEdge+1"],"picked":"FastForward","floor":12.0},{"not_picked":["DoubleEdge+1","BottledTime"],"picked":"TimeWarp+1","floor":13.0},{"not_picked":["Dilation","KillingDoll+1"],"picked":"FlawlessForm","floor":16.0},{"not_picked":["Ricochet+1","Reset"],"picked":"Unruled+1","floor":18.0},{"not_picked":["Manipulate","RealityMarble"],"picked":"Potential+1","floor":21.0},{"not_picked":["Defy","Unruled+1"],"picked":"Barrier","floor":22.0},{"not_picked":["Replace","DualDimension+1"],"picked":"Embodiment","floor":24.0},{"not_picked":["FastForward+1","TimeWarp+1"],"picked":"SpecialFormula","floor":28.0},{"not_picked":["Spin+1","ShatteredReality+1"],"picked":"WasteNot","floor":29.0},{"not_picked":["Deadline","BottledTime"],"picked":"Luminosity","floor":30.0},{"not_picked":["LightFlow+1","Dilation"],"picked":"Embodiment","floor":33.0},{"not_picked":["TimeWarp+1","SpecialFormula+1"],"picked":"DoubleEdge+1","floor":35.0},{"not_picked":["Unruled+1","ShatteredReality+1"],"picked":"Replace+1","floor":36.0},{"not_picked":["ShatteredReality+1","DoubleEdge+1"],"picked":"Rewind","floor":38.0},{"not_picked":["Unruled+1","StarChef"],"picked":"FastForward","floor":39.0},{"not_picked":["Alleviate","Starlight+1"],"picked":"InstantArmor","floor":42.0},{"not_picked":["Desolation+1","Defy"],"picked":"Deny","floor":44.0},{"not_picked":["Misdirection+1","Deadline+1"],"picked":"Luminosity+1","floor":46.0},{"not_picked":["FastForward","Defy+1"],"picked":"BottledTime","floor":48}],"player_experience":320651,"relics_obtained":[{"floor":7.0,"key":"HornCleat"},{"floor":9.0,"key":"Vajra"},{"floor":10.0,"key":"Happy Flower"},{"floor":13.0,"key":"Replay:Bottled Snecko"},{"floor":24.0,"key":"Strawberry"},{"floor":26.0,"key":"Art of War"},{"floor":30.0,"key":"Peace Pipe"},{"floor":43.0,"key":"Anchor"},{"floor":44.0,"key":"Bottled Lightning"}],"event_choices":[{"damage_healed":0.0,"max_hp_gain":0.0,"max_hp_loss":0.0,"gold_gain":0.0,"event_name":"WeMeetAgain","player_choice":"Paid Gold","floor":11.0,"gold_loss":57.0,"damage_taken":0.0,"relics_obtained":["Blue Doll"]},{"damage_healed":0.0,"max_hp_gain":0.0,"max_hp_loss":0.0,"gold_gain":0.0,"event_name":"Accursed Blacksmith","player_choice":"Rummage","floor":19.0,"gold_loss":0.0,"damage_taken":0.0,"relics_obtained":["WarpedTongs"],"cards_obtained":["Pain"]},{"damage_healed":0.0,"max_hp_gain":0.0,"max_hp_loss":0.0,"gold_gain":0.0,"event_name":"SecretPortal","player_choice":"Ignored","floor":37.0,"gold_loss":0.0,"damage_taken":0.0}],"is_beta":false,"boss_relics":[{"not_picked":["Runic Pyramid","Busted Crown"],"picked":"Cursed Key"},{"not_picked":["Pandora\u0027s Box","Kintsugi"],"picked":"ReplayTheSpireMod:DimensionalGlitch"}],"items_purged_floors":[2,14,47],"is_endless":false,"potions_floor_spawned":[1,7,10,12,18,29,30,33,35,42,44,46],"ascension_level":4}}