{"host":"qswkx8hggytna0kc","time":1609851809,"event":{"mods":["Aspiration","BaseMod","BetterRewards","Colored Map","Colored Powertips","Highlight Path","Hubris","Mimic Mod","Minty Spire (QoL Compilation)","Quick Restart","Replay The Spire","StSLib","SuperFastMode"],"gold_per_floor":[119,136,154,174,193,193,193,193,217,250,250,273,273,287,287,412,412,432,448,448,469,469,469],"floor_reached":22,"playtime":836,"items_purged":[],"score":247,"play_id":"047f5fca-4a30-4602-8e75-b51d20112eff","local_time":"20210105210329","is_ascension_mode":true,"campfire_choices":[{"data":"Zap","floor":6.0,"key":"SMITH"},{"data":"Genetic Algorithm","floor":8.0,"key":"SMITH"},{"data":"Genetic Algorithm","floor":11,"key":"SMITH"},{"floor":15,"key":"REST"}],"circlet_count":0,"master_deck":["Strike_B","Strike_B","Strike_B","Defend_B","Defend_B","Defend_B","Defend_B","Zap+1","Dualcast","Genetic Algorithm+1","Conserve Battery","Panic Button","Go for the Eyes","Beam Cell","Genetic Algorithm+1","Turbo","Steam+1","Auto Shields","Echo Form","Steam+1","Loop","Coolheaded+1"],"relics":["Cracked Core","aspiration:Nostalgia","Sizzling Blood","Golden Idol","Potion Belt","Ornamental Fan","Inserter"],"acts_visited":["Exordium","TheCity"],"potions_floor_usage":[16,18,19],"damage_taken":[{"damage":4.0,"enemies":"Jaw Worm","floor":1.0,"turns":4.0},{"damage":5.0,"enemies":"Small Slimes","floor":2.0,"turns":4.0},{"damage":2.0,"enemies":"2 Louse","floor":3.0,"turns":2.0},{"damage":7.0,"enemies":"Lots of Slimes","floor":4.0,"turns":5.0},{"damage":9.0,"enemies":"Exordium Thugs","floor":5.0,"turns":6.0},{"damage":31,"enemies":"Lagavulin","floor":10,"turns":9},{"damage":0,"enemies":"Blue Slaver","floor":12,"turns":3},{"damage":7,"enemies":"Exordium Wildlife","floor":14,"turns":6},{"damage":49,"enemies":"Fading Forest","floor":16,"turns":11},{"damage":19,"enemies":"Spheric Guardian","floor":18,"turns":9},{"damage":38,"enemies":"3 Byrds","floor":19,"turns":10},{"damage":27,"enemies":"Snecko","floor":21,"turns":8},{"damage":16,"enemies":"Sentry and Sphere","floor":22,"turns":6}],"seed_played":"-4982824512685756450","potions_obtained":[{"floor":1.0,"key":"SpeedPotion"},{"floor":2.0,"key":"Block Potion"},{"floor":5.0,"key":"AttackPotion"},{"floor":14,"key":"LiquidMemories"},{"floor":16,"key":"SkillPotion"},{"floor":19,"key":"BlessingOfTheForge"}],"is_trial":false,"path_per_floor":["M","M","M","M","M","R","?","R","T","E","R","M","?","M","R","B",null,"M","M","?","M","M"],"character_chosen":"DEFECT","items_purchased":[],"campfire_rested":1,"item_purchase_floors":[],"current_hp_per_floor":[72,71,73,70,65,65,65,65,65,38,38,42,42,39,60,35,64,49,15,39,16,0,0],"gold":469,"neow_bonus":"NOSTALGIA","is_daily":false,"chose_seed":false,"campfire_upgraded":3,"win_rate":0.0,"timestamp":1609851809,"path_taken":["M","M","M","M","M","R","?","R","T","E","R","M","?","M","R","BOSS","M","M","?","M","M"],"items_purchased_type":[],"build_version":"2020-12-22","purchased_purges":0,"victory":false,"max_hp_per_floor":[79,79,79,79,79,79,73,73,73,73,73,73,73,73,73,73,73,73,73,73,73,73,73],"card_choices":[{"not_picked":["Chill","Double Energy"],"picked":"Genetic Algorithm","floor":1.0},{"not_picked":["Reprogram","Redo"],"picked":"Conserve Battery","floor":2.0},{"not_picked":["Streamline","Sweeping Beam"],"picked":"Panic Button","floor":3.0},{"not_picked":["Ball Lightning","ReplayTheSpireMod:Repulse"],"picked":"Go for the Eyes","floor":4.0},{"not_picked":["ReplaySolidLightProjector","Cold Snap"],"picked":"Beam Cell","floor":5.0},{"not_picked":["Time Bomb","Meteor Strike"],"picked":"Genetic Algorithm","floor":10},{"not_picked":["Ball Lightning","Barrage"],"picked":"Turbo","floor":12},{"not_picked":["Coolheaded","Force Field"],"picked":"Auto Shields","floor":14},{"not_picked":["Thunder Strike","Biased Cognition"],"picked":"Echo Form","floor":16},{"not_picked":["Rebound","Hologram"],"picked":"Steam+1","floor":18},{"not_picked":["Hologram+1","Barrage"],"picked":"Loop","floor":19},{"not_picked":["Chaos","Stack"],"picked":"Coolheaded+1","floor":21}],"player_experience":231445,"relics_obtained":[{"floor":9.0,"key":"Potion Belt"},{"floor":10,"key":"Ornamental Fan"}],"event_choices":[{"damage_healed":0.0,"max_hp_gain":0.0,"max_hp_loss":6.0,"gold_gain":0.0,"event_name":"Golden Idol","player_choice":"Lose Max HP","floor":7.0,"gold_loss":0.0,"damage_taken":0.0,"relics_obtained":["Golden Idol"]},{"damage_healed":24,"gold_gain":0,"player_choice":"Heal","damage_taken":0,"max_hp_gain":0,"max_hp_loss":0,"event_name":"The Library","floor":20,"gold_loss":0}],"is_beta":false,"boss_relics":[{"not_picked":["Calling Bell","hubris:GrandSneckoEye"],"picked":"Inserter"}],"items_purged_floors":[],"is_endless":false,"potions_floor_spawned":[1,2,5,14,16,19],"killed_by":"Sentry and Sphere","ascension_level":6}}