{"host":"FirstDane","time":1609820612,"event":{"mods":["BaseMod","Bestiary","Highlight Path","Minty Spire (QoL Compilation)","Relic Stats","Slay the Relics Exporter"],"gold_per_floor":[366,379,392,392,29,54,54,88,114,125,141,141,169,191,203,294,306,331,362,374,401,175,200,200,222,248,267,288,44,53,73,73,153,216,229,1,1,1,12,45,45,58,58,76,117,132,132,149,149,149,149,149,149,21,21,21],"floor_reached":55,"playtime":4974,"items_purged":["Decay","Strike_B","Zap"],"score":2071,"play_id":"cda69ed9-de2a-4074-9939-70b0cded3a3e","local_time":"20210104222332","is_ascension_mode":true,"campfire_choices":[{"floor":7,"key":"REST"},{"data":"Beam Cell","floor":12,"key":"SMITH"},{"floor":15,"key":"REST"},{"floor":24,"key":"REST"},{"data":"Consume","floor":32,"key":"SMITH"},{"floor":41,"key":"RECALL"},{"floor":49,"key":"REST"},{"floor":53,"key":"REST"}],"circlet_count":0,"master_deck":["AscendersBane","Dualcast+1","Beam Cell+1","Genetic Algorithm+1","Compile Driver+1","Echo Form+1","Melter+1","Cold Snap+1","Tempest+1","Cold Snap+1","Sweeping Beam+1","Core Surge+1","Doom and Gloom+1","Genetic Algorithm+1","Consume+1","Conserve Battery+1","Glacier+1","Self Repair+1","White Noise+1","Loop+1","Biased Cognition+1","BootSequence+1","Storm+1","Recycle+1","Hologram+1","Chill+1","Reboot+1","Creative AI+1","Coolheaded+1","Seek"],"relics":["Cracked Core","Sling","Oddly Smooth Stone","MealTicket","Orichalcum","MawBank","Philosopher\u0027s Stone","DollysMirror","CeramicFish","Pen Nib","Pandora\u0027s Box","Membership Card","Mark of the Bloom","Centennial Puzzle","Letter Opener","Orrery"],"acts_visited":["Exordium","TheCity","TheBeyond","TheEnding"],"potions_floor_usage":[6,8,16,18,23,23,25,28,33,35,44,50,51,55,55],"damage_taken":[{"damage":14,"enemies":"Small Slimes","floor":1,"turns":3},{"damage":0,"enemies":"Cultist","floor":2,"turns":3},{"damage":3,"enemies":"Jaw Worm","floor":3,"turns":4},{"damage":32,"enemies":"3 Sentries","floor":6,"turns":7},{"damage":0,"enemies":"Gremlin Nob","floor":8,"turns":1},{"damage":0,"enemies":"3 Louse","floor":10,"turns":4},{"damage":5,"enemies":"Blue Slaver","floor":11,"turns":3},{"damage":20,"enemies":"Lagavulin","floor":13,"turns":6},{"damage":0,"enemies":"Looter","floor":14,"turns":3},{"damage":12,"enemies":"Hexaghost","floor":16,"turns":11},{"damage":12,"enemies":"Shell Parasite","floor":18,"turns":3},{"damage":19,"enemies":"3 Byrds","floor":19,"turns":5},{"damage":2,"enemies":"Sentry and Sphere","floor":21,"turns":3},{"damage":32,"enemies":"Gremlin Leader","floor":23,"turns":6},{"damage":13,"enemies":"Cultist and Chosen","floor":25,"turns":7},{"damage":21,"enemies":"Snake Plant","floor":27,"turns":4},{"damage":0,"enemies":"3 Cultists","floor":28,"turns":5},{"damage":8,"enemies":"Shelled Parasite and Fungi","floor":31,"turns":6},{"damage":15,"enemies":"Automaton","floor":33,"turns":14},{"damage":10,"enemies":"3 Shapes","floor":35,"turns":4},{"damage":0,"enemies":"Orb Walker","floor":39,"turns":4},{"damage":0,"enemies":"Giant Head","floor":40,"turns":7},{"damage":0,"enemies":"Transient","floor":42,"turns":6},{"damage":9,"enemies":"Maw","floor":44,"turns":5},{"damage":10,"enemies":"Reptomancer","floor":45,"turns":4},{"damage":0,"enemies":"Sphere and 2 Shapes","floor":46,"turns":5},{"damage":0,"enemies":"3 Darklings","floor":48,"turns":3},{"damage":0,"enemies":"Time Eater","floor":50,"turns":22},{"damage":24,"enemies":"Donu and Deca","floor":51,"turns":9},{"damage":30,"enemies":"Shield and Spear","floor":55,"turns":5}],"seed_played":"2241372280192546777","potions_obtained":[{"floor":2,"key":"Strength Potion"},{"floor":3,"key":"AttackPotion"},{"floor":11,"key":"AttackPotion"},{"floor":13,"key":"Fire Potion"},{"floor":16,"key":"DuplicationPotion"},{"floor":21,"key":"PowerPotion"},{"floor":23,"key":"Regen Potion"},{"floor":25,"key":"Fire Potion"},{"floor":27,"key":"GamblersBrew"},{"floor":31,"key":"FearPotion"},{"floor":35,"key":"Weak Potion"},{"floor":39,"key":"Energy Potion"},{"floor":46,"key":"Ancient Potion"}],"is_trial":false,"path_per_floor":["M","M","M","?","$","E","R","E","T","M","M","R","E","M","R","B",null,"M","M","?","M","$","E","R","M","T","M","M","$","?","M","R","B",null,"M","$","?","?","M","E","R","M","T","M","E","M","?","M","R","B","B",null,"R","$","E"],"character_chosen":"DEFECT","items_purchased":["Echo Form","Sling","Melter","DollysMirror","Glacier","Self Repair","Membership Card","Orrery","Energy Potion","Swift Potion"],"campfire_rested":5,"item_purchase_floors":[5,5,5,22,29,29,36,54,54,54],"current_hp_per_floor":[50,50,47,47,47,15,34,34,34,34,29,29,9,9,28,16,52,40,21,21,19,34,2,21,23,23,2,2,17,17,16,16,8,50,47,62,62,62,62,62,62,62,62,53,43,43,43,43,43,43,19,19,19,19,0,0],"gold":21,"neow_bonus":"TWO_FIFTY_GOLD","is_daily":false,"chose_seed":false,"campfire_upgraded":2,"win_rate":0.0,"timestamp":1609820612,"path_taken":["M","M","M","?","$","E","R","E","T","M","M","R","E","M","R","BOSS","M","?","?","M","$","E","R","M","T","M","M","$","?","M","R","BOSS","M","$","?","?","M","E","R","M","T","M","E","M","?","M","R","BOSS","BOSS","R","$","E"],"items_purchased_type":["Card","Relic","Card","Relic","Card","Card","Relic","Relic","Potion","Potion"],"build_version":"2020-12-18","purchased_purges":3,"victory":false,"max_hp_per_floor":[64,64,64,64,64,64,64,64,64,64,64,64,64,64,64,64,64,64,64,64,64,64,64,64,64,64,64,64,64,64,64,64,64,64,64,64,64,64,64,64,64,64,64,64,64,64,61,61,61,61,61,61,61,61,61,61],"relic_stats":{"Mark of the Bloom":143,"Centennial Puzzle":[12],"counters":[30,172],"CeramicFish":144,"MealTicket":45,"Pandora\u0027s Box":["BootSequence","Storm","Recycle","Hologram","Chill","Reboot","Creative AI"],"Pen Nib":[13],"Letter Opener":[87],"Orichalcum":[222],"MawBank":108,"obtain_stats":[{"Mark of the Bloom":38,"CeramicFish":23,"Oddly Smooth Stone":6,"Pen Nib":26,"Letter Opener":45,"Orichalcum":9,"Sling":5,"MawBank":13,"Centennial Puzzle":40,"DollysMirror":22,"Orrery":54,"MealTicket":8,"Philosopher\u0027s Stone":17,"Pandora\u0027s Box":34,"Membership Card":36,"Cracked Core":0},{"Mark of the Bloom":20,"CeramicFish":14,"Oddly Smooth Stone":4,"Pen Nib":15,"Letter Opener":25,"Orichalcum":5,"Sling":3,"MawBank":8,"Centennial Puzzle":22,"DollysMirror":13,"Orrery":29,"MealTicket":5,"Philosopher\u0027s Stone":10,"Pandora\u0027s Box":19,"Membership Card":20,"Cracked Core":0},{"Mark of the Bloom":102,"CeramicFish":62,"Oddly Smooth Stone":17,"Pen Nib":69,"Letter Opener":128,"Orichalcum":18,"Sling":10,"MawBank":31,"Centennial Puzzle":113,"DollysMirror":56,"Orrery":167,"MealTicket":18,"Philosopher\u0027s Stone":45,"Pandora\u0027s Box":98,"Membership Card":102,"Cracked Core":0}]},"card_choices":[{"not_picked":["Rebound","Chaos"],"picked":"Beam Cell","floor":1},{"not_picked":["Static Discharge","Double Energy"],"picked":"Genetic Algorithm","floor":2},{"not_picked":["Turbo","Coolheaded"],"picked":"Compile Driver","floor":3},{"not_picked":["Reboot","Rebound","Go for the Eyes"],"picked":"SKIP","floor":6},{"not_picked":["Chaos","Barrage"],"picked":"Cold Snap","floor":8},{"not_picked":["Go for the Eyes","Static Discharge"],"picked":"Tempest","floor":10},{"not_picked":["Rip and Tear","Fusion"],"picked":"Cold Snap","floor":11},{"not_picked":["Cold Snap","FTL"],"picked":"Sweeping Beam","floor":13},{"not_picked":["Force Field","Rebound","Beam Cell"],"picked":"SKIP","floor":14},{"not_picked":["Multi-Cast","Buffer"],"picked":"Core Surge","floor":16},{"not_picked":["Sweeping Beam","Heatsinks","Skim"],"picked":"SKIP","floor":18},{"not_picked":["Compile Driver+1","Rebound","Barrage"],"picked":"SKIP","floor":19},{"not_picked":["White Noise","Blizzard"],"picked":"Doom and Gloom","floor":21},{"not_picked":["Compile Driver","Cold Snap","Static Discharge"],"picked":"SKIP","floor":23},{"not_picked":["Ball Lightning","Cold Snap"],"picked":"Consume","floor":25},{"not_picked":["Sweeping Beam","Storm","Coolheaded"],"picked":"SKIP","floor":27},{"not_picked":["Sweeping Beam","Storm","Coolheaded"],"picked":"SKIP","floor":27},{"not_picked":["Hologram","Compile Driver+1"],"picked":"Conserve Battery+1","floor":28},{"not_picked":["Meteor Strike","Coolheaded"],"picked":"Loop","floor":31},{"not_picked":["Buffer","Electrodynamics"],"picked":"Biased Cognition","floor":33},{"not_picked":["FTL+1","Sunder","Stack"],"picked":"SKIP","floor":35},{"not_picked":["Recycle","Sweeping Beam+1","Ball Lightning"],"picked":"SKIP","floor":39},{"not_picked":["Thunder Strike","Gash","White Noise"],"picked":"SKIP","floor":40},{"not_picked":["Gash","Conserve Battery","Darkness"],"picked":"SKIP","floor":42},{"not_picked":["Ball Lightning","Double Energy","Auto Shields"],"picked":"SKIP","floor":44},{"not_picked":["Turbo","Tempest"],"picked":"Coolheaded+1","floor":45},{"not_picked":["Steam Power","Amplify","Hologram"],"picked":"SKIP","floor":46},{"not_picked":["Hello World+1","Gash+1","Redo"],"picked":"SKIP","floor":48},{"not_picked":["Hello World+1","Gash+1","Redo"],"picked":"SKIP","floor":48},{"not_picked":["Sunder+1","Conserve Battery"],"picked":"Seek","floor":54}],"player_experience":3850530,"relics_obtained":[{"floor":6,"key":"Oddly Smooth Stone"},{"floor":8,"key":"MealTicket"},{"floor":9,"key":"Orichalcum"},{"floor":13,"key":"MawBank"},{"floor":23,"key":"CeramicFish"},{"floor":26,"key":"Pen Nib"},{"floor":40,"key":"Centennial Puzzle"},{"floor":45,"key":"Letter Opener"}],"event_choices":[{"damage_healed":0,"gold_gain":0,"player_choice":"0 cards matched","damage_taken":0,"max_hp_gain":0,"max_hp_loss":0,"event_name":"Match and Keep!","floor":4,"gold_loss":0,"cards_obtained":[]},{"damage_healed":0,"gold_gain":0,"player_choice":"Smashed Altar","damage_taken":0,"max_hp_gain":0,"max_hp_loss":0,"event_name":"Forgotten Altar","floor":20,"gold_loss":0,"cards_obtained":["Decay"]},{"damage_healed":0,"gold_gain":0,"player_choice":"Read","damage_taken":0,"max_hp_gain":0,"max_hp_loss":0,"event_name":"The Library","floor":30,"gold_loss":0,"cards_obtained":["White Noise"]},{"damage_healed":0,"gold_gain":0,"player_choice":"Ignored","damage_taken":0,"max_hp_gain":0,"max_hp_loss":0,"event_name":"Mysterious Sphere","floor":37,"gold_loss":0},{"damage_healed":0,"gold_gain":0,"player_choice":"Upgrade","damage_taken":0,"relics_obtained":["Mark of the Bloom"],"max_hp_gain":0,"max_hp_loss":0,"event_name":"MindBloom","floor":38,"gold_loss":0,"cards_upgraded":["Dualcast","Genetic Algorithm","Compile Driver","Echo Form","Melter","Cold Snap","Tempest","Cold Snap","Sweeping Beam","Core Surge","Doom and Gloom","Genetic Algorithm","Glacier","Self Repair","White Noise","Loop","Biased Cognition","BootSequence","Storm","Recycle","Hologram","Chill","Reboot","Creative AI"]},{"damage_healed":0,"gold_gain":0,"player_choice":"Max HP","damage_taken":0,"max_hp_gain":0,"max_hp_loss":3,"event_name":"Winding Halls","floor":47,"gold_loss":0}],"is_beta":true,"boss_relics":[{"not_picked":["Empty Cage","SlaversCollar"],"picked":"Philosopher\u0027s Stone"},{"not_picked":["Velvet Choker","Busted Crown"],"picked":"Pandora\u0027s Box"}],"items_purged_floors":[22,29,36],"is_endless":false,"potions_floor_spawned":[2,3,11,13,16,21,23,25,27,31,35,39,46],"killed_by":"Shield and Spear","ascension_level":20}}