{"host":"0nfdmr2b19ur4mbc","time":1609863368,"event":{"mods":["2.2 Compatiblity","AchievementEnabler","Aspiration","BaseMod","Better Match","Better Note","Better Third Choice","Better Vampires","Disable Question Mark Monsters","Googly Eyes","Hubris","Infinite Spire","Minty Spire (QoL Compilation)","Quick Restart","Rare Cards Sparkle","Replay The Spire","StSLib"],"gold_per_floor":[118,118,128,47,58,58,73,73,73,96,96,115,115,130,130,227,227,237,237,256,268,268,268,281,281,281,281,294,294,294,219,219,315,315,332,332,332,342,342,342,374,391,391,391,391,425,325,341,341,341],"floor_reached":51,"playtime":1044,"items_purged":["Strike_R","Defend_R","Entrench+1"],"score":1070,"play_id":"c2a7dc38-4054-4ff7-a57a-e754d3c281ac","local_time":"20210105171608","is_ascension_mode":false,"campfire_choices":[{"data":"infinitespire:OneForAll","floor":6.0,"key":"SMITH"},{"data":"Cleave","floor":11.0,"key":"SMITH"},{"data":"Entrench","floor":13.0,"key":"SMITH"},{"data":"Metallicize","floor":15.0,"key":"SMITH"},{"data":"hubris:InfiniteBlow+12","floor":23.0,"key":"SMITH"},{"data":"hubris:InfiniteBlow+13","floor":25.0,"key":"SMITH"},{"data":"hubris:InfiniteBlow+14","floor":27.0,"key":"SMITH"},{"data":"hubris:InfiniteBlow+16","floor":30.0,"key":"SMITH"},{"data":"Metallicize+1","floor":32.0,"key":"PURGE"},{"data":"Demon Form","floor":40,"key":"SMITH"},{"floor":44,"key":"REST"},{"floor":49,"key":"REST"}],"circlet_count":0,"master_deck":["Strike_R","Strike_R","Strike_R","Defend_R","Defend_R","Defend_R","Bash+1","infinitespire:OneForAll+1","Cleave+1","Bludgeon","hubris:InfiniteBlow+29","Demon Form+1"],"relics":["Burning Blood"],"acts_visited":["Exordium","TheCity","TheBeyond"],"potions_floor_usage":[33,38,48,48,50],"damage_taken":[{"damage":0.0,"enemies":"Small Slimes","floor":1.0,"turns":4.0},{"damage":1.0,"enemies":"Cultist","floor":3.0,"turns":3.0},{"damage":6.0,"enemies":"Jaw Worm","floor":5.0,"turns":3.0},{"damage":23.0,"enemies":"Exordium Wildlife","floor":7.0,"turns":4.0},{"damage":16.0,"enemies":"Large Slime","floor":12.0,"turns":7.0},{"damage":20.0,"enemies":"Red Slaver","floor":14.0,"turns":4.0},{"damage":54.0,"enemies":"Fading Forest","floor":16.0,"turns":11.0},{"damage":24.0,"enemies":"Spheric Guardian","floor":18.0,"turns":5.0},{"damage":0.0,"enemies":"Chosen","floor":20.0,"turns":1.0},{"damage":0.0,"enemies":"Snecko","floor":21.0,"turns":2.0},{"damage":15.0,"enemies":"Chosen and Byrds","floor":24.0,"turns":3.0},{"damage":0.0,"enemies":"Shelled Parasite and Fungi","floor":28.0,"turns":2.0},{"damage":12,"enemies":"Pondfish","floor":33,"turns":3},{"damage":47,"enemies":"3 Shapes","floor":35,"turns":3},{"damage":10,"enemies":"Orb Walker","floor":38,"turns":2},{"damage":19,"enemies":"Nightmare","floor":41,"turns":3},{"damage":27,"enemies":"Transient","floor":42,"turns":4},{"damage":13,"enemies":"Giant Head","floor":46,"turns":2},{"damage":24,"enemies":"Jaw Worm Horde","floor":48,"turns":3},{"damage":0,"enemies":"Awakened One","floor":50,"turns":2}],"seed_played":"-6945516870262082477","potions_obtained":[{"floor":1.0,"key":"Energy Potion"},{"floor":12.0,"key":"Milkshake"},{"floor":14.0,"key":"Energy Potion"},{"floor":18.0,"key":"Milkshake"},{"floor":21.0,"key":"BloodPotion"},{"floor":28.0,"key":"SneckoOil"},{"floor":38,"key":"Energy Potion"},{"floor":42,"key":"Reflective Coating"},{"floor":48,"key":"SkillPotion"}],"is_trial":false,"path_per_floor":["M","?","M","$","M","R","M","?","T","T","R","M","R","M","R","B",null,"M","AVR","M","M","?","R","M","R","T","R","M","?","R","$","R","B",null,"M","?","?","M","T","R","NM","M","T","R","?","E","$","M","R","B",null],"character_chosen":"IRONCLAD","items_purchased":["infinitespire:OneForAll"],"campfire_rested":2,"item_purchase_floors":[4],"current_hp_per_floor":[88,88,88,88,88,88,71,71,71,71,71,61,61,47,47,25,88,70,70,76,82,82,82,73,73,73,73,79,79,79,79,79,73,88,47,47,47,60,60,60,47,26,26,52,52,45,45,27,53,59],"gold":341,"neow_bonus":"TEN_PERCENT_HP_BONUS","is_daily":false,"chose_seed":false,"campfire_upgraded":9,"win_rate":0.0,"timestamp":1609863368,"path_taken":["M","?","M","?","M","R","?","?","T","?","R","M","R","M","R","BOSS","M","AVR","M","M","?","R","M","R","T","R","?","?","R","$","R","BOSS","M","?","?","?","?","R","NM","M","T","R","?","E","$","M","R","BOSS"],"items_purchased_type":["Card"],"build_version":"2020-12-22","purchased_purges":3,"victory":true,"max_hp_per_floor":[88,88,88,88,88,88,88,88,88,88,88,88,88,88,88,88,88,88,88,88,88,88,88,88,88,88,88,88,88,88,88,88,88,88,88,88,88,88,88,88,88,88,88,88,88,88,88,88,88,88],"card_choices":[{"not_picked":["Reckless Charge","ReplayTheSpireMod:Strike From Hell","Anger"],"picked":"SKIP","floor":1.0},{"not_picked":["Pommel Strike","Iron Wave","Headbutt"],"picked":"SKIP","floor":3.0},{"not_picked":["Heavy Blade","Anger"],"picked":"Cleave","floor":5.0},{"not_picked":["True Grit","Flame Barrier","Flex"],"picked":"SKIP","floor":7.0},{"not_picked":["infinitespire:OneForAll","Shrug It Off"],"picked":"Entrench","floor":12.0},{"not_picked":["Iron Wave","Headbutt"],"picked":"Metallicize","floor":14.0},{"not_picked":["Reaper","Limit Break"],"picked":"Bludgeon","floor":16.0},{"not_picked":["Clash+1","Defy Death+1","Blood for Blood"],"picked":"SKIP","floor":18.0},{"not_picked":["Pommel Strike+1","Sentinel+1","Cleave"],"picked":"SKIP","floor":20.0},{"not_picked":["Clash+1","hubris:ReadiedAction","True Grit"],"picked":"SKIP","floor":21.0},{"not_picked":["Dropkick","Shrug It Off","Body Slam+1"],"picked":"SKIP","floor":24.0},{"not_picked":["Clothesline","Run Through","hubris:ReadiedAction+1"],"picked":"SKIP","floor":28.0},{"not_picked":["Impervious","Limit Break"],"picked":"Demon Form","floor":33},{"not_picked":["Warcry","Heavy Blade+1","Havoc+1"],"picked":"SKIP","floor":35},{"not_picked":["Anger","Clothesline+1","Juggernaut"],"picked":"SKIP","floor":38},{"not_picked":["Spot Weakness","ReplayTheSpireMod:Limb From Limb","Dual Wield"],"picked":"SKIP","floor":41},{"not_picked":["Anger+1","ReplayTheSpireMod:Strike From Hell+1","Iron Wave"],"picked":"SKIP","floor":42},{"not_picked":["Berserk","ReplayTheSpireMod:Stacked","Anger"],"picked":"SKIP","floor":46},{"not_picked":["Anger+1","Shrug It Off","True Grit"],"picked":"SKIP","floor":48}],"player_experience":147381,"relics_obtained":[],"event_choices":[{"damage_healed":0.0,"max_hp_gain":0.0,"max_hp_loss":0.0,"gold_gain":0.0,"event_name":"Accursed Blacksmith","player_choice":"Forge","floor":2.0,"gold_loss":0.0,"damage_taken":0.0,"cards_upgraded":["Bash"]},{"damage_healed":0.0,"max_hp_gain":0.0,"max_hp_loss":0.0,"gold_gain":0.0,"event_name":"The Woman in Blue","player_choice":"Bought 0 Potions","floor":22.0,"gold_loss":0.0,"damage_taken":0.0},{"damage_healed":0.0,"max_hp_gain":0.0,"max_hp_loss":0.0,"gold_gain":0.0,"event_name":"Upgrade Shrine","player_choice":"Upgraded","floor":29.0,"gold_loss":0.0,"damage_taken":0.0,"cards_upgraded":["hubris:InfiniteBlow"]},{"damage_healed":0,"gold_gain":0,"player_choice":"Ignored","damage_taken":0,"max_hp_gain":0,"max_hp_loss":0,"event_name":"Tomb of Lord Red Mask","floor":36,"gold_loss":0},{"cards_removed":["Strike_R"],"damage_healed":0,"gold_gain":0,"player_choice":"Purged","damage_taken":0,"max_hp_gain":0,"max_hp_loss":0,"event_name":"Purifier","floor":37,"gold_loss":0},{"damage_healed":0,"gold_gain":0,"player_choice":"Ignored","damage_taken":0,"max_hp_gain":0,"max_hp_loss":0,"event_name":"WeMeetAgain","floor":45,"gold_loss":0}],"is_beta":false,"boss_relics":[{"not_picked":["Black Star","Runic Pyramid","Replay:Wanted Poster"]},{"not_picked":["Black Star","Runic Pyramid","Replay:Wanted Poster"]}],"items_purged_floors":[19,31,47],"is_endless":false,"potions_floor_spawned":[1,12,14,18,21,28,38,42,48],"ascension_level":0}}