{"host":"pbf6u3tyx46snqc7","time":1609813003,"event":{"mods":["AchievementEnabler","BaseMod","Colored Map","Minty Spire (QoL Compilation)","Rare Cards Sparkle","SuperFastMode"],"gold_per_floor":[116,266,266,284,284,284,322,322,348,372,0,34,5,23,23,23,23],"floor_reached":16,"playtime":380,"items_purged":[],"score":216,"play_id":"85834b88-2cfb-4340-8312-9ec8bbf9fd06","local_time":"20210105111643","is_ascension_mode":true,"campfire_choices":[{"floor":6,"key":"REST"},{"floor":15,"key":"REST"}],"circlet_count":0,"master_deck":["AscendersBane","Strike_B","Strike_B","Strike_B","Strike_B","Defend_B","Defend_B","Defend_B","Defend_B","Zap","Dualcast","Ball Lightning","Doubt","Hologram","Cold Snap","Redo","Skim","Melter","Leap","Compile Driver"],"relics":["Cracked Core","Golden Idol","TungstenRod","MealTicket","Akabeko","Pear","Dream Catcher"],"acts_visited":["Exordium"],"potions_floor_usage":[],"damage_taken":[{"damage":29,"enemies":"Jaw Worm","floor":1,"turns":4},{"damage":2,"enemies":"2 Louse","floor":4,"turns":2},{"damage":27,"enemies":"3 Sentries","floor":7,"turns":7},{"damage":0,"enemies":"Cultist","floor":10,"turns":3},{"damage":23,"enemies":"Lagavulin","floor":12,"turns":7},{"damage":0,"enemies":"Blue Slaver","floor":14,"turns":3},{"damage":0,"enemies":"Hexaghost","floor":16,"turns":1}],"seed_played":"-1893817751431009942","potions_obtained":[{"floor":1,"key":"FairyPotion"},{"floor":10,"key":"EssenceOfDarkness"}],"is_trial":true,"path_per_floor":["M","?","?","M","T","R","E","?","T","M","$","E","$","M","R","B"],"character_chosen":"DEFECT","items_purchased":["Pear","Skim","Leap"],"campfire_rested":2,"item_purchase_floors":[11,11,13],"current_hp_per_floor":[35,35,35,33,33,52,25,25,25,25,50,27,42,42,64,64,64],"gold":23,"neow_bonus":"","is_daily":false,"chose_seed":true,"campfire_upgraded":0,"win_rate":0.0,"timestamp":1609813003,"path_taken":["M","?","?","M","?","R","E","?","T","M","$","E","$","M","R","BOSS"],"items_purchased_type":["Relic","Card","Card"],"build_version":"2020-12-22","purchased_purges":0,"victory":false,"max_hp_per_floor":[71,71,64,64,64,64,64,64,64,64,74,74,74,74,74,74,74],"card_choices":[{"not_picked":["Sunder","Stack"],"picked":"Ball Lightning","floor":1},{"not_picked":["Leap","Undo"],"picked":"Hologram","floor":4},{"not_picked":["Capacitor","Fusion"],"picked":"Cold Snap","floor":7},{"not_picked":["Reprogram","Go for the Eyes"],"picked":"Redo","floor":10},{"not_picked":["Sweeping Beam","Scrape"],"picked":"Melter","floor":12},{"not_picked":["Double Energy","Gash","Static Discharge"],"picked":"SKIP","floor":14},{"not_picked":["Hyperbeam","Steam"],"picked":"Compile Driver","floor":15}],"player_experience":385393,"relics_obtained":[{"floor":5,"key":"TungstenRod"},{"floor":7,"key":"MealTicket"},{"floor":9,"key":"Akabeko"},{"floor":12,"key":"Dream Catcher"}],"event_choices":[{"damage_healed":0,"gold_gain":150,"player_choice":"AGREE","damage_taken":0,"max_hp_gain":0,"max_hp_loss":0,"event_name":"Liars Game","floor":2,"gold_loss":0,"cards_obtained":["Doubt"]},{"damage_healed":0,"gold_gain":0,"player_choice":"Lose Max HP","damage_taken":0,"relics_obtained":["Golden Idol"],"max_hp_gain":0,"max_hp_loss":7,"event_name":"Golden Idol","floor":3,"gold_loss":0},{"damage_healed":0,"gold_gain":0,"player_choice":"0 cards matched","damage_taken":0,"max_hp_gain":0,"max_hp_loss":0,"event_name":"Match and Keep!","floor":8,"gold_loss":0,"cards_obtained":[]}],"is_beta":false,"boss_relics":[],"items_purged_floors":[],"is_endless":false,"potions_floor_spawned":[1,10],"killed_by":"Hexaghost","ascension_level":20}}