{"host":"vsdszi3rnxsdp24p","time":1609864691,"event":{"mods":["AchievementEnabler","BaseMod","Bestiary","Colored Map","Colored Powertips","Curses Come First","DeckTracker","Hermit","Highlight Path","Minty Spire (QoL Compilation)","Quick Restart","Relic Sorter","Relic Stats","StSLib","SuperFastMode","Synergy Search","The Cursed","The Mystic"],"gold_per_floor":[112,387,404,6,23,23,23,23,23,53,53,72,72,89,89,188,188,199,114,314,324,11,11,36,36,36,36,36,36],"floor_reached":28,"playtime":826,"items_purged":["Defend_B"],"score":249,"play_id":"18060691-344a-47ec-8352-e49c7b80df7c","local_time":"20210105173811","is_ascension_mode":false,"campfire_choices":[{"data":"Rainbow","floor":6,"key":"SMITH"},{"data":"Defragment","floor":8,"key":"SMITH"},{"data":"Capacitor","floor":13,"key":"SMITH"},{"floor":15,"key":"REST"},{"data":"Defragment","floor":23,"key":"SMITH"},{"floor":25,"key":"REST"}],"circlet_count":0,"master_deck":["Strike_B","Strike_B","Strike_B","Strike_B","Defend_B","Defend_B","Defend_B","Zap","Dualcast","Ball Lightning","Defragment+1","Rainbow+1","Rebound","Leap","Multi-Cast","Capacitor+1","White Noise","Amplify","Turbo","Leap","Conserve Battery","Defragment+1","Lockon","Redo"],"relics":["Cracked Core","NeowsBlessing","Happy Flower","Mango","Odd Mushroom","Inserter","Ginger","Gremlin Horn","White Beast Statue"],"acts_visited":["Exordium","TheCity"],"potions_floor_usage":[14,16,18,18,24,24],"damage_taken":[{"damage":0,"enemies":"Small Slimes","floor":1,"turns":1},{"damage":0,"enemies":"Cultist","floor":3,"turns":1},{"damage":0,"enemies":"Jaw Worm","floor":5,"turns":1},{"damage":15,"enemies":"The Mushroom Lair","floor":10,"turns":4},{"damage":12,"enemies":"Large Slime","floor":12,"turns":5},{"damage":15,"enemies":"Blue Slaver","floor":14,"turns":4},{"damage":27,"enemies":"Hexaghost","floor":16,"turns":6},{"damage":29,"enemies":"Shell Parasite","floor":18,"turns":7},{"damage":0,"enemies":"Chosen","floor":21,"turns":5},{"damage":49,"enemies":"Gremlin Leader","floor":24,"turns":6},{"damage":28,"enemies":"Sentry and Sphere","floor":28,"turns":3}],"seed_played":"6713800407936627541","potions_obtained":[{"floor":3,"key":"BlessingOfTheForge"},{"floor":5,"key":"Swift Potion"},{"floor":12,"key":"EssenceOfDarkness"},{"floor":14,"key":"SneckoOil"},{"floor":18,"key":"Energy Potion"}],"is_trial":false,"path_per_floor":["M","?","M","$","M","R","$","R","T","?","?","M","R","M","R","B",null,"M","?","?","M","$","R","E","R","T","?","M"],"character_chosen":"DEFECT","items_purchased":["Defragment","Rainbow","Happy Flower","Rebound","Conserve Battery","Defragment","Lockon","FocusPotion"],"campfire_rested":2,"item_purchase_floors":[4,4,4,4,22,22,22,22],"current_hp_per_floor":[75,75,75,75,75,75,75,75,89,74,67,55,55,40,66,39,89,60,60,60,60,60,60,11,37,37,20,0,0],"gold":36,"neow_bonus":"THREE_ENEMY_KILL","is_daily":false,"chose_seed":false,"campfire_upgraded":4,"win_rate":0.0,"timestamp":1609864691,"path_taken":["M","?","M","$","M","R","?","R","T","?","?","?","R","M","R","BOSS","M","?","?","?","$","R","E","R","T","?","M"],"items_purchased_type":["Card","Card","Relic","Card","Card","Card","Card","Potion"],"build_version":"2020-12-22","purchased_purges":1,"victory":false,"max_hp_per_floor":[75,75,75,75,75,75,75,75,89,89,89,89,89,89,89,89,89,89,89,89,89,89,89,89,89,89,94,94,94],"relic_stats":{"Inserter":[8],"Happy Flower":[13],"Gremlin Horn":[0,0],"counters":[11,43],"Ginger":[5],"obtain_stats":[{"Inserter":17,"NeowsBlessing":0,"Happy Flower":4,"Gremlin Horn":24,"Mango":9,"Ginger":19,"Odd Mushroom":10,"Cracked Core":0,"White Beast Statue":26},{"Inserter":7,"NeowsBlessing":0,"Happy Flower":2,"Gremlin Horn":10,"Mango":3,"Ginger":8,"Odd Mushroom":4,"Cracked Core":0,"White Beast Statue":10},{"Inserter":22,"NeowsBlessing":0,"Happy Flower":2,"Gremlin Horn":40,"Mango":3,"Ginger":29,"Odd Mushroom":7,"Cracked Core":0,"White Beast Statue":40}]},"card_choices":[{"not_picked":["Streamline","Conserve Battery"],"picked":"Ball Lightning","floor":1},{"not_picked":["Sweeping Beam","Stack","Streamline"],"picked":"SKIP","floor":3},{"not_picked":["Gash","Barrage"],"picked":"Leap","floor":5},{"not_picked":["Gash","Melter"],"picked":"Multi-Cast","floor":10},{"not_picked":["Go for the Eyes","Gash"],"picked":"Capacitor","floor":12},{"not_picked":["Rebound","Lockon"],"picked":"White Noise","floor":14},{"not_picked":["Seek","Biased Cognition"],"picked":"Amplify","floor":16},{"not_picked":["Stack","Compile Driver"],"picked":"Turbo","floor":18},{"not_picked":["Auto Shields","Rebound"],"picked":"Leap","floor":21},{"not_picked":["Multi-Cast","Compile Driver"],"picked":"Redo","floor":24}],"player_experience":139204,"relics_obtained":[{"floor":9,"key":"Mango"},{"floor":10,"key":"Odd Mushroom"},{"floor":24,"key":"Gremlin Horn"},{"floor":26,"key":"White Beast Statue"}],"event_choices":[{"damage_healed":0,"gold_gain":275,"player_choice":"Desecrate","damage_taken":0,"max_hp_gain":0,"max_hp_loss":0,"event_name":"Golden Shrine","floor":2,"gold_loss":0,"cards_obtained":["Regret"]},{"damage_healed":0,"gold_gain":0,"player_choice":"Fought Mushrooms","damage_taken":0,"max_hp_gain":0,"max_hp_loss":0,"event_name":"Mushrooms","floor":10,"gold_loss":0},{"cards_removed":["Regret"],"damage_healed":0,"gold_gain":0,"player_choice":"Card Removal","damage_taken":7,"max_hp_gain":0,"max_hp_loss":0,"event_name":"Golden Wing","floor":11,"gold_loss":0},{"damage_healed":0,"gold_gain":0,"player_choice":"Obtained Relic","damage_taken":0,"relics_obtained":["Ginger"],"max_hp_gain":0,"max_hp_loss":0,"event_name":"Addict","floor":19,"gold_loss":85},{"damage_healed":0,"gold_gain":250,"player_choice":"Bet on Owner","damage_taken":0,"max_hp_gain":0,"max_hp_loss":0,"event_name":"The Joust","floor":20,"gold_loss":50},{"damage_healed":0,"gold_gain":0,"player_choice":"Shed Blood","damage_taken":22,"max_hp_gain":5,"max_hp_loss":0,"event_name":"Forgotten Altar","floor":27,"gold_loss":0}],"is_beta":false,"boss_relics":[{"not_picked":["Cursed Key","Velvet Choker"],"picked":"Inserter"}],"items_purged_floors":[22],"is_endless":false,"potions_floor_spawned":[3,5,12,14,18],"killed_by":"Sentry and Sphere","ascension_level":0}}