{"host":"50per11302020","time":1609822406,"event":{"mods":["AchievementEnabler","BaseMod","Colored Map","Minty Spire (QoL Compilation)","Relic Stats","StSLib"],"gold_per_floor":[115,65,84,95,111,111,143,143,167,177,177,197,197,180,180,276,276,294,312,35,35,46,77,87,87,87,87,115,115,115,130,130,232,232,242,242,261,14,24,51,51,70,70,70,95,112,112,72,72,72],"floor_reached":51,"playtime":4134,"items_purged":[],"score":911,"play_id":"eb0a03b1-e401-45e7-b89d-2d9c56ce7f14","local_time":"20210104205326","is_ascension_mode":true,"campfire_choices":[{"data":"Bash","floor":6.0,"key":"SMITH"},{"floor":8.0,"key":"REST"},{"data":"Armaments","floor":13.0,"key":"SMITH"},{"data":"Flame Barrier","floor":15.0,"key":"SMITH"},{"data":"Armaments","floor":25.0,"key":"SMITH"},{"floor":27.0,"key":"REST"},{"data":"Dual Wield","floor":32.0,"key":"SMITH"},{"data":"Armaments","floor":41.0,"key":"SMITH"},{"data":"Barricade","floor":44,"key":"SMITH"},{"data":"Sadistic Nature","floor":47,"key":"SMITH"},{"data":"Brutality","floor":49,"key":"SMITH"}],"circlet_count":0,"master_deck":["Strike_R","Strike_R","Strike_R","Strike_R","Strike_R","Defend_R","Defend_R","Defend_R","Bash+1","Rage","Dual Wield+1","Cleave","Double Tap","Armaments+1","Flame Barrier+1","Impervious","Thunderclap+1","Metallicize","Metallicize","Sadistic Nature","Armaments+1","Ghostly","Ghostly","Ghostly","Ghostly","Ghostly","Burning Pact","Brutality+1","Thunderclap","Dropkick","Sadistic Nature+1","Headbutt","Barricade+1","Flame Barrier+1","Headbutt","Sadistic Nature","Armaments+1","Body Slam","Cleave+1","Thunderclap","Spot Weakness+1","Metallicize+1"],"relics":["Burning Blood","Unceasing Top","Pen Nib","Oddly Smooth Stone","FaceOfCleric","SlaversCollar","Anchor","Pantograph","Paper Frog","Velvet Choker","Bag of Marbles","Kunai","Juzu Bracelet"],"acts_visited":["Exordium","TheCity","TheBeyond"],"potions_floor_usage":[45],"damage_taken":[{"damage":10.0,"enemies":"Small Slimes","floor":1.0,"turns":4.0},{"damage":4.0,"enemies":"2 Louse","floor":3.0,"turns":3.0},{"damage":0.0,"enemies":"Cultist","floor":4.0,"turns":3.0},{"damage":17.0,"enemies":"Red Slaver","floor":5.0,"turns":4.0},{"damage":55.0,"enemies":"3 Sentries","floor":7.0,"turns":9.0},{"damage":7.0,"enemies":"Looter","floor":10.0,"turns":4.0},{"damage":6.0,"enemies":"3 Louse","floor":12.0,"turns":2.0},{"damage":16.0,"enemies":"Exordium Thugs","floor":14.0,"turns":4.0},{"damage":11.0,"enemies":"Hexaghost","floor":16.0,"turns":10.0},{"damage":6.0,"enemies":"3 Byrds","floor":18.0,"turns":6.0},{"damage":10.0,"enemies":"2 Thieves","floor":19.0,"turns":4.0},{"damage":20.0,"enemies":"Snake Plant","floor":22.0,"turns":8.0},{"damage":19.0,"enemies":"Book of Stabbing","floor":23.0,"turns":8.0},{"damage":8.0,"enemies":"Centurion and Healer","floor":24.0,"turns":7.0},{"damage":2.0,"enemies":"Gremlin Leader","floor":28.0,"turns":6.0},{"damage":1.0,"enemies":"3 Cultists","floor":31.0,"turns":2.0},{"damage":34.0,"enemies":"Automaton","floor":33.0,"turns":11.0},{"damage":0.0,"enemies":"3 Shapes","floor":35.0,"turns":9.0},{"damage":6.0,"enemies":"3 Darklings","floor":37.0,"turns":7.0},{"damage":26.0,"enemies":"Maw","floor":39.0,"turns":10.0},{"damage":5.0,"enemies":"Nemesis","floor":40.0,"turns":9.0},{"damage":6,"enemies":"Jaw Worm Horde","floor":42,"turns":2},{"damage":2,"enemies":"Reptomancer","floor":45,"turns":6},{"damage":20,"enemies":"3 Darklings","floor":46,"turns":7},{"damage":40,"enemies":"Donu and Deca","floor":50,"turns":11}],"seed_played":"-4948287853158867206","potions_obtained":[{"floor":1.0,"key":"SpeedPotion"},{"floor":4.0,"key":"BloodPotion"},{"floor":12.0,"key":"AttackPotion"},{"floor":14.0,"key":"Weak Potion"},{"floor":16.0,"key":"Energy Potion"},{"floor":23.0,"key":"Strength Potion"},{"floor":24.0,"key":"SkillPotion"},{"floor":28.0,"key":"DistilledChaos"},{"floor":33.0,"key":"ElixirPotion"},{"floor":45,"key":"FairyPotion"},{"floor":46,"key":"FearPotion"},{"floor":48,"key":"Swift Potion"}],"is_trial":false,"path_per_floor":["M","?","M","M","M","R","E","R","T","M","?","M","R","M","R","B",null,"M","M","$","?","M","E","M","R","T","R","E","?","?","M","R","B",null,"M","?","M","$","M","E","R","M","T","R","E","M","R","?","R","B",null],"character_chosen":"IRONCLAD","items_purchased":["Metallicize","Sadistic Nature","Armaments","Sadistic Nature","Armaments"],"campfire_rested":2,"item_purchase_floors":[20,20,20,38,38],"current_hp_per_floor":[68,68,70,72,61,61,26,47,47,46,46,47,47,38,38,34,75,76,73,73,38,25,13,12,12,12,24,29,23,23,29,29,21,49,50,50,51,51,32,34,34,35,35,35,40,27,27,27,27,19],"gold":72,"neow_bonus":"ONE_RARE_RELIC","is_daily":false,"chose_seed":false,"campfire_upgraded":9,"win_rate":0.0,"timestamp":1609822406,"path_taken":["M","?","M","M","M","R","E","R","T","M","?","M","R","M","R","BOSS","M","?","?","?","M","E","M","R","T","R","E","?","?","M","R","BOSS","M","?","M","$","?","E","R","M","T","R","E","M","R","?","R","BOSS"],"items_purchased_type":["Card","Card","Card","Card","Card"],"build_version":"2020-12-18","purchased_purges":0,"victory":true,"max_hp_per_floor":[72,72,72,72,72,72,72,72,72,72,72,73,73,74,74,75,75,76,77,77,38,39,40,41,41,41,41,42,47,47,48,48,49,49,50,50,51,51,52,53,53,54,54,54,55,56,56,56,56,57],"relic_stats":{"FaceOfCleric":19,"counters":[25,156],"Pantograph":44,"Pen Nib":[21],"Juzu Bracelet":0,"Kunai":[8],"obtain_stats":[{"Oddly Smooth Stone":9,"Velvet Choker":34,"Pen Nib":7,"Juzu Bracelet":45,"Burning Blood":0,"SlaversCollar":17,"Anchor":23,"FaceOfCleric":11,"Pantograph":26,"Bag of Marbles":40,"Kunai":43,"Unceasing Top":0,"Paper Frog":28},{"Oddly Smooth Stone":5,"Velvet Choker":17,"Pen Nib":5,"Juzu Bracelet":23,"Burning Blood":0,"SlaversCollar":9,"Anchor":13,"FaceOfCleric":6,"Pantograph":14,"Bag of Marbles":21,"Kunai":22,"Unceasing Top":0,"Paper Frog":15},{"Oddly Smooth Stone":23,"Velvet Choker":95,"Pen Nib":23,"Juzu Bracelet":138,"Burning Blood":0,"SlaversCollar":43,"Anchor":69,"FaceOfCleric":27,"Pantograph":76,"Bag of Marbles":130,"Kunai":132,"Unceasing Top":0,"Paper Frog":82}],"Burning Blood":140,"Unceasing Top":[11]},"card_choices":[{"not_picked":["Sever Soul","Twin Strike","Perfected Strike"],"picked":"SKIP","floor":1.0},{"not_picked":["Twin Strike","Cleave"],"picked":"Rage","floor":3.0},{"not_picked":["Body Slam","Shrug It Off"],"picked":"Dual Wield","floor":4.0},{"not_picked":["Perfected Strike","Armaments"],"picked":"Cleave","floor":5.0},{"not_picked":["Wild Strike","Pommel Strike"],"picked":"Double Tap","floor":7.0},{"not_picked":["Whirlwind","Pommel Strike"],"picked":"Armaments","floor":10.0},{"not_picked":["Wild Strike","Sword Boomerang","Carnage"],"picked":"SKIP","floor":12.0},{"not_picked":["Armaments","Reckless Charge"],"picked":"Flame Barrier","floor":14.0},{"not_picked":["Corruption","Double Tap"],"picked":"Impervious","floor":16.0},{"not_picked":["Armaments","Fire Breathing"],"picked":"Thunderclap+1","floor":18.0},{"not_picked":["Anger+1","Iron Wave"],"picked":"Metallicize","floor":19.0},{"not_picked":["Intimidate","Second Wind"],"picked":"Burning Pact","floor":22.0},{"not_picked":["Blood for Blood","Intimidate"],"picked":"Brutality","floor":23.0},{"not_picked":["Flex","Warcry"],"picked":"Thunderclap","floor":24.0},{"not_picked":["Entrench+1","Burning Pact"],"picked":"Dropkick","floor":28.0},{"not_picked":["Clash","Body Slam"],"picked":"Headbutt","floor":31.0},{"not_picked":["Offering","Limit Break"],"picked":"Barricade","floor":33.0},{"not_picked":["Ghostly Armor","Fire Breathing"],"picked":"Flame Barrier+1","floor":35.0},{"not_picked":["Burning Pact","Iron Wave"],"picked":"Headbutt","floor":37.0},{"not_picked":["Fire Breathing+1","Clothesline+1"],"picked":"Body Slam","floor":39.0},{"not_picked":["Headbutt","Infernal Blade+1"],"picked":"Cleave+1","floor":40.0},{"not_picked":["Rage+1","Flex+1"],"picked":"Thunderclap","floor":42},{"not_picked":["Seeing Red","Carnage+1"],"picked":"Spot Weakness+1","floor":45},{"not_picked":["Sword Boomerang","Limit Break"],"picked":"Metallicize+1","floor":46}],"player_experience":81392,"relics_obtained":[{"floor":7.0,"key":"Pen Nib"},{"floor":9.0,"key":"Oddly Smooth Stone"},{"floor":23.0,"key":"Anchor"},{"floor":26.0,"key":"Pantograph"},{"floor":28.0,"key":"Paper Frog"},{"floor":40.0,"key":"Bag of Marbles"},{"floor":43,"key":"Kunai"},{"floor":45,"key":"Juzu Bracelet"}],"event_choices":[{"cards_removed":["Defend_R"],"damage_healed":0.0,"max_hp_gain":0.0,"max_hp_loss":0.0,"gold_gain":0.0,"event_name":"The Cleric","player_choice":"Card Removal","floor":2.0,"gold_loss":50.0,"damage_taken":0.0},{"damage_healed":0.0,"max_hp_gain":0.0,"max_hp_loss":0.0,"gold_gain":0.0,"event_name":"FaceTrader","player_choice":"Trade","floor":11.0,"gold_loss":0.0,"damage_taken":0.0,"relics_obtained":["FaceOfCleric"]},{"damage_healed":0.0,"max_hp_gain":0.0,"max_hp_loss":39.0,"gold_gain":0.0,"event_name":"Ghosts","player_choice":"Became a Ghost","floor":21.0,"gold_loss":0.0,"damage_taken":0.0,"cards_obtained":["Ghostly","Ghostly","Ghostly","Ghostly","Ghostly"]},{"damage_healed":0.0,"max_hp_gain":5.0,"max_hp_loss":0.0,"gold_gain":0.0,"event_name":"Forgotten Altar","player_choice":"Shed Blood","floor":29.0,"gold_loss":0.0,"damage_taken":11.0},{"damage_healed":0.0,"max_hp_gain":0.0,"max_hp_loss":0.0,"gold_gain":0.0,"event_name":"Duplicator","player_choice":"Copied","floor":30.0,"gold_loss":0.0,"damage_taken":0.0,"cards_obtained":["Sadistic Nature"]},{"damage_healed":0.0,"max_hp_gain":0.0,"max_hp_loss":0.0,"gold_gain":0.0,"event_name":"SecretPortal","player_choice":"Ignored","floor":36.0,"gold_loss":0.0,"damage_taken":0.0},{"damage_healed":0,"gold_gain":0,"player_choice":"Bought 3 Potions","damage_taken":0,"max_hp_gain":0,"max_hp_loss":0,"event_name":"The Woman in Blue","floor":48,"gold_loss":0}],"is_beta":true,"boss_relics":[{"not_picked":["Empty Cage","Mark of Pain"],"picked":"SlaversCollar"},{"not_picked":["SacredBark","Runic Pyramid"],"picked":"Velvet Choker"}],"items_purged_floors":[],"is_endless":false,"potions_floor_spawned":[1,4,12,14,16,18,23,24,28,33,45,46],"ascension_level":3}}