{"host":"5wznv0010959mrmz","time":1609818380,"event":{"mods":["BaseMod","Highlight Path","Minty Spire (QoL Compilation)","Relic Stats"],"gold_per_floor":[19,19,31,41,53,53,87,102,125,151,151,161,161,180,180,255,255,273,198,112,112,112,112,112,112],"floor_reached":24,"playtime":750,"items_purged":[],"score":462,"play_id":"9024818a-1a33-41ec-87e0-a86a0f2cc6fa","local_time":"20210104214620","is_ascension_mode":true,"campfire_choices":[{"data":"Unload","floor":6,"key":"SMITH"},{"data":"Burst","floor":11,"key":"SMITH"},{"floor":15,"key":"REST"},{"data":"Adrenaline","floor":23,"key":"SMITH"}],"circlet_count":0,"master_deck":["AscendersBane","Survivor","Neutralize","Unload","Unload+1","Deadly Poison","Neutralize","Burst+1","Eviscerate","Venomology","Heel Hook","Sucker Punch","Terror","Adrenaline+1","Accuracy","Burst","Escape Plan","Blade Dance","Dagger Spray","Catalyst","Storm of Steel"],"relics":["Ring of the Snake","Lantern","Bag of Preparation","Boot","Omamori","Pandora\u0027s Box","Nilry\u0027s Codex"],"acts_visited":["Exordium","TheCity"],"potions_floor_usage":[10,14,16,16,16,18,24],"damage_taken":[{"damage":0,"enemies":"2 Louse","floor":1,"turns":2},{"damage":0,"enemies":"Cultist","floor":3,"turns":3},{"damage":1,"enemies":"Small Slimes","floor":4,"turns":3},{"damage":1,"enemies":"Blue Slaver","floor":5,"turns":3},{"damage":22,"enemies":"Lagavulin","floor":7,"turns":4},{"damage":6,"enemies":"3 Louse","floor":8,"turns":2},{"damage":0,"enemies":"Gremlin Nob","floor":10,"turns":2},{"damage":0,"enemies":"2 Fungi Beasts","floor":12,"turns":2},{"damage":2,"enemies":"Lots of Slimes","floor":14,"turns":4},{"damage":26,"enemies":"The Guardian","floor":16,"turns":10},{"damage":0,"enemies":"Spheric Guardian","floor":18,"turns":2},{"damage":0,"enemies":"3 Byrds","floor":24,"turns":2}],"seed_played":"-4923016345683502939","potions_obtained":[{"floor":4,"key":"Energy Potion"},{"floor":5,"key":"Energy Potion"},{"floor":7,"key":"Explosive Potion"},{"floor":8,"key":"GhostInAJar"},{"floor":16,"key":"DistilledChaos"}],"is_trial":false,"path_per_floor":["M","?","M","M","M","R","E","M","T","E","R","M","?","M","R","B",null,"M","?","$","?","?","R","M"],"character_chosen":"THE_SILENT","items_purchased":["DistilledChaos"],"campfire_rested":1,"item_purchase_floors":[20],"current_hp_per_floor":[59,59,59,58,57,57,35,29,29,29,29,29,11,9,28,2,50,50,50,50,50,29,29,29,29],"gold":112,"neow_bonus":"TRANSFORM_TWO_CARDS","is_daily":false,"chose_seed":false,"campfire_upgraded":3,"win_rate":0.0,"timestamp":1609818380,"path_taken":["M","?","M","M","M","R","E","M","T","E","R","?","?","M","R","BOSS","M","?","$","?","?","R","M"],"items_purchased_type":["Potion"],"build_version":"2020-12-22","purchased_purges":0,"victory":false,"max_hp_per_floor":[66,66,66,66,66,66,66,66,66,66,66,66,66,66,66,66,66,66,66,66,66,66,66,66,66],"relic_stats":{"counters":[12,39],"Pandora\u0027s Box":["Distraction","Accuracy","Burst","Escape Plan","Blade Dance","Unload","Choke","Dagger Spray"],"Bag of Preparation":[12],"Boot":[54],"obtain_stats":[{"Lantern":7,"Nilry\u0027s Codex":22,"Pandora\u0027s Box":17,"Bag of Preparation":9,"Omamori":13,"Boot":10,"Ring of the Snake":0},{"Lantern":5,"Nilry\u0027s Codex":11,"Pandora\u0027s Box":10,"Bag of Preparation":6,"Omamori":8,"Boot":7,"Ring of the Snake":0},{"Lantern":15,"Nilry\u0027s Codex":37,"Pandora\u0027s Box":35,"Bag of Preparation":17,"Omamori":21,"Boot":19,"Ring of the Snake":0}],"Ring of the Snake":[24]},"card_choices":[{"not_picked":["Prepared","Escape Plan"],"picked":"Deadly Poison","floor":1},{"not_picked":["Prepared","Expertise"],"picked":"Eviscerate","floor":3},{"not_picked":["Deflect","Outmaneuver","Riddle With Holes"],"picked":"SKIP","floor":4},{"not_picked":["Dodge and Roll","PiercingWail","Choke"],"picked":"SKIP","floor":5},{"not_picked":["Dodge and Roll","Bane"],"picked":"Venomology","floor":7},{"not_picked":["Quick Slash","PiercingWail","Skewer"],"picked":"SKIP","floor":8},{"not_picked":["Wraith Form v2","Sucker Punch"],"picked":"Heel Hook","floor":10},{"not_picked":["Masterful Stab","Finisher"],"picked":"Sucker Punch","floor":12},{"not_picked":["Calculated Gamble","Flechettes"],"picked":"Terror","floor":14},{"not_picked":["Doppelganger","Bullet Time"],"picked":"Adrenaline","floor":16},{"not_picked":["Dodge and Roll","Backflip","Setup"],"picked":"SKIP","floor":18}],"player_experience":405712,"relics_obtained":[{"floor":7,"key":"Lantern"},{"floor":9,"key":"Bag of Preparation"},{"floor":10,"key":"Boot"},{"floor":22,"key":"Nilry\u0027s Codex"}],"event_choices":[{"damage_healed":0,"gold_gain":0,"player_choice":"2 cards matched","damage_taken":0,"max_hp_gain":0,"max_hp_loss":0,"event_name":"Match and Keep!","floor":2,"gold_loss":0,"cards_obtained":["Neutralize","Burst"]},{"damage_healed":0,"gold_gain":0,"player_choice":"Success","damage_taken":18,"relics_obtained":["Omamori"],"max_hp_gain":0,"max_hp_loss":0,"event_name":"Scrap Ooze","floor":13,"gold_loss":0},{"cards_removed":["Choke"],"damage_healed":0,"gold_gain":0,"player_choice":"Gave Gold","damage_taken":0,"max_hp_gain":0,"max_hp_loss":0,"event_name":"Beggar","floor":19,"gold_loss":75},{"damage_healed":0,"gold_gain":0,"cards_transformed":["Distraction","Unload"],"player_choice":"Became Test Subject","damage_taken":0,"max_hp_gain":0,"max_hp_loss":0,"event_name":"Drug Dealer","floor":21,"gold_loss":0,"cards_obtained":["Catalyst","Storm of Steel"]},{"damage_healed":0,"gold_gain":0,"player_choice":"Obtained Book","damage_taken":21,"max_hp_gain":0,"max_hp_loss":0,"event_name":"Cursed Tome","floor":22,"gold_loss":0}],"is_beta":false,"boss_relics":[{"not_picked":["Velvet Choker","Fusion Hammer"],"picked":"Pandora\u0027s Box"}],"items_purged_floors":[],"is_endless":false,"potions_floor_spawned":[4,5,7,8,16],"killed_by":"3 Byrds","ascension_level":20}}