{"host":"whyfdmrq1ty0e9zp","time":1609851339,"event":{"mods":["Act Like it!","BaseMod","Colored Map","Colored Powertips","Conspire","Gensokyo","LagranYue(¿≠∏Ò¿ °§‘¬)","Marisa£®ÏF”Í°°ƒß¿Ì…≥£©","Minty Spire (QoL Compilation)","MostiFishMod","Prisma Mod","Quick Restart","Relic Stats","Remilia£®¿Ÿ√◊¿Ú—«£©","Replay The Spire","StSLib","TestMod","The Servant 0.9.4","Youmu£®ªÍ∆«—˝√Œ£©","vexMod","°æ“≈ŒÔø®≈∆°øREMEMod"],"gold_per_floor":[138,175,239,301,362,362,458,308,308,338,338,338,435,35,35,130,130,191,274,337,73,105,210,125,212,212,212,212,62,167,212,212,365,365,453,520,590,260,260,292,292,318,392,425,425,440,491,506,506,486,486,486,142,171,221],"floor_reached":56,"playtime":1513,"items_purged":["PrismaMod:MiyuCommonAttack","PrismaMod:MiyuCheapChannelAttack","PrismaMod:MiyuCommonAttack","PrismaMod:MiyuCheapChannelDefend","PrismaMod:MiyuCheapChannelWeak","PrismaMod:MiyuCommonAttack"],"score":2364,"play_id":"d341ed4a-538e-475e-98ee-aa618ef80b56","local_time":"20210105205539","is_ascension_mode":true,"campfire_choices":[{"data":"PrismaMod:MiyuEvokeBuffStr","floor":6.0,"key":"SMITH"},{"data":"PrismaMod:MiyuCommonAttack","floor":15.0,"key":"PURGE"},{"data":"PrismaMod:MiyuDefendChannelDefend","floor":27.0,"key":"SMITH"},{"floor":32.0,"key":"RECALL"},{"data":"PrismaMod:MiyuUncommonAttack","floor":45,"key":"SMITH"},{"data":"PrismaMod:MiyuAttackChannelAttack","floor":49,"key":"SMITH"},{"data":"PrismaMod:MiyuCheapChannelAttack","floor":52,"key":"SMITH"}],"circlet_count":0,"master_deck":["PrismaMod:MiyuCommonDefend","PrismaMod:MiyuCommonDefend","PrismaMod:MiyuCommonDefend","PrismaMod:MiyuCommonDefend","PrismaMod:MiyuCommonDefend","PrismaMod:MiyuCommonAttack","HandOfGreed","PrismaMod:MiyuCarnivalAttack","PrismaMod:MiyuEvokeBuffStr+1","PrismaMod:MiyuCheapChannelAttack+1","PrismaMod:MiyuCheapDefend1","PrismaMod:MiyuDevil","PrismaMod:MiyuUncommonAttack+1","PrismaMod:MiyuAttackChannelAttack+1","PrismaMod:MiyuCommonAOEAttack","PrismaMod:MiyuAttackChannelWeak+1","PrismaMod:MiyuAttackChannelVul","PrismaMod:MiyuEvokeAllAttack","PrismaMod:MiyuDefendChannelDefend+1","PrismaMod:MiyuCarnivalAttack+1","PrismaMod:MiyuUberAOEAttack+1","PrismaMod:MiyuCheapChannelRandom+1","PrismaMod:MiyuCarnivalAttack+1","PrismaMod:MiyuCheapEvoke+1","PrismaMod:MiyuBride"],"relics":["PrismaMod:PrismaSapphire","testmod-TestBox","DaveBox","REME_ComplimentaryCards","testmod-TimeTraveler","Civilization","LagranYue:RandomDrawCardRelic","NeowsBlessing","SynthV:TestCard","testmod-IndustrialRevolution","Counterbalance","conspire:DecoderRing","vexMod:Spyglass","ReplayTheSpireMod:TigerMarble","JellyFishMachine","Ice Cream","Strawberry","ShadowXiaoBlade","REME_OnlineShoppingPlatform","Durian","Gremlin Horn","testmod-FatalChain","InkBottle","testmod-CyclicPeriapt","Orrery","Art of War"],"acts_visited":["Exordium","TheCity","TheBeyond","TheEnding"],"potions_floor_usage":[50],"damage_taken":[{"damage":0.0,"enemies":"2 Louse","floor":1.0,"turns":2.0},{"damage":0.0,"enemies":"Jaw Worm","floor":2.0,"turns":2.0},{"damage":4.0,"enemies":"Cultist","floor":3.0,"turns":3.0},{"damage":0.0,"enemies":"Exordium Thugs","floor":4.0,"turns":3.0},{"damage":0.0,"enemies":"2 Fungi Beasts","floor":5.0,"turns":2.0},{"damage":0.0,"enemies":"Gremlin Nob","floor":7.0,"turns":2.0},{"damage":0.0,"enemies":"3 Louse","floor":10.0,"turns":1.0},{"damage":0.0,"enemies":"3 Sentries","floor":13.0,"turns":3.0},{"damage":6.0,"enemies":"The Guardian","floor":16.0,"turns":2.0},{"damage":0.0,"enemies":"Shell Parasite","floor":18.0,"turns":3.0},{"damage":0.0,"enemies":"3 Byrds","floor":19.0,"turns":3.0},{"damage":0.0,"enemies":"Snecko","floor":20.0,"turns":3.0},{"damage":0.0,"enemies":"Snake Plant","floor":22.0,"turns":2.0},{"damage":0.0,"enemies":"Book of Stabbing","floor":23.0,"turns":3.0},{"damage":0.0,"enemies":"Cultist and Chosen","floor":25.0,"turns":2.0},{"damage":0.0,"enemies":"Centurion and Healer","floor":30.0,"turns":7.0},{"damage":0.0,"enemies":"Gremlin Leader","floor":31.0,"turns":3.0},{"damage":0.0,"enemies":"Pondfish","floor":33.0,"turns":4.0},{"damage":6.0,"enemies":"3 Shapes","floor":35.0,"turns":3.0},{"damage":0.0,"enemies":"Orb Walker","floor":36.0,"turns":1.0},{"damage":0.0,"enemies":"Maw","floor":37.0,"turns":2.0},{"damage":5,"enemies":"Giant Head","floor":40,"turns":2},{"damage":0,"enemies":"Nemesis","floor":42,"turns":2},{"damage":0,"enemies":"Jaw Worm Horde","floor":44,"turns":1},{"damage":0,"enemies":"Sphere and 2 Shapes","floor":46,"turns":1},{"damage":0,"enemies":"Giant Head","floor":47,"turns":2},{"damage":0,"enemies":"4 Shapes","floor":48,"turns":1},{"damage":0,"enemies":"Time Eater","floor":50,"turns":2},{"damage":0,"enemies":"Shield and Spear","floor":54,"turns":1},{"damage":6,"enemies":"The Heart","floor":55,"turns":3}],"seed_played":"4264988714802679004","potions_obtained":[{"floor":5.0,"key":"ColorlessPotion"},{"floor":7.0,"key":"ColorlessPotion"},{"floor":13.0,"key":"REME_GoldPotion"},{"floor":16.0,"key":"BlessingOfTheForge"}],"is_trial":false,"path_per_floor":["M","M","M","M","M","R","E","$","T","M","?","?","E","$","R_BF","B",null,"M","M","M","$","M","E","?","M","T","R","?","$","M","E","R","B",null,"M","M","M","$","?","E","T","E","T","M","R","M","E","M","R","B",null,"R","$","E","B",null],"character_chosen":"MIYU","items_purchased":["PrismaMod:MiyuAttackChannelAttack","vexMod:Spyglass","ReplayTheSpireMod:TigerMarble","PrismaMod:MiyuDefendChannelDefend","REME_OnlineShoppingPlatform","Orrery"],"campfire_rested":0,"item_purchase_floors":[8,14,14,21,38,53],"current_hp_per_floor":[77,80,80,86,94,94,103,103,103,115,115,119,134,134,134,144,150,167,187,208,208,230,253,260,285,285,285,285,285,312,347,347,381,381,412,450,489,489,489,529,529,570,570,614,614,661,709,761,761,814,825,825,825,880,930],"gold":221,"neow_bonus":"THREE_ENEMY_KILL","is_daily":false,"chose_seed":false,"campfire_upgraded":5,"win_rate":0.0,"timestamp":1609851339,"path_taken":["M","M","M","M","M","R","E","$","T","M","?","?","E","$","R_BF","BOSS","M","?","M","$","M","E","?","?","T","R","?","$","M","E","R","BOSS","M","?","M","$","?","E","?","E","T","M","R","M","E","M","R","BOSS","R","$","E","BOSS"],"items_purchased_type":["Card","Relic","Relic","Card","Relic","Relic"],"build_version":"2020-12-22","purchased_purges":6,"victory":true,"max_hp_per_floor":[77,80,84,90,98,98,107,107,107,119,119,119,134,134,134,150,150,167,187,208,208,230,253,260,285,285,285,285,285,312,347,347,381,381,418,456,495,495,495,540,540,581,581,625,625,672,720,772,772,825,825,825,825,880,936],"relic_stats":{"Gremlin Horn":[3,3],"counters":[30,71],"Art of War":[0],"obtain_stats":[{"Ice Cream":23,"DaveBox":0,"LagranYue:RandomDrawCardRelic":0,"Gremlin Horn":41,"PrismaMod:PrismaSapphire":0,"vexMod:Spyglass":14,"Civilization":0,"conspire:DecoderRing":13,"Strawberry":24,"REME_OnlineShoppingPlatform":38,"InkBottle":43,"testmod-TestBox":0,"testmod-TimeTraveler":0,"NeowsBlessing":0,"JellyFishMachine":17,"Counterbalance":9,"testmod-FatalChain":42,"vexMod:BerryBomb":31,"ShadowXiaoBlade":34,"testmod-CyclicPeriapt":47,"testmod-IndustrialRevolution":7,"SynthV:TestCard":1,"Orrery":53,"ReplayTheSpireMod:TigerMarble":14,"Durian":40,"Art of War":54,"REME_ComplimentaryCards":0},{"Ice Cream":14,"DaveBox":0,"LagranYue:RandomDrawCardRelic":0,"Gremlin Horn":22,"PrismaMod:PrismaSapphire":0,"vexMod:Spyglass":8,"Civilization":0,"conspire:DecoderRing":8,"Strawberry":14,"REME_OnlineShoppingPlatform":21,"InkBottle":23,"testmod-TestBox":0,"testmod-TimeTraveler":0,"NeowsBlessing":0,"JellyFishMachine":9,"Counterbalance":6,"testmod-FatalChain":23,"vexMod:BerryBomb":17,"ShadowXiaoBlade":18,"testmod-CyclicPeriapt":26,"testmod-IndustrialRevolution":6,"SynthV:TestCard":1,"Orrery":28,"ReplayTheSpireMod:TigerMarble":8,"Durian":22,"Art of War":29,"REME_ComplimentaryCards":0},{"Ice Cream":34,"DaveBox":0,"LagranYue:RandomDrawCardRelic":0,"Gremlin Horn":58,"PrismaMod:PrismaSapphire":0,"vexMod:Spyglass":18,"Civilization":0,"conspire:DecoderRing":18,"Strawberry":34,"REME_OnlineShoppingPlatform":56,"InkBottle":60,"testmod-TestBox":0,"testmod-TimeTraveler":0,"NeowsBlessing":0,"JellyFishMachine":20,"Counterbalance":14,"testmod-FatalChain":60,"vexMod:BerryBomb":46,"ShadowXiaoBlade":50,"testmod-CyclicPeriapt":64,"testmod-IndustrialRevolution":14,"SynthV:TestCard":2,"Orrery":67,"ReplayTheSpireMod:TigerMarble":18,"Durian":58,"Art of War":68,"REME_ComplimentaryCards":0}],"InkBottle":[3]},"card_choices":[{"not_picked":["PrismaMod:MiyuCheapAttack1","PrismaMod:MiyuUncommonStrBuff"],"picked":"PrismaMod:MiyuCarnivalAttack","floor":1.0},{"not_picked":["PrismaMod:MiyuCheapDefend1","PrismaMod:MiyuCheapChannelVul","PrismaMod:MiyuCheapChannelWeak","PrismaMod:MiyuCheapEvoke"],"picked":"PrismaMod:MiyuEvokeBuffStr","floor":2.0},{"not_picked":["PrismaMod:MiyuEvokeCheapAttack","PrismaMod:MiyuCheapChannelWeak","PrismaMod:MiyuUncommonStrBuff","PrismaMod:MiyuEvokeBuffDex"],"picked":"PrismaMod:MiyuCheapChannelAttack","floor":3.0},{"not_picked":["PrismaMod:MiyuCheapChannelWeak","PrismaMod:MiyuCheapEvoke","PrismaMod:MiyuCheapAttack2","PrismaMod:MiyuEvokeCheapAttack"],"picked":"PrismaMod:MiyuCheapDefend1","floor":4.0},{"not_picked":["PrismaMod:MiyuUberAOEAttack","PrismaMod:MiyuUncommonDexBuff","PrismaMod:MiyuUncommonDefend","PrismaMod:MiyuEvokeBuffDex"],"picked":"PrismaMod:MiyuDevil","floor":5.0},{"not_picked":["PrismaMod:MiyuChristmas","PrismaMod:MiyuDefenseAbsorbMinor","PrismaMod:MiyuCarnivalAttack","PrismaMod:MiyuCheapDefend1"],"picked":"PrismaMod:MiyuUncommonAttack","floor":7.0},{"not_picked":["PrismaMod:MiyuCheapPlate","PrismaMod:MiyuCheapAttack2","PrismaMod:MiyuCheapChannelDefend","PrismaMod:MiyuCarnivalAttack"],"picked":"PrismaMod:MiyuCommonAOEAttack","floor":10.0},{"not_picked":["PrismaMod:MiyuEvokeBuffDex","PrismaMod:MiyuCheapPlate","PrismaMod:MiyuAttackChannelAttack","PrismaMod:MiyuCheapChannelDefend"],"picked":"PrismaMod:MiyuAttackChannelVul","floor":13.0},{"not_picked":["PrismaMod:MiyuEvokeAllDefend","PrismaMod:MiyuChannelAttackEvoke","PrismaMod:MiyuCheapDefend2","PrismaMod:MiyuUberDefend"],"picked":"PrismaMod:MiyuEvokeAllAttack","floor":16.0},{"not_picked":["PrismaMod:MiyuCheapChannelHeal","PrismaMod:MiyuCheapChannelRandom","PrismaMod:MiyuCheapChannelAttack","PrismaMod:MiyuCheapAttack1","PrismaMod:MiyuCheapChannelWeak+1"],"picked":"SKIP","floor":18.0},{"not_picked":["PrismaMod:MiyuCommonAOEAttack","PrismaMod:MiyuDefenseExplosion","PrismaMod:MiyuUncommonAttack","PrismaMod:MiyuUncommonDexBuff+1","PrismaMod:MiyuCheapChannelWeak"],"picked":"SKIP","floor":19.0},{"not_picked":["PrismaMod:MiyuEvokeAll","PrismaMod:MiyuCheapStrBuff","PrismaMod:MiyuCheapChannelAttack+1","PrismaMod:MiyuCheapChannelWeak","PrismaMod:MiyuCheapPlate"],"picked":"SKIP","floor":20.0},{"not_picked":["PrismaMod:MiyuAttackChannelWeak","PrismaMod:MiyuCheapDefend1","PrismaMod:MiyuCheapPlate+1","PrismaMod:MiyuDefenseExplosion+1","PrismaMod:MiyuEvokeAllDefend"],"picked":"SKIP","floor":22.0},{"not_picked":["PrismaMod:MiyuCheapChannelWeak","PrismaMod:MiyuDefenseExplosion+1","PrismaMod:MiyuCheapChannelHeal","PrismaMod:MiyuEvokeBuffDex","PrismaMod:MiyuCheapAttack2"],"picked":"SKIP","floor":23.0},{"not_picked":["PrismaMod:MiyuUncommonDexBuff","PrismaMod:MiyuMaid","PrismaMod:MiyuEvokeBuffDex+1","PrismaMod:MiyuUncommonAttack"],"picked":"PrismaMod:MiyuCheapChannelDefend","floor":25.0},{"not_picked":["PrismaMod:MiyuCheapAttack1","PrismaMod:MiyuEvokeCheapAttack","PrismaMod:MiyuCheapChannelHeal","PrismaMod:MiyuCheapChannelRandom"],"picked":"PrismaMod:MiyuCarnivalAttack+1","floor":30.0},{"not_picked":["PrismaMod:MiyuAttackChannelWeak","PrismaMod:MiyuUncommonPlate+1","PrismaMod:MiyuCheapDexBuff+1","PrismaMod:MiyuUberAttack+1"],"picked":"PrismaMod:MiyuUberAOEAttack+1","floor":31.0},{"not_picked":["PrismaMod:MiyuCheapEvoke+1","PrismaMod:MiyuEvokeBuffDex","PrismaMod:MiyuUberAOEAttack+1","PrismaMod:MiyuCheapDexBuff+1","PrismaMod:MiyuCarnivalAttack"],"picked":"SKIP","floor":35.0},{"not_picked":["PrismaMod:MiyuUncommonAOEAttack+1","PrismaMod:MiyuCheapPlate","PrismaMod:MiyuMaid","PrismaMod:MiyuUberAOEAttack+1","PrismaMod:MiyuCheapStrBuff+1"],"picked":"SKIP","floor":36.0},{"not_picked":["PrismaMod:MiyuCheapDexBuff","PrismaMod:MiyuDefenseRemoval+1","PrismaMod:MiyuMaid","PrismaMod:MiyuCheapStrBuff+1"],"picked":"PrismaMod:MiyuCheapChannelRandom+1","floor":37.0},{"not_picked":["PrismaMod:MiyuAttackChannelAttack+1","PrismaMod:MiyuAttackChannelWeak+1","PrismaMod:MiyuCheapChannelWeak","PrismaMod:MiyuCheapDefend2","PrismaMod:MiyuEvokeCheapAttack+1"],"picked":"SKIP","floor":40},{"not_picked":["PrismaMod:MiyuEvokeBuffDex+1","PrismaMod:MiyuEvokeCheapDefend","PrismaMod:MiyuEvokeAll","PrismaMod:MiyuCheapStrBuff+1","PrismaMod:MiyuCheapPlate+1"],"picked":"SKIP","floor":42},{"not_picked":["PrismaMod:MiyuAttackChannelVul","PrismaMod:MiyuCheapChannelVul+1","PrismaMod:MiyuEvokeBuffStr+1","PrismaMod:MiyuChristmas","PrismaMod:MiyuUncommonStrBuff"],"picked":"SKIP","floor":44},{"not_picked":["PrismaMod:MiyuCommonAOEAttack","PrismaMod:MiyuMaid","PrismaMod:MiyuCheapAttack2+1","PrismaMod:MiyuEvokeCheapAttack+1","PrismaMod:MiyuUncommonDefend"],"picked":"SKIP","floor":46},{"not_picked":["PrismaMod:MiyuUncommonPlate+1","PrismaMod:MiyuCheapChannelWeak+1","PrismaMod:MiyuCheapDexBuff+1","PrismaMod:MiyuDefendChannelDefend","PrismaMod:MiyuCheapPlate"],"picked":"SKIP","floor":47},{"not_picked":["PrismaMod:MiyuOrbIncreasePerm+1","PrismaMod:MiyuUncommonPlate+1","PrismaMod:MiyuMaid+1","PrismaMod:MiyuCheapPlate","PrismaMod:MiyuEvokeBuffDex+1"],"picked":"SKIP","floor":48},{"not_picked":["PrismaMod:MiyuAttackChannelWeak+1","PrismaMod:MiyuUncommonDexBuff+1","PrismaMod:MiyuUberAttack+1","PrismaMod:MiyuCheapChannelWeak+1"],"picked":"PrismaMod:MiyuCarnivalAttack+1","floor":53},{"not_picked":["PrismaMod:MiyuUncommonAttack+1","PrismaMod:MiyuUberAOEAttack+1","PrismaMod:MiyuEvokeCheapAttack","PrismaMod:MiyuDefenseExplosion"],"picked":"PrismaMod:MiyuCheapEvoke+1","floor":53},{"not_picked":["PrismaMod:MiyuCarnivalAttack","PrismaMod:MiyuCheapDefend1+1","PrismaMod:MiyuCheapChannelVul+1","PrismaMod:MiyuEvokeAllDefend"],"picked":"PrismaMod:MiyuBride","floor":54}],"player_experience":515999,"relics_obtained":[{"floor":1.0,"key":"SynthV:TestCard"},{"floor":7.0,"key":"testmod-IndustrialRevolution"},{"floor":9.0,"key":"Counterbalance"},{"floor":13.0,"key":"conspire:DecoderRing"},{"floor":23.0,"key":"Ice Cream"},{"floor":31.0,"key":"vexMod:BerryBomb"},{"floor":40,"key":"Durian"},{"floor":41,"key":"Gremlin Horn"},{"floor":42,"key":"testmod-FatalChain"},{"floor":43,"key":"InkBottle"},{"floor":47,"key":"testmod-CyclicPeriapt"},{"floor":54,"key":"Art of War"}],"event_choices":[{"damage_healed":4.0,"max_hp_gain":0.0,"max_hp_loss":0.0,"gold_gain":0.0,"event_name":"Wheel of Change","player_choice":"Full Heal","floor":12.0,"gold_loss":0.0,"damage_taken":0.0},{"damage_healed":0.0,"max_hp_gain":0.0,"max_hp_loss":0.0,"gold_gain":0.0,"event_name":"Addict","player_choice":"Obtained Relic","floor":24.0,"gold_loss":85.0,"damage_taken":0.0,"relics_obtained":["Strawberry"]},{"damage_healed":0.0,"max_hp_gain":0.0,"max_hp_loss":0.0,"gold_gain":0.0,"event_name":"Match and Keep!","player_choice":"1 cards matched","floor":28.0,"gold_loss":0.0,"damage_taken":0.0,"cards_obtained":["PrismaMod:MiyuCheapChannelWeak"]},{"damage_healed":0,"gold_gain":0,"player_choice":"Leave","damage_taken":0,"max_hp_gain":0,"max_hp_loss":0,"event_name":"conspire:Investor","floor":39,"gold_loss":0}],"is_beta":false,"boss_relics":[{"not_picked":["vexMod:RockOfEvil","testmod-DeterminationOfClimber"],"picked":"JellyFishMachine"},{"not_picked":["vexMod:CursedCompass","Replay:Drink Me"],"picked":"ShadowXiaoBlade"}],"items_purged_floors":[8,14,21,29,38,53],"is_endless":false,"potions_floor_spawned":[5,7,13,16,19,25,31,33,42,44,46,48],"ascension_level":4}}