{"host":"15dd7v8o90xso62x","time":1609859255,"event":{"mods":["BaseMod","Minty Spire (QoL Compilation)","Quick Restart","StSLib","SuperFastMode"],"gold_per_floor":[118,268,268,279,354,382,382,415,415,433,458,458,472,492,492,569,569,582,594,594,594,107,107,107,139,139,173,173,98,98,11,11,87,87,105,105,115,130,130,130,146,174,200,226,176,176,204,222,222,222,222],"floor_reached":50,"playtime":1337,"items_purged":["Writhe","Strike_G"],"score":1418,"play_id":"dfb46e93-c5fd-49dc-8b64-14f58d2921da","local_time":"20210106000735","is_ascension_mode":true,"campfire_choices":[{"data":"Cloak And Dagger","floor":7.0,"key":"SMITH"},{"data":"Phantasmal Killer","floor":15.0,"key":"SMITH"},{"data":"Night Terror","floor":23.0,"key":"SMITH"},{"data":"Accuracy","floor":28.0,"key":"SMITH"},{"data":"Cloak And Dagger","floor":30.0,"key":"SMITH"},{"data":"Accuracy","floor":32.0,"key":"SMITH"},{"data":"Cloak And Dagger","floor":40.0,"key":"SMITH"},{"data":"Footwork","floor":49,"key":"SMITH"}],"circlet_count":0,"master_deck":["AscendersBane","Strike_G","Strike_G","Strike_G","Defend_G","Defend_G","Defend_G","Defend_G","Defend_G","Survivor","Neutralize","Cloak And Dagger+1","Dagger Spray","Finisher","Phantasmal Killer+1","Crippling Poison","Blade Dance","Backstab","Night Terror+1","Footwork+1","Blur+1","Accuracy+1","Cloak And Dagger+1","After Image","Accuracy+1","Purity","Flash of Steel","Master of Strategy","Cloak And Dagger+1","Blade Dance","Accuracy"],"relics":["Ring of the Snake","NeowsBlessing","Eternal Feather","Letter Opener","PreservedInsect","Anchor","WristBlade","Juzu Bracelet","Blue Candle","HandDrill","Pen Nib","Toy Ornithopter","Meat on the Bone","Gremlin Horn","SlaversCollar","Lantern","Smiling Mask","InkBottle","HornCleat"],"acts_visited":["Exordium","TheCity","TheBeyond"],"potions_floor_usage":[50],"damage_taken":[{"damage":0.0,"enemies":"Small Slimes","floor":1.0,"turns":1.0},{"damage":0.0,"enemies":"Cultist","floor":4.0,"turns":1.0},{"damage":0.0,"enemies":"Gremlin Nob","floor":6.0,"turns":1.0},{"damage":11.0,"enemies":"3 Sentries","floor":8.0,"turns":5.0},{"damage":0.0,"enemies":"2 Louse","floor":10.0,"turns":3.0},{"damage":29.0,"enemies":"Gremlin Nob","floor":11.0,"turns":4.0},{"damage":0.0,"enemies":"2 Fungi Beasts","floor":13.0,"turns":3.0},{"damage":3.0,"enemies":"Exordium Thugs","floor":14.0,"turns":3.0},{"damage":0.0,"enemies":"Slime Boss","floor":16.0,"turns":6.0},{"damage":0.0,"enemies":"3 Byrds","floor":18.0,"turns":4.0},{"damage":3.0,"enemies":"Chosen","floor":19.0,"turns":4.0},{"damage":16.0,"enemies":"Book of Stabbing","floor":25.0,"turns":4.0},{"damage":5.0,"enemies":"Slavers","floor":27.0,"turns":4.0},{"damage":33.0,"enemies":"Champ","floor":33.0,"turns":8.0},{"damage":32.0,"enemies":"3 Darklings","floor":35.0,"turns":6.0},{"damage":6.0,"enemies":"3 Shapes","floor":37.0,"turns":5.0},{"damage":37.0,"enemies":"Sphere and 2 Shapes","floor":38.0,"turns":3.0},{"damage":20.0,"enemies":"Spire Growth","floor":41.0,"turns":4.0},{"damage":3.0,"enemies":"Reptomancer","floor":42.0,"turns":3.0},{"damage":3.0,"enemies":"Giant Head","floor":44.0,"turns":4.0},{"damage":0.0,"enemies":"Reptomancer","floor":47.0,"turns":2.0},{"damage":60.0,"enemies":"Transient","floor":48.0,"turns":6.0},{"damage":45,"enemies":"Time Eater","floor":50,"turns":3}],"seed_played":"3290665367458066586","potions_obtained":[{"floor":1.0,"key":"PowerPotion"},{"floor":4.0,"key":"ColorlessPotion"},{"floor":11.0,"key":"Regen Potion"},{"floor":12.0,"key":"CultistPotion"},{"floor":14.0,"key":"Strength Potion"},{"floor":16.0,"key":"Strength Potion"},{"floor":19.0,"key":"EssenceOfSteel"},{"floor":35.0,"key":"CunningPotion"},{"floor":41.0,"key":"Energy Potion"},{"floor":42.0,"key":"Explosive Potion"},{"floor":48.0,"key":"PowerPotion"}],"is_trial":false,"path_per_floor":["M","?","?","M","?","E","R","E","T","M","E","?","M","M","R","B",null,"M","M","?","?","$","R","?","E","T","E","R","?","R","$","R","B",null,"M","?","M","M","?","R","M","E","T","E","$","?","E","M","R","B"],"character_chosen":"THE_SILENT","items_purchased":["Accuracy","HandDrill","Pen Nib","Accuracy"],"campfire_rested":0,"item_purchase_floors":[22,22,22,31],"current_hp_per_floor":[59,59,59,59,48,48,57,46,46,46,17,17,17,23,35,35,58,58,55,55,55,55,66,66,50,50,50,65,65,66,66,66,45,61,41,31,37,17,17,35,27,36,36,45,45,66,66,18,36,0,0],"gold":222,"neow_bonus":"THREE_ENEMY_KILL","is_daily":false,"chose_seed":false,"campfire_upgraded":8,"win_rate":0.0,"timestamp":1609859255,"path_taken":["M","?","?","?","?","E","R","E","T","M","E","?","?","M","R","BOSS","M","M","?","?","$","R","?","E","T","E","R","?","R","$","R","BOSS","M","?","M","M","?","R","M","E","T","E","$","?","E","M","R","BOSS"],"items_purchased_type":["Card","Relic","Relic","Card"],"build_version":"2020-12-22","purchased_purges":2,"victory":false,"max_hp_per_floor":[66,66,66,66,66,66,66,66,66,66,66,66,66,66,66,66,66,66,66,66,66,66,66,66,66,66,66,66,66,66,66,66,66,66,66,66,66,66,66,66,66,66,66,66,66,66,66,66,66,66,66],"card_choices":[{"not_picked":["Underhanded Strike","Eviscerate"],"picked":"Cloak And Dagger","floor":1.0},{"not_picked":["Backflip","Flying Knee"],"picked":"Dagger Spray","floor":4.0},{"not_picked":["Setup","Leg Sweep"],"picked":"Finisher","floor":6.0},{"not_picked":["Bane","Blade Dance"],"picked":"Phantasmal Killer","floor":8.0},{"not_picked":["Dagger Spray","Backflip"],"picked":"Crippling Poison","floor":10.0},{"not_picked":["Dagger Spray","Riddle With Holes","Endless Agony"],"picked":"SKIP","floor":11.0},{"not_picked":["Expertise","PiercingWail"],"picked":"Blade Dance","floor":13.0},{"not_picked":["Dagger Spray","All Out Attack"],"picked":"Backstab","floor":14.0},{"not_picked":["Wraith Form v2","Die Die Die"],"picked":"Night Terror","floor":16.0},{"not_picked":["Flying Knee+1","Predator"],"picked":"Footwork","floor":18.0},{"not_picked":["Poisoned Stab","Slice"],"picked":"Blur+1","floor":19.0},{"not_picked":["Dagger Spray","Poisoned Stab"],"picked":"Cloak And Dagger","floor":25.0},{"not_picked":["Finisher","Prepared"],"picked":"After Image","floor":27.0},{"not_picked":["Tactician","Sucker Punch"],"picked":"Terror","floor":35.0},{"not_picked":["Impatience","PanicButton"],"picked":"Purity","floor":36.0},{"not_picked":["Dramatic Entrance","Jack Of All Trades"],"picked":"Flash of Steel","floor":36.0},{"not_picked":["Jack Of All Trades","Bandage Up"],"picked":"Master of Strategy","floor":36.0},{"not_picked":["Bane","Poisoned Stab","Bouncing Flask"],"picked":"SKIP","floor":37.0},{"not_picked":["Concentrate+1","Quick Slash","Backstab"],"picked":"SKIP","floor":38.0},{"not_picked":["Concentrate","Dagger Throw"],"picked":"Blade Dance","floor":41.0},{"not_picked":["Cloak And Dagger","Acrobatics"],"picked":"Accuracy","floor":42.0},{"not_picked":["Infinite Blades","Slice","Bane"],"picked":"SKIP","floor":44.0},{"not_picked":["Noxious Fumes","Doppelganger","Deadly Poison+1"],"picked":"SKIP","floor":47.0},{"not_picked":["Dagger Spray","Cloak And Dagger","Flying Knee"],"picked":"SKIP","floor":48.0}],"player_experience":1003616,"relics_obtained":[{"floor":6.0,"key":"Eternal Feather"},{"floor":8.0,"key":"Letter Opener"},{"floor":9.0,"key":"PreservedInsect"},{"floor":11.0,"key":"Anchor"},{"floor":25.0,"key":"Toy Ornithopter"},{"floor":26.0,"key":"Meat on the Bone"},{"floor":27.0,"key":"Gremlin Horn"},{"floor":42.0,"key":"Lantern"},{"floor":43.0,"key":"Smiling Mask"},{"floor":44.0,"key":"InkBottle"},{"floor":47.0,"key":"HornCleat"}],"event_choices":[{"damage_healed":0.0,"max_hp_gain":0.0,"max_hp_loss":0.0,"gold_gain":150.0,"event_name":"Liars Game","player_choice":"AGREE","floor":2.0,"gold_loss":0.0,"damage_taken":0.0,"cards_obtained":["Doubt"]},{"cards_removed":["Doubt"],"damage_healed":0.0,"max_hp_gain":0.0,"max_hp_loss":0.0,"gold_gain":0.0,"event_name":"Fountain of Cleansing","player_choice":"Removed Curses","floor":3.0,"gold_loss":0.0,"damage_taken":0.0},{"damage_healed":0.0,"max_hp_gain":0.0,"max_hp_loss":0.0,"gold_gain":75.0,"event_name":"World of Goop","player_choice":"Gather Gold","floor":5.0,"gold_loss":0.0,"damage_taken":11.0},{"damage_healed":0.0,"max_hp_gain":0.0,"max_hp_loss":0.0,"gold_gain":0.0,"event_name":"Lab","player_choice":"Got Potions","floor":12.0,"gold_loss":0.0,"damage_taken":0.0},{"damage_healed":0.0,"max_hp_gain":0.0,"max_hp_loss":0.0,"gold_gain":0.0,"event_name":"WeMeetAgain","player_choice":"Gave Potion","floor":20.0,"gold_loss":0.0,"damage_taken":0.0,"relics_obtained":["Juzu Bracelet"]},{"damage_healed":0.0,"max_hp_gain":0.0,"max_hp_loss":0.0,"gold_gain":0.0,"event_name":"The Mausoleum","player_choice":"Opened","floor":21.0,"gold_loss":0.0,"damage_taken":0.0,"relics_obtained":["Blue Candle"],"cards_obtained":["Writhe"]},{"damage_healed":0.0,"max_hp_gain":0.0,"max_hp_loss":0.0,"gold_gain":0.0,"event_name":"Cursed Tome","player_choice":"Ignored","floor":24.0,"gold_loss":0.0,"damage_taken":0.0},{"cards_removed":["Strike_G"],"damage_healed":0.0,"max_hp_gain":0.0,"max_hp_loss":0.0,"gold_gain":0.0,"event_name":"Beggar","player_choice":"Gave Gold","floor":29.0,"gold_loss":75.0,"damage_taken":0.0},{"damage_healed":0.0,"max_hp_gain":0.0,"max_hp_loss":0.0,"gold_gain":0.0,"event_name":"SensoryStone","player_choice":"Memory 3","floor":36.0,"gold_loss":0.0,"damage_taken":10.0},{"damage_healed":0.0,"max_hp_gain":0.0,"max_hp_loss":0.0,"gold_gain":0.0,"event_name":"Match and Keep!","player_choice":"1 cards matched","floor":39.0,"gold_loss":0.0,"damage_taken":0.0,"cards_obtained":["Cloak And Dagger"]},{"cards_removed":["Terror"],"damage_healed":21.0,"max_hp_gain":0.0,"max_hp_loss":0.0,"gold_gain":0.0,"event_name":"Bonfire Elementals","player_choice":"Offered Uncommon","floor":46.0,"gold_loss":0.0,"damage_taken":0.0}],"is_beta":false,"boss_relics":[{"not_picked":["Coffee Dripper","Fusion Hammer"],"picked":"WristBlade"},{"not_picked":["Tiny House","Sozu"],"picked":"SlaversCollar"}],"items_purged_floors":[22,45],"is_endless":false,"potions_floor_spawned":[1,4,11,14,16,19,35,41,42,48],"killed_by":"Time Eater","ascension_level":20}}