{"host":"c8fb54zqeuygi2gg","time":1609834139,"event":{"mods":["Arknights The Spire","BaseMod","Minty Spire (QoL Compilation)","StSLib"],"gold_per_floor":[113,129,129,146,124,124,135,163,239,251,261,281,281,313,313,408,408,426,437,437,437,456,456,456],"floor_reached":23,"playtime":2862,"items_purged":[],"score":205,"play_id":"b575d5d8-f5d4-4284-ada8-f0443c7c34cc","local_time":"20210105030859","is_ascension_mode":false,"campfire_choices":[{"data":"ats:Poison Spread","floor":6,"key":"SMITH"},{"floor":13,"key":"REST"},{"data":"ats:Soul Absorption","floor":15,"key":"SMITH"}],"circlet_count":0,"master_deck":["ats:Strike C","ats:Strike G","ats:Strike S","ats:Strike V","ats:Armor Crushing Shot","ats:Defend","ats:Defend","ats:Defend","ats:Defend","ats:Emotion Absorption+1","ats:Ignite","ats:Poison Spread+1","ats:Charging Defense","ats:Explosion Area Strengthen","ats:Curse Doll","ats:Shadow Raid","ats:Revitalization","ats:Calcification","ats:Support Order","ats:Soul Absorption+1","ats:Disruption Kick","ats:Healing Drone","ats:Healing Strengthening"],"relics":["ats:Sanity","ats:Originium","Dead Branch","Question Card","Regal Pillow","Philosopher\u0027s Stone","Enchiridion"],"acts_visited":["Exordium","TheCity"],"potions_floor_usage":[18,22,22],"damage_taken":[{"damage":7,"enemies":"Small Slimes","floor":1,"turns":5},{"damage":4,"enemies":"Cultist","floor":2,"turns":4},{"damage":11,"enemies":"Jaw Worm","floor":4,"turns":2},{"damage":11,"enemies":"Exordium Thugs","floor":7,"turns":4},{"damage":14,"enemies":"Lagavulin","floor":8,"turns":6},{"damage":0,"enemies":"Blue Slaver","floor":10,"turns":3},{"damage":0,"enemies":"Looter","floor":11,"turns":4},{"damage":1,"enemies":"Exordium Wildlife","floor":12,"turns":4},{"damage":24,"enemies":"3 Sentries","floor":14,"turns":11},{"damage":58,"enemies":"The Guardian","floor":16,"turns":14},{"damage":20,"enemies":"2 Thieves","floor":18,"turns":3},{"damage":17,"enemies":"Shell Parasite","floor":19,"turns":6},{"damage":30,"enemies":"Snake Plant","floor":22,"turns":5},{"damage":34,"enemies":"Snecko","floor":23,"turns":5}],"seed_played":"7540278227522190140","potions_obtained":[{"floor":1,"key":"SteroidPotion"},{"floor":2,"key":"Energy Potion"},{"floor":11,"key":"ColorlessPotion"},{"floor":16,"key":"LiquidMemories"}],"is_trial":false,"path_per_floor":["M","M","?","M","$","R","M","E","T","M","M","M","R","E","R","B",null,"M","M","?","?","M","M"],"character_chosen":"DOCTOR_CLASS","items_purchased":["ats:Explosion Area Strengthen"],"campfire_rested":1,"item_purchase_floors":[5],"current_hp_per_floor":[72,68,68,57,57,57,46,32,32,32,35,39,62,79,79,32,79,59,55,39,39,24,0,0],"gold":456,"neow_bonus":"TEN_PERCENT_HP_BONUS","is_daily":false,"chose_seed":false,"campfire_upgraded":2,"win_rate":0.0,"timestamp":1609834139,"path_taken":["M","M","?","M","$","R","M","E","T","?","M","M","R","E","R","BOSS","M","M","?","?","?","M"],"items_purchased_type":["Card"],"build_version":"2020-12-22","purchased_purges":0,"victory":false,"max_hp_per_floor":[79,79,79,79,79,79,79,79,79,79,79,79,79,79,79,79,79,79,79,79,79,79,79,79],"card_choices":[{"not_picked":["ats:Part Time Job","ats:Revitalization"],"picked":"ats:Ignite","floor":1},{"not_picked":["ats:Assault Order","ats:Red Shift"],"picked":"ats:Poison Spread","floor":2},{"not_picked":["ats:Flexible Camouflage","ats:Apocalypse"],"picked":"ats:Charging Defense","floor":4},{"not_picked":["ats:Explosion Area Strengthen","ats:Hammer On"],"picked":"ats:Curse Doll","floor":7},{"not_picked":["ats:Chain Hook","ats:Flame Of Heaven"],"picked":"ats:Shadow Raid","floor":8},{"not_picked":["ats:Overload","ats:Poison Spread","ats:Consecutive Shot Auto"],"picked":"ats:Revitalization","floor":10},{"not_picked":["ats:Curse Doll","ats:Thorns","ats:Chain Hook"],"picked":"ats:Calcification","floor":11},{"not_picked":["ats:Counter Healing Mode","ats:Apocalypse","ats:Poison Spread"],"picked":"ats:Support Order","floor":12},{"not_picked":["ats:Support Order","ats:Poison Spread","ats:Beaten Up"],"picked":"ats:Soul Absorption","floor":14},{"not_picked":["ats:Roar Of Ursus","ats:Fractured Body","ats:Ambush"],"picked":"ats:Disruption Kick","floor":16},{"not_picked":["ats:Curse Doll","ats:Revitalization","ats:Explosion Area Strengthen"],"picked":"ats:Healing Drone","floor":18},{"not_picked":["ats:Defend Order","ats:Consecutive Shot Auto","ats:Healing Drone"],"picked":"ats:Healing Strengthening","floor":19},{"not_picked":["ats:Cat Scratch","ats:Shadow Raid","ats:Assault Order","ats:Childhood Dance"],"picked":"SKIP","floor":22}],"player_experience":160016,"relics_obtained":[{"floor":8,"key":"ats:Originium"},{"floor":8,"key":"Dead Branch"},{"floor":9,"key":"Question Card"},{"floor":14,"key":"ats:Originium"},{"floor":14,"key":"Regal Pillow"},{"floor":20,"key":"Enchiridion"}],"event_choices":[{"damage_healed":0,"gold_gain":0,"player_choice":"Upgraded","damage_taken":0,"max_hp_gain":0,"max_hp_loss":0,"event_name":"Upgrade Shrine","floor":3,"gold_loss":0,"cards_upgraded":["ats:Emotion Absorption"]},{"damage_healed":0,"gold_gain":0,"player_choice":"Obtained Book","damage_taken":16,"max_hp_gain":0,"max_hp_loss":0,"event_name":"Cursed Tome","floor":20,"gold_loss":0},{"damage_healed":0,"gold_gain":0,"player_choice":"Ignored","damage_taken":0,"max_hp_gain":0,"max_hp_loss":0,"event_name":"Ghosts","floor":21,"gold_loss":0}],"is_beta":false,"boss_relics":[{"not_picked":["Snecko Eye","Runic Pyramid"],"picked":"Philosopher\u0027s Stone"}],"items_purged_floors":[],"is_endless":false,"potions_floor_spawned":[1,2,11,16],"killed_by":"Snecko","ascension_level":0}}