{"host":"873t0y8ybyo38pfq","time":1609886377,"event":{"mods":["BaseMod","Bestiary","Colored Map","Colored Powertips","Highlight Path","Minty Spire (QoL Compilation)","Quick Restart","RNG Fix","Rare Cards Sparkle","Relic Stats","StSLib"],"gold_per_floor":[109,109,109,119,44,44,56,68,92,92,120,37,37,72,72,150,150,164,164,183,195,195,221,237,237,237,249,281,309,355,31,31,117,117,143,143,153,168,195,195,209,241,267,289,289,289],"floor_reached":45,"playtime":1859,"items_purged":["Pain","Shame"],"score":1019,"play_id":"f7a28566-1536-4010-983e-14f27833776a","local_time":"20210105173937","is_ascension_mode":true,"campfire_choices":[{"floor":6,"key":"REST"},{"floor":13,"key":"REST"},{"data":"Defragment","floor":15,"key":"SMITH"},{"floor":25,"key":"REST"},{"floor":27,"key":"REST"},{"floor":32,"key":"REST"},{"floor":40,"key":"REST"}],"circlet_count":0,"master_deck":["AscendersBane","Defend_B","Defend_B","Defend_B","Defend_B","Zap","Dualcast","Biased Cognition","Coolheaded","Coolheaded","Lockon","Hello World","Defragment+1","Rainbow+1","Multi-Cast+1","Compile Driver","Tempest+1","Bite","Bite","Bite","Bite","Turbo+1","Recycle+1","Fusion+1","Creative AI","Capacitor","Electrodynamics","Skim+1","Echo Form","Consume+1"],"relics":["Cracked Core","Pear","WarpedTongs","Bag of Preparation","Torii","Toxic Egg 2","Darkstone Periapt","Snecko Eye","Mummified Hand","Unceasing Top","MawBank","CeramicFish","PreservedInsect","Velvet Choker","FossilizedHelix"],"acts_visited":["Exordium","TheCity","TheBeyond"],"potions_floor_usage":[14,18,23,23,30,33,41],"damage_taken":[{"damage":19,"enemies":"Small Slimes","floor":1,"turns":3},{"damage":2,"enemies":"Cultist","floor":4,"turns":3},{"damage":2,"enemies":"Jaw Worm","floor":7,"turns":3},{"damage":1,"enemies":"Blue Slaver","floor":8,"turns":3},{"damage":14,"enemies":"Lagavulin","floor":11,"turns":5},{"damage":7,"enemies":"Gremlin Nob","floor":14,"turns":3},{"damage":4,"enemies":"Hexaghost","floor":16,"turns":8},{"damage":29,"enemies":"3 Byrds","floor":18,"turns":6},{"damage":0,"enemies":"Spheric Guardian","floor":20,"turns":3},{"damage":16,"enemies":"Snake Plant","floor":21,"turns":4},{"damage":22,"enemies":"Book of Stabbing","floor":23,"turns":3},{"damage":9,"enemies":"Cultist and Chosen","floor":24,"turns":4},{"damage":1,"enemies":"3 Cultists","floor":28,"turns":3},{"damage":18,"enemies":"Snake Plant","floor":29,"turns":5},{"damage":8,"enemies":"Gremlin Leader","floor":30,"turns":3},{"damage":29,"enemies":"Collector","floor":33,"turns":9},{"damage":1,"enemies":"Orb Walker","floor":35,"turns":3},{"damage":1,"enemies":"3 Shapes","floor":37,"turns":3},{"damage":47,"enemies":"Maw","floor":38,"turns":5},{"damage":1,"enemies":"Transient","floor":39,"turns":6},{"damage":1,"enemies":"Spire Growth","floor":41,"turns":4},{"damage":62,"enemies":"Nemesis","floor":42,"turns":5},{"damage":0,"enemies":"Maw","floor":44,"turns":4},{"damage":25,"enemies":"Writhing Mass","floor":45,"turns":4}],"seed_played":"-5916073745317669620","potions_obtained":[{"floor":1,"key":"LiquidMemories"},{"floor":11,"key":"SkillPotion"},{"floor":18,"key":"BlessingOfTheForge"},{"floor":21,"key":"SkillPotion"},{"floor":29,"key":"DistilledChaos"},{"floor":30,"key":"Dexterity Potion"},{"floor":35,"key":"Ancient Potion"},{"floor":37,"key":"FairyPotion"}],"is_trial":false,"path_per_floor":["M","?","?","M","$","R","M","M","T","T","E","$","R","E","R","B",null,"M","?","M","M","?","E","M","R","T","R","M","M","E","$","R","B",null,"M","?","M","M","M","R","M","E","T","M","M"],"character_chosen":"DEFECT","items_purchased":["Rainbow+1","Capacitor","PreservedInsect"],"campfire_rested":6,"item_purchase_floors":[12,31,31],"current_hp_per_floor":[45,29,29,27,27,49,47,46,46,46,32,32,54,47,47,43,66,37,43,43,27,27,9,9,25,25,41,45,34,30,30,46,37,51,52,52,56,11,15,31,37,4,4,9,0,0],"gold":289,"neow_bonus":"THREE_RARE_CARDS","is_daily":false,"chose_seed":false,"campfire_upgraded":1,"win_rate":0.0,"timestamp":1609886377,"path_taken":["M","?","?","M","$","R","M","M","T","?","E","$","R","E","R","BOSS","M","?","M","M","?","E","?","R","T","R","M","M","E","$","R","BOSS","M","?","M","M","M","R","M","E","T","M","M"],"items_purchased_type":["Card","Card","Relic"],"build_version":"2020-12-22","purchased_purges":2,"victory":false,"max_hp_per_floor":[64,74,74,74,74,74,74,74,74,74,74,74,74,74,74,74,74,74,80,80,80,56,56,56,56,56,56,56,56,56,56,56,56,56,56,56,56,56,56,56,56,56,56,56,56,56],"relic_stats":{"Darkstone Periapt":6,"Torii":35,"counters":[24,101],"Mummified Hand":[176],"CeramicFish":54,"Snecko Eye":[141,143,142,140],"PreservedInsect":50,"Bag of Preparation":[40],"MawBank":60,"obtain_stats":[{"Darkstone Periapt":14,"Pear":2,"Torii":10,"CeramicFish":30,"Velvet Choker":34,"PreservedInsect":31,"Bag of Preparation":9,"MawBank":26,"WarpedTongs":3,"Mummified Hand":19,"Snecko Eye":17,"Toxic Egg 2":11,"Cracked Core":0,"Unceasing Top":23,"FossilizedHelix":42},{"Darkstone Periapt":6,"Pear":1,"Torii":4,"CeramicFish":15,"Velvet Choker":16,"PreservedInsect":15,"Bag of Preparation":4,"MawBank":12,"WarpedTongs":1,"Mummified Hand":8,"Snecko Eye":7,"Toxic Egg 2":5,"Cracked Core":0,"Unceasing Top":11,"FossilizedHelix":22},{"Darkstone Periapt":20,"Pear":3,"Torii":12,"CeramicFish":59,"Velvet Choker":67,"PreservedInsect":59,"Bag of Preparation":12,"MawBank":48,"WarpedTongs":3,"Mummified Hand":34,"Snecko Eye":28,"Toxic Egg 2":17,"Cracked Core":0,"Unceasing Top":44,"FossilizedHelix":93}],"Unceasing Top":[0],"WarpedTongs":[98]},"card_choices":[{"not_picked":["Reboot","Buffer"],"picked":"Biased Cognition","floor":0},{"not_picked":["Go for the Eyes","Sweeping Beam"],"picked":"Coolheaded","floor":1},{"not_picked":["Reprogram","Hologram"],"picked":"Coolheaded","floor":4},{"not_picked":["BootSequence","Go for the Eyes"],"picked":"Lockon","floor":7},{"not_picked":["Beam Cell","Hologram"],"picked":"Hello World","floor":8},{"not_picked":["Reprogram+1","Melter"],"picked":"Defragment","floor":11},{"not_picked":["Beam Cell","Streamline","Blizzard"],"picked":"SKIP","floor":14},{"not_picked":["Meteor Strike","Biased Cognition"],"picked":"Multi-Cast+1","floor":16},{"not_picked":["Sweeping Beam","Force Field+1"],"picked":"Compile Driver","floor":18},{"not_picked":["Gash","BootSequence+1","Go for the Eyes"],"picked":"SKIP","floor":20},{"not_picked":["Scrape","Beam Cell"],"picked":"Tempest+1","floor":21},{"not_picked":["Rebound","Sweeping Beam","Heatsinks"],"picked":"SKIP","floor":23},{"not_picked":["Leap+1","Compile Driver"],"picked":"Turbo+1","floor":24},{"not_picked":["Tempest+1","Sweeping Beam"],"picked":"Recycle+1","floor":28},{"not_picked":["Double Energy+1","Ball Lightning"],"picked":"Fusion+1","floor":29},{"not_picked":["Force Field+1","Fission+1"],"picked":"Creative AI","floor":30},{"not_picked":["Buffer","Hyperbeam"],"picked":"Electrodynamics","floor":33},{"not_picked":["Static Discharge+1","Heatsinks"],"picked":"Skim+1","floor":35},{"not_picked":["Doom and Gloom+1","Sweeping Beam","Barrage"],"picked":"SKIP","floor":37},{"not_picked":["Heatsinks","Beam Cell+1","Sweeping Beam"],"picked":"SKIP","floor":38},{"not_picked":["Gash","Beam Cell"],"picked":"Echo Form","floor":39},{"not_picked":["Go for the Eyes","FTL","Rebound+1"],"picked":"SKIP","floor":41},{"not_picked":["Scrape+1","Sweeping Beam","Chaos+1"],"picked":"SKIP","floor":42},{"not_picked":["Aggregate+1","Chaos+1"],"picked":"Consume+1","floor":44}],"player_experience":1522507,"relics_obtained":[{"floor":9,"key":"Bag of Preparation"},{"floor":10,"key":"Torii"},{"floor":11,"key":"Toxic Egg 2"},{"floor":14,"key":"Darkstone Periapt"},{"floor":23,"key":"Unceasing Top"},{"floor":26,"key":"MawBank"},{"floor":30,"key":"CeramicFish"},{"floor":42,"key":"FossilizedHelix"}],"event_choices":[{"damage_healed":0,"gold_gain":0,"player_choice":"Success","damage_taken":26,"relics_obtained":["Pear"],"max_hp_gain":0,"max_hp_loss":0,"event_name":"Scrap Ooze","floor":2,"gold_loss":0},{"damage_healed":0,"gold_gain":0,"player_choice":"Rummage","damage_taken":0,"relics_obtained":["WarpedTongs"],"max_hp_gain":0,"max_hp_loss":0,"event_name":"Accursed Blacksmith","floor":3,"gold_loss":0,"cards_obtained":["Pain"]},{"damage_healed":0,"gold_gain":0,"player_choice":"Stole Relic","damage_taken":0,"relics_obtained":["Mummified Hand"],"max_hp_gain":0,"max_hp_loss":0,"event_name":"Addict","floor":19,"gold_loss":0,"cards_obtained":["Shame"]},{"damage_healed":0,"gold_gain":0,"player_choice":"Became a vampire","damage_taken":0,"max_hp_gain":0,"max_hp_loss":24,"event_name":"Vampires","floor":22,"gold_loss":0,"cards_obtained":["Bite","Bite","Bite","Bite","Bite"]},{"cards_removed":["Bite"],"damage_healed":0,"gold_gain":0,"player_choice":"Removed Attack","damage_taken":0,"max_hp_gain":0,"max_hp_loss":0,"event_name":"Falling","floor":36,"gold_loss":0}],"is_beta":false,"boss_relics":[{"not_picked":["SacredBark","Pandora\u0027s Box"],"picked":"Snecko Eye"},{"not_picked":["Tiny House","Astrolabe"],"picked":"Velvet Choker"}],"items_purged_floors":[5,31],"is_endless":false,"potions_floor_spawned":[1,11,18,21,29,30,35,37,39],"killed_by":"Writhing Mass","ascension_level":20}}