{"host":"sav7uxregyirlf69","time":1609860739,"event":{"mods":["AchievementEnabler","BaseMod","Colored Map","DeckTracker","Keyboard Shortcuts","Minty Spire (QoL Compilation)","READ ME - Guardian Mod","StSLib","SuperFastMode"],"gold_per_floor":[111,36,36,61,111,111,126,160,228,228,247,283,307,307,307,400,400,425,375,389,389,389],"floor_reached":21,"playtime":414,"items_purged":["Clumsy"],"score":378,"play_id":"63fb7c42-2f99-438c-904d-d06983b6914d","local_time":"20210106003219","is_ascension_mode":true,"campfire_choices":[{"data":"Malaise","floor":6,"key":"SMITH"},{"data":"Phantasmal Killer","floor":10,"key":"SMITH"},{"floor":15,"key":"REST"}],"circlet_count":0,"master_deck":["AscendersBane","Strike_G","Strike_G","Strike_G","Strike_G","Defend_G","Defend_G","Defend_G","Defend_G","Survivor","Neutralize","Calculated Gamble","Malaise+1","Choke","Dagger Spray","Caltrops","Phantasmal Killer+1","Blade Dance","Prepared"],"relics":["Ring of the Snake","Golden Idol","Tiny Chest","Boot","Question Card","Pantograph","Busted Crown"],"acts_visited":["Exordium","TheCity"],"potions_floor_usage":[8,12,13,16],"damage_taken":[{"damage":14,"enemies":"Small Slimes","floor":1,"turns":6},{"damage":3,"enemies":"Jaw Worm","floor":4,"turns":5},{"damage":0,"enemies":"Cultist","floor":7,"turns":3},{"damage":21,"enemies":"Lagavulin","floor":8,"turns":10},{"damage":2,"enemies":"Looter","floor":11,"turns":3},{"damage":7,"enemies":"Gremlin Nob","floor":12,"turns":3},{"damage":0,"enemies":"Red Slaver","floor":13,"turns":1},{"damage":23,"enemies":"The Guardian","floor":16,"turns":14},{"damage":16,"enemies":"Spheric Guardian","floor":18,"turns":4},{"damage":23,"enemies":"Shell Parasite","floor":20,"turns":6},{"damage":15,"enemies":"Cultist and Chosen","floor":21,"turns":3}],"seed_played":"1900314487988376931","potions_obtained":[{"floor":4,"key":"Weak Potion"},{"floor":7,"key":"EssenceOfSteel"},{"floor":11,"key":"Poison Potion"},{"floor":12,"key":"AttackPotion"}],"is_trial":false,"path_per_floor":["M","$","?","M","T","R","M","E","T","R","M","E","M","?","R","B",null,"M","?","M","M"],"character_chosen":"THE_SILENT","items_purchased":[],"campfire_rested":1,"item_purchase_floors":[],"current_hp_per_floor":[45,45,45,42,42,42,42,21,21,21,19,12,12,12,30,32,53,37,37,14,0,0],"gold":389,"neow_bonus":"TRANSFORM_TWO_CARDS","is_daily":false,"chose_seed":false,"campfire_upgraded":2,"win_rate":0.0,"timestamp":1609860739,"path_taken":["M","$","?","M","?","R","M","E","T","R","?","E","M","?","R","BOSS","M","?","M","M"],"items_purchased_type":[],"build_version":"2020-12-22","purchased_purges":1,"victory":false,"max_hp_per_floor":[66,66,60,60,60,60,60,60,60,60,60,60,60,60,60,60,60,60,60,60,60,60],"card_choices":[{"not_picked":["Infinite Blades","Catalyst"],"picked":"Choke","floor":1},{"not_picked":["Outmaneuver","Slice"],"picked":"Dagger Spray","floor":4},{"not_picked":["Footwork","Setup"],"picked":"Caltrops","floor":7},{"not_picked":["Terror","All Out Attack"],"picked":"Phantasmal Killer","floor":8},{"not_picked":["Backflip","Caltrops","Backstab"],"picked":"Blade Dance","floor":11},{"not_picked":["Sucker Punch","Backstab","Cloak And Dagger"],"picked":"Prepared","floor":12},{"not_picked":["Deflect","Dagger Spray","Underhanded Strike","Concentrate"],"picked":"SKIP","floor":13},{"not_picked":["Caltrops","Bane"],"picked":"SKIP","floor":18},{"not_picked":["Dodge and Roll","Deflect"],"picked":"SKIP","floor":20}],"player_experience":1149952,"relics_obtained":[{"floor":5,"key":"Tiny Chest"},{"floor":8,"key":"Boot"},{"floor":9,"key":"Question Card"},{"floor":12,"key":"Pantograph"}],"event_choices":[{"damage_healed":0,"gold_gain":0,"player_choice":"Lose Max HP","damage_taken":0,"relics_obtained":["Golden Idol"],"max_hp_gain":0,"max_hp_loss":6,"event_name":"Golden Idol","floor":3,"gold_loss":0},{"damage_healed":0,"gold_gain":0,"player_choice":"Searched \u00270\u0027 times","damage_taken":0,"max_hp_gain":0,"max_hp_loss":0,"event_name":"Dead Adventurer","floor":14,"gold_loss":0},{"damage_healed":0,"gold_gain":0,"player_choice":"Bet on Owner","damage_taken":0,"max_hp_gain":0,"max_hp_loss":0,"event_name":"The Joust","floor":19,"gold_loss":50}],"is_beta":false,"boss_relics":[{"not_picked":["Cursed Key","Ectoplasm"],"picked":"Busted Crown"}],"items_purged_floors":[2],"is_endless":false,"potions_floor_spawned":[4,7,11,12],"killed_by":"Cultist and Chosen","ascension_level":20}}