{"host":"ewfe3cr33ktd9xzj","time":1609829804,"event":{"mods":["AchievementEnabler","BaseMod","Colored Map","Custom Start","DeckTracker","Minty Spire (QoL Compilation)","Rare Cards Sparkle","StSLib","everything is the same but u backflip on backflip"],"gold_per_floor":[117,128,143,67,81,113,126,160,160,160,180,26,45,56,56,133,133,148,148,148,148,148],"floor_reached":21,"playtime":644,"items_purged":[],"score":486,"play_id":"8bee9b7d-ac4e-4864-b401-a2627275fc81","local_time":"20210105155644","is_ascension_mode":true,"campfire_choices":[{"floor":10.0,"key":"REST"},{"floor":15.0,"key":"REST"}],"circlet_count":0,"master_deck":["AscendersBane","Strike_R","Strike_R","Strike_R","Defend_R","Defend_R","Defend_R","Defend_R","Bash","Evolve","Pommel Strike","Flame Barrier","True Grit","Shrug It Off","Barricade","Rampage","Battle Trance","Immolate","Dropkick+1","Wild Strike+1","Infernal Blade+1","Body Slam+1","Clothesline","Entrench"],"relics":["Burning Blood","NeowsBlessing","Dead Branch","Self Forming Clay","Astrolabe"],"acts_visited":["Exordium","TheCity"],"potions_floor_usage":[21],"damage_taken":[{"damage":0.0,"enemies":"Small Slimes","floor":1.0,"turns":1.0},{"damage":0.0,"enemies":"Jaw Worm","floor":2.0,"turns":1.0},{"damage":0.0,"enemies":"Cultist","floor":3.0,"turns":1.0},{"damage":20.0,"enemies":"2 Fungi Beasts","floor":5.0,"turns":4.0},{"damage":29.0,"enemies":"3 Sentries","floor":6.0,"turns":5.0},{"damage":24.0,"enemies":"Exordium Thugs","floor":7.0,"turns":4.0},{"damage":10.0,"enemies":"Gremlin Nob","floor":8.0,"turns":3.0},{"damage":24.0,"enemies":"3 Louse","floor":11.0,"turns":3.0},{"damage":5.0,"enemies":"Looter","floor":13.0,"turns":3.0},{"damage":17.0,"enemies":"Exordium Thugs","floor":14.0,"turns":6.0},{"damage":2.0,"enemies":"Hexaghost","floor":16.0,"turns":7.0},{"damage":33.0,"enemies":"Shell Parasite","floor":18.0,"turns":7.0},{"damage":15,"enemies":"Chosen","floor":21,"turns":5}],"seed_played":"-5942573743995483536","potions_obtained":[{"floor":1.0,"key":"SteroidPotion"},{"floor":6.0,"key":"Ancient Potion"},{"floor":13.0,"key":"PowerPotion"},{"floor":16.0,"key":"Regen Potion"}],"is_trial":false,"path_per_floor":["M","M","M","$","M","E","M","E","T","R","M","$","M","M","R","B",null,"M","?","?","M"],"character_chosen":"IRONCLAD","items_purchased":["Evolve","Barricade"],"campfire_rested":2,"item_purchase_floors":[4,12],"current_hp_per_floor":[74,75,75,75,61,38,20,16,16,38,20,20,21,10,32,36,65,38,38,17,16,16],"gold":148,"neow_bonus":"THREE_ENEMY_KILL","is_daily":false,"chose_seed":false,"campfire_upgraded":0,"win_rate":0.0,"timestamp":1609829804,"path_taken":["M","M","M","$","M","E","M","E","T","R","M","$","M","M","R","BOSS","M","?","?","?"],"items_purchased_type":["Card","Card"],"build_version":"2020-12-22","purchased_purges":0,"victory":false,"max_hp_per_floor":[75,75,75,75,75,75,75,75,75,75,75,75,75,75,75,75,75,75,75,80,80,80],"card_choices":[{"not_picked":["Sword Boomerang","Twin Strike"],"picked":"Combust","floor":1.0},{"not_picked":["Clothesline","Burning Pact","Disarm"],"picked":"SKIP","floor":2.0},{"not_picked":["True Grit","Headbutt"],"picked":"Perfected Strike","floor":3.0},{"not_picked":["Sword Boomerang","Cleave"],"picked":"Pommel Strike","floor":5.0},{"not_picked":["Combust","Searing Blow"],"picked":"Hemokinesis","floor":6.0},{"not_picked":["Clothesline","Flex"],"picked":"Flame Barrier","floor":7.0},{"not_picked":["Pommel Strike","Body Slam"],"picked":"True Grit","floor":8.0},{"not_picked":["Flex","Twin Strike"],"picked":"Shrug It Off","floor":11.0},{"not_picked":["Infernal Blade","Armaments"],"picked":"Rampage","floor":13.0},{"not_picked":["Barricade","Iron Wave"],"picked":"Battle Trance","floor":14.0},{"not_picked":["Impervious","Bludgeon"],"picked":"Immolate","floor":16.0},{"not_picked":["Headbutt","Shockwave"],"picked":"Body Slam+1","floor":18.0}],"player_experience":19516,"relics_obtained":[{"floor":8.0,"key":"Dead Branch"},{"floor":9.0,"key":"Self Forming Clay"}],"event_choices":[{"damage_healed":0,"gold_gain":0,"cards_transformed":["Strike_R","Strike_R"],"player_choice":"Became Test Subject","damage_taken":0,"max_hp_gain":0,"max_hp_loss":0,"event_name":"Drug Dealer","floor":19,"gold_loss":0,"cards_obtained":["Clothesline","Entrench"]},{"damage_healed":0,"gold_gain":0,"player_choice":"Shed Blood","damage_taken":26,"max_hp_gain":5,"max_hp_loss":0,"event_name":"Forgotten Altar","floor":20,"gold_loss":0}],"is_beta":false,"boss_relics":[{"not_picked":["Busted Crown","SlaversCollar"],"picked":"Astrolabe"}],"items_purged_floors":[],"is_endless":false,"potions_floor_spawned":[1,6,13,16],"killed_by":"Chosen","ascension_level":20}}