{"host":"xurz8oye0j2lsa2k","time":1609808349,"event":{"mods":["AchievementEnabler","BaseMod","BetterRewards","Colored Map","Hubris","Marisa????????","Minty Spire (QoL Compilation)","Permanent Neow","Replay The Spire","Spicy Shops","StSLib"],"gold_per_floor":[117,117,137,148,148,178,197,197,222,222,222,242,258,276,276,276,276],"floor_reached":16,"playtime":741,"items_purged":[],"score":104,"play_id":"f58030a0-ddca-45a9-b26f-8231ece55fe9","local_time":"20210104195909","is_ascension_mode":false,"campfire_choices":[{"floor":15,"key":"REST"}],"circlet_count":0,"master_deck":["Strike_B","Strike_B","Strike_B","Strike_B","Defend_B","Defend_B","Defend_B","Defend_B","Zap","Dualcast+1","Decay","Crystallizer","Time Bomb","Tempest","ReplaySolidLightProjector","Glacier","Parasite","Compile Driver","Gash","hubris:DoWhile"],"relics":["Cracked Core","ReplayTheSpireMod:CursedCoin","hubris:RGBLights","Replay:Frozen Program","Pocketwatch","Replay:Rubber Ducky","hubris:MedicalManual","Blue Doll","Cables","NlothsMask"],"acts_visited":["Exordium"],"potions_floor_usage":[6,6,13,16],"damage_taken":[{"damage":2,"enemies":"Cultist","floor":1,"turns":4},{"damage":7,"enemies":"Small Slimes","floor":3,"turns":4},{"damage":10,"enemies":"Jaw Worm","floor":4,"turns":3},{"damage":8,"enemies":"3 Sentries","floor":6,"turns":5},{"damage":0,"enemies":"Looter","floor":7,"turns":2},{"damage":1,"enemies":"2 Fungi Beasts","floor":12,"turns":3},{"damage":1,"enemies":"Gremlin Gang","floor":13,"turns":3},{"damage":8,"enemies":"Lots of Slimes","floor":14,"turns":4},{"damage":36,"enemies":"Fading Forest","floor":16,"turns":7}],"seed_played":"3440206785042789082","potions_obtained":[{"floor":1,"key":"Swift Potion"},{"floor":4,"key":"AttackPotion"},{"floor":6,"key":"GamblersBrew"},{"floor":12,"key":"DistilledChaos"}],"is_trial":false,"path_per_floor":["M","$","M","M","?","E","M","?","T","?","?","M","M","M","R","B"],"character_chosen":"DEFECT","items_purchased":["ReplayTheSpireMod:CursedCoin","hubris:RGBLights","Replay:Frozen Program","Crystallizer"],"campfire_rested":1,"item_purchase_floors":[0,0,0,0],"current_hp_per_floor":[38,38,31,21,21,13,13,31,31,13,13,12,11,3,25,0,0],"gold":276,"neow_bonus":"","is_daily":false,"chose_seed":false,"campfire_upgraded":0,"win_rate":0.0,"timestamp":1609808349,"path_taken":["M","$","?","M","?","E","M","?","T","?","?","M","?","M","R","BOSS"],"items_purchased_type":["Relic","Relic","Relic","Card"],"build_version":"2020-12-22","purchased_purges":0,"victory":false,"max_hp_per_floor":[75,75,75,75,75,75,75,75,75,75,75,75,75,75,75,75,75],"card_choices":[{"not_picked":["Recycle","Cold Snap"],"picked":"Time Bomb","floor":1},{"not_picked":["Go for the Eyes","Sweeping Beam"],"picked":"Tempest","floor":3},{"not_picked":["Gash","Melter"],"picked":"ReplaySolidLightProjector","floor":4},{"not_picked":["Crystallizer","ReplayTheSpireMod:Reroute Power","Recycle"],"picked":"SKIP","floor":6},{"not_picked":["Turbo","Steam Power"],"picked":"Glacier","floor":7},{"not_picked":["Chill","Cold Snap"],"picked":"Compile Driver","floor":12},{"not_picked":["Compile Driver","Glacier"],"picked":"Gash","floor":13},{"not_picked":["Scrape","Turbo"],"picked":"hubris:DoWhile","floor":14}],"player_experience":499301,"relics_obtained":[{"floor":6,"key":"hubris:MedicalManual"},{"floor":9,"key":"Blue Doll"}],"event_choices":[{"damage_healed":18,"gold_gain":0,"player_choice":"Healed and dodged fight","damage_taken":0,"max_hp_gain":0,"max_hp_loss":0,"event_name":"Mushrooms","floor":8,"gold_loss":0,"cards_obtained":["Parasite"]},{"damage_healed":0,"gold_gain":0,"player_choice":"Success","damage_taken":18,"relics_obtained":["Cables"],"max_hp_gain":0,"max_hp_loss":0,"event_name":"Scrap Ooze","floor":10,"gold_loss":0},{"damage_healed":0,"gold_gain":0,"player_choice":"Trade","damage_taken":0,"relics_obtained":["NlothsMask"],"max_hp_gain":0,"max_hp_loss":0,"event_name":"FaceTrader","floor":11,"gold_loss":0}],"is_beta":false,"boss_relics":[],"items_purged_floors":[],"is_endless":false,"potions_floor_spawned":[1,4,6,12],"killed_by":"Fading Forest","ascension_level":0}}