{"host":"d8hh7rr4yzitjeuj","time":1609833573,"event":{"mods":["2.2 Compatiblity","AchievementEnabler","Act Like it!","BaseMod","Colored Map","Colored Powertips","Highlight Path","Keyboard Shortcuts","Minty Spire (QoL Compilation)","Permanent Neow","Quick Restart","StSLib","SuperFastMode"],"gold_per_floor":[109,128,128,148,164,164,183,194,194,205,219,233,233,251,251,251,251],"floor_reached":16,"playtime":461,"items_purged":[],"score":200,"play_id":"31d3bb32-c8d7-48c1-8478-135e25088f79","local_time":"20210105165933","is_ascension_mode":true,"campfire_choices":[{"data":"Combust","floor":6.0,"key":"SMITH"},{"floor":15,"key":"REST"}],"circlet_count":0,"master_deck":["AscendersBane","Strike_R","Strike_R","Strike_R","Strike_R","Defend_R","Defend_R","Defend_R","Defend_R","Bash","Exhume","Wild Strike","Combust+1","Havoc","Dropkick","Evolve","Wild Strike","Limit Break","Power Through","Rage","Disarm"],"relics":["Burning Blood","Sundial","Anchor"],"acts_visited":["Exordium"],"potions_floor_usage":[10,12,16],"damage_taken":[{"damage":14.0,"enemies":"Jaw Worm","floor":1.0,"turns":4.0},{"damage":6.0,"enemies":"Cultist","floor":2.0,"turns":3.0},{"damage":17.0,"enemies":"Small Slimes","floor":4.0,"turns":4.0},{"damage":14.0,"enemies":"3 Louse","floor":5.0,"turns":4.0},{"damage":5.0,"enemies":"2 Fungi Beasts","floor":7.0,"turns":3.0},{"damage":4.0,"enemies":"Large Slime","floor":8.0,"turns":5.0},{"damage":14,"enemies":"Gremlin Gang","floor":10,"turns":3},{"damage":18,"enemies":"Lots of Slimes","floor":11,"turns":3},{"damage":13,"enemies":"Blue Slaver","floor":12,"turns":3},{"damage":6,"enemies":"2 Fungi Beasts","floor":14,"turns":4},{"damage":36,"enemies":"Hexaghost","floor":16,"turns":9}],"seed_played":"-9175584984266473746","potions_obtained":[{"floor":1.0,"key":"SpeedPotion"},{"floor":4.0,"key":"EssenceOfSteel"},{"floor":8.0,"key":"Strength Potion"},{"floor":10,"key":"Fire Potion"}],"is_trial":false,"path_per_floor":["M","M","?","M","M","R","M","M","T","M","M","M","?","M","R","B"],"character_chosen":"IRONCLAD","items_purchased":[],"campfire_rested":1,"item_purchase_floors":[],"current_hp_per_floor":[60,60,60,49,41,41,42,44,44,36,24,17,12,12,34,0,0],"gold":251,"neow_bonus":"ONE_RANDOM_RARE_CARD","is_daily":false,"chose_seed":false,"campfire_upgraded":1,"win_rate":0.0,"timestamp":1609833573,"path_taken":["M","M","?","M","M","R","M","M","T","?","M","M","?","M","R","BOSS"],"items_purchased_type":[],"build_version":"2020-12-22","purchased_purges":0,"victory":false,"max_hp_per_floor":[75,75,75,75,75,75,75,75,75,75,75,75,75,75,75,75,75],"card_choices":[{"not_picked":["Infernal Blade","Warcry"],"picked":"Wild Strike","floor":1.0},{"not_picked":["Anger","Clash"],"picked":"Combust","floor":2.0},{"not_picked":["Entrench","Clash"],"picked":"Dropkick","floor":4.0},{"not_picked":["Shrug It Off","Second Wind"],"picked":"Evolve","floor":5.0},{"not_picked":["Thunderclap","Pommel Strike"],"picked":"Wild Strike","floor":7.0},{"not_picked":["Clash","Battle Trance"],"picked":"Limit Break","floor":8.0},{"not_picked":["Body Slam","Perfected Strike"],"picked":"Power Through","floor":10},{"not_picked":["Anger","Entrench"],"picked":"Rage","floor":11},{"not_picked":["Burning Pact","Armaments"],"picked":"Disarm","floor":12},{"not_picked":["Rampage","Feel No Pain","Clash"],"picked":"SKIP","floor":14}],"player_experience":1405787,"relics_obtained":[{"floor":9.0,"key":"Sundial"}],"event_choices":[{"damage_healed":0.0,"max_hp_gain":0.0,"max_hp_loss":0.0,"gold_gain":0.0,"cards_transformed":["Strike_R"],"event_name":"Transmorgrifier","player_choice":"Transformed","floor":3.0,"gold_loss":0.0,"damage_taken":0.0,"cards_obtained":["Havoc"]},{"damage_healed":0,"gold_gain":0,"player_choice":"Success","damage_taken":5,"relics_obtained":["Anchor"],"max_hp_gain":0,"max_hp_loss":0,"event_name":"Scrap Ooze","floor":13,"gold_loss":0}],"is_beta":false,"boss_relics":[],"items_purged_floors":[],"is_endless":false,"potions_floor_spawned":[1,4,8,10,11],"killed_by":"Hexaghost","ascension_level":20}}