{"host":"qswkx8hggytna0kc","time":1609863291,"event":{"mods":["Aspiration","BaseMod","BetterRewards","Colored Map","Colored Powertips","Highlight Path","Hubris","Mimic Mod","Minty Spire (QoL Compilation)","Quick Restart","Replay The Spire","StSLib","SuperFastMode"],"gold_per_floor":[117,136,149,224,239,239,272,272,311,311,328,341,341,355,355,459,459,479,494,514,527,206,236,236,249,249,249,263,289,289,301,301,399,399,412,422,441,441,451,482,482,510,510,521,531,569,598,625,625,625],"floor_reached":51,"playtime":3873,"items_purged":["Strike_G"],"score":1143,"play_id":"441d66fd-9c2a-4898-b77e-958bb66402e3","local_time":"20210106001451","is_ascension_mode":true,"campfire_choices":[{"data":"Calculated Gamble","floor":6.0,"key":"SMITH"},{"floor":8,"key":"REST"},{"data":"Neutralize","floor":10,"key":"SMITH"},{"data":"Prepared","floor":13,"key":"SMITH"},{"floor":15,"key":"REST"},{"data":"Tools of the Trade","floor":24,"key":"SMITH"},{"data":"ReplayTheSpireMod:Scrap Shanks","floor":27,"key":"SMITH"},{"data":"Prepared","floor":32,"key":"SMITH"},{"data":"After Image","floor":41,"key":"SMITH"},{"data":"Crow Ritual","floor":49,"key":"SMITH"}],"circlet_count":0,"master_deck":["Strike_G","Defend_G","Defend_G","Defend_G","Defend_G","Defend_G","Survivor","Neutralize+1","Heel Hook","ReplayTheSpireMod:Scrap Shanks+1","Calculated Gamble+1","Acrobatics","Masterful Stab","Deflect","Tactician","Prepared+1","All Out Attack","Storm of Steel","Prepared+1","Tools of the Trade+1","Prepared","Expertise","After Image+1","Backstab","Acrobatics+1","Crow Ritual+1","Slice+1","Expertise+1","hubris:TrickCloak+1","Masterful Stab","Concentrate","Calculated Gamble+1"],"relics":["Ring of the Serpent","hubris:ToyBattleship","hubris:TenFootPole","Replay:Drink Me","Ornamental Fan","hubris:DeckOfHolding","Blood Vial","Boot","Replay:Grab Bag","ChewingGum","SlaversCollar","ReplayTheSpireMod:TigerMarble","Snack Pack","Sundial","CeramicFish"],"acts_visited":["Exordium","TheCity","TheBeyond"],"potions_floor_usage":[7,16,23,23],"damage_taken":[{"damage":3.0,"enemies":"2 Louse","floor":1.0,"turns":4.0},{"damage":0.0,"enemies":"Cultist","floor":2.0,"turns":4.0},{"damage":3.0,"enemies":"Small Slimes","floor":3.0,"turns":5.0},{"damage":6.0,"enemies":"2 Fungi Beasts","floor":5.0,"turns":4.0},{"damage":42,"enemies":"Gremlin Nob","floor":7,"turns":5},{"damage":1,"enemies":"Exordium Thugs","floor":9,"turns":5},{"damage":0,"enemies":"Exordium Thugs","floor":11,"turns":3},{"damage":4,"enemies":"Blue Slaver","floor":12,"turns":4},{"damage":0,"enemies":"2 Fungi Beasts","floor":14,"turns":2},{"damage":48,"enemies":"The Guardian","floor":16,"turns":16},{"damage":0,"enemies":"3 Byrds","floor":18,"turns":3},{"damage":1,"enemies":"Shell Parasite","floor":19,"turns":3},{"damage":4,"enemies":"Snecko","floor":20,"turns":4},{"damage":0,"enemies":"Centurion and Healer","floor":21,"turns":3},{"damage":0,"enemies":"Slavers","floor":23,"turns":3},{"damage":0,"enemies":"Cultist and Chosen","floor":25,"turns":3},{"damage":0,"enemies":"Snake Plant","floor":28,"turns":3},{"damage":2,"enemies":"Gremlin Leader","floor":29,"turns":4},{"damage":0,"enemies":"3 Cultists","floor":31,"turns":2},{"damage":0,"enemies":"Collector","floor":33,"turns":4},{"damage":0,"enemies":"Orb Walker","floor":35,"turns":3},{"damage":1,"enemies":"3 Darklings","floor":36,"turns":3},{"damage":0,"enemies":"Sphere and 2 Shapes","floor":37,"turns":2},{"damage":7,"enemies":"Jaw Worm Horde","floor":39,"turns":3},{"damage":0,"enemies":"Nemesis","floor":40,"turns":3},{"damage":0,"enemies":"R_Hoarder","floor":42,"turns":4},{"damage":0,"enemies":"4 Shapes","floor":44,"turns":4},{"damage":0,"enemies":"Writhing Mass","floor":45,"turns":3},{"damage":0,"enemies":"Giant Head","floor":46,"turns":2},{"damage":0,"enemies":"Transient","floor":47,"turns":5},{"damage":5,"enemies":"Spire Growth","floor":48,"turns":3},{"damage":2,"enemies":"Awakened One","floor":50,"turns":8}],"seed_played":"7387420206538526151","potions_obtained":[{"floor":2.0,"key":"Poison Potion"},{"floor":3.0,"key":"BlessingOfTheForge"},{"floor":7,"key":"Poison Potion"},{"floor":11,"key":"SkillPotion"},{"floor":14,"key":"LiquidMemories"},{"floor":16,"key":"AttackPotion"},{"floor":18,"key":"CunningPotion"},{"floor":20,"key":"ColorlessPotion"},{"floor":23,"key":"Ancient Potion"},{"floor":25,"key":"Adrenaline Potion"}],"is_trial":false,"path_per_floor":["M","M","M","?","M","R","E","R","MIM","R","M","M","R","M","R","B",null,"M","M","M","M","$","E","R","M","T","R","M","E","?","M","R","B",null,"M","M","M","?","M","E","R","E","T","M","M","E","M","M","R","B",null],"character_chosen":"THE_SILENT","items_purchased":["Ornamental Fan"],"campfire_rested":2,"item_purchase_floors":[22],"current_hp_per_floor":[74,74,71,64,58,58,16,39,38,38,38,34,34,34,57,9,46,46,45,41,41,41,41,41,41,41,41,43,43,43,45,45,47,55,57,57,58,58,51,53,53,55,55,58,58,58,58,58,58,58],"gold":625,"neow_bonus":"TEN_PERCENT_HP_BONUS","is_daily":false,"chose_seed":false,"campfire_upgraded":8,"win_rate":0.0,"timestamp":1609863291,"path_taken":["M","M","M","?","M","R","E","R","MIM","R","M","M","R","M","R","BOSS","M","M","M","?","$","E","R","M","T","R","M","E","?","M","R","BOSS","M","M","M","?","M","E","R","E","T","M","M","E","M","M","R","BOSS"],"items_purchased_type":["Relic"],"build_version":"2020-12-22","purchased_purges":1,"victory":true,"max_hp_per_floor":[77,77,77,77,77,77,77,77,77,77,77,77,77,77,77,77,58,58,58,58,58,58,58,58,58,58,58,58,58,58,58,58,58,58,58,58,58,58,58,58,58,58,58,58,58,58,58,58,58,58],"card_choices":[{"not_picked":["Deflect","ReplayTheSpireMod:Exploit Weakness"],"picked":"Heel Hook","floor":1.0},{"not_picked":["Deadly Poison","Terror"],"picked":"ReplayTheSpireMod:Scrap Shanks","floor":2.0},{"not_picked":["Leg Sweep","Dodge and Roll"],"picked":"Calculated Gamble","floor":3.0},{"not_picked":["Fluid Movement","Endless Agony"],"picked":"Acrobatics","floor":5.0},{"not_picked":["Dodge and Roll","PiercingWail"],"picked":"Masterful Stab","floor":7},{"not_picked":["aspiration:Lunge","Fluid Movement"],"picked":"Deflect","floor":9},{"not_picked":["Catalyst","Outmaneuver"],"picked":"Tactician","floor":11},{"not_picked":["hubris:Counter","Sneak Up"],"picked":"Prepared","floor":12},{"not_picked":["ReplayTheSpireMod:Exploit Weakness","ReplayTheSpireMod:Speed Training"],"picked":"All Out Attack","floor":14},{"not_picked":["Doppelganger","Corpse Explosion"],"picked":"Storm of Steel","floor":16},{"not_picked":["hubris:SlightOfHand","Skewer","PiercingWail"],"picked":"SKIP","floor":18},{"not_picked":["Flying Knee+1","Bane+1"],"picked":"Prepared","floor":19},{"not_picked":["Blade Dance","Acrobatics","Outmaneuver"],"picked":"SKIP","floor":20},{"not_picked":["Noxious Fumes","Crippling Poison+1","Doppelganger"],"picked":"SKIP","floor":21},{"not_picked":["Dagger Spray","Catalyst"],"picked":"Tools of the Trade","floor":23},{"not_picked":["Endless Agony","Cloak And Dagger","Dodge and Roll"],"picked":"SKIP","floor":25},{"not_picked":["Dodge and Roll","Bane"],"picked":"Prepared","floor":28},{"not_picked":["Setup","Leg Sweep","Blur"],"picked":"SKIP","floor":29},{"not_picked":["Outmaneuver+1","Bane"],"picked":"Expertise","floor":31},{"not_picked":["Glass Knife","Wraith Form v2"],"picked":"After Image","floor":33},{"not_picked":["Expertise","Poisoned Stab+1"],"picked":"Backstab","floor":35},{"not_picked":["Outmaneuver+1","Cloak And Dagger"],"picked":"Acrobatics+1","floor":36},{"not_picked":["Infinite Blades","Dagger Spray","Outmaneuver+1"],"picked":"SKIP","floor":37},{"not_picked":["ReplayTheSpireMod:Necrogeddon","Purity"],"picked":"Crow Ritual","floor":38},{"not_picked":["Bane+1","Quick Slash"],"picked":"Slice+1","floor":39},{"not_picked":["Riddle With Holes+1","Sucker Punch","Deflect"],"picked":"SKIP","floor":40},{"not_picked":["Quick Slash","Night Terror"],"picked":"Expertise+1","floor":42},{"not_picked":["Deadly Poison","Cloak And Dagger+1"],"picked":"hubris:TrickCloak+1","floor":44},{"not_picked":["Cloak And Dagger","Quick Slash","Flying Knee+1"],"picked":"SKIP","floor":45},{"not_picked":["Quick Slash","Envenom"],"picked":"Masterful Stab","floor":46},{"not_picked":["Cloak And Dagger+1","Deadly Poison"],"picked":"Concentrate","floor":47},{"not_picked":["Fluid Movement+1","Blade Dance"],"picked":"Calculated Gamble+1","floor":48}],"player_experience":238289,"relics_obtained":[{"floor":7,"key":"hubris:ToyBattleship"},{"floor":9,"key":"hubris:TenFootPole"},{"floor":23,"key":"hubris:DeckOfHolding"},{"floor":26,"key":"Blood Vial"},{"floor":29,"key":"Boot"},{"floor":40,"key":"ReplayTheSpireMod:TigerMarble"},{"floor":42,"key":"Snack Pack"},{"floor":43,"key":"Sundial"},{"floor":46,"key":"CeramicFish"}],"event_choices":[{"damage_healed":0.0,"max_hp_gain":0.0,"max_hp_loss":0.0,"gold_gain":75.0,"event_name":"FaceTrader","player_choice":"Touch","floor":4.0,"gold_loss":0.0,"damage_taken":7.0},{"damage_healed":0,"gold_gain":0,"player_choice":"Ignored","damage_taken":0,"max_hp_gain":0,"max_hp_loss":0,"event_name":"Ghosts","floor":30,"gold_loss":0},{"damage_healed":0,"gold_gain":0,"player_choice":"Memory 1","damage_taken":0,"max_hp_gain":0,"max_hp_loss":0,"event_name":"SensoryStone","floor":38,"gold_loss":0}],"is_beta":false,"boss_relics":[{"not_picked":["Coffee Dripper","Busted Crown"],"picked":"Replay:Drink Me"},{"not_picked":["Painkiller Herb","aspiration:RitualDagger"],"picked":"Replay:Grab Bag"},{"not_picked":["hubris:CrackedHourglass","Sozu"],"picked":"ChewingGum"},{"not_picked":["Runic Dome","Velvet Choker"],"picked":"SlaversCollar"},{"not_picked":["aspiration:DefectSkillbook","hubris:BlackHole"],"picked":"Ring of the Serpent"}],"items_purged_floors":[22],"is_endless":false,"potions_floor_spawned":[2,3,7,11,14,16,18,20,21,23,25,33,35,37,39,46,48],"ascension_level":5}}