{"host":"6za4ayowsop7ft3x","time":1609835920,"event":{"mods":["AchievementEnabler","BaseMod","Bestiary","Colored Map","Colored Powertips","Curses Come First","Highlight Path","Minty Spire (QoL Compilation)","Quick Restart","StSLib"],"gold_per_floor":[117,131,143,98,98,98,129,129,129,54,54,54,86,16,16,115,115,89,89,89,100,115,115,143,160,460,491,491,491,51,65,65,162,162,180,197,2,2,2,37,11,31,31,61,73,73],"floor_reached":45,"playtime":1815,"items_purged":["Strike_G"],"score":569,"play_id":"a7093cbb-b034-4e78-b251-f95f96d208f6","local_time":"20210105163840","is_ascension_mode":true,"campfire_choices":[{"data":"Deadly Poison","floor":6,"key":"SMITH"},{"floor":8,"key":"REST"},{"data":"Deadly Poison","floor":15,"key":"SMITH"},{"floor":23,"key":"REST"},{"floor":28,"key":"REST"},{"floor":32,"key":"REST"}],"circlet_count":0,"master_deck":["Strike_G","Strike_G","Defend_G","Defend_G","Defend_G","Defend_G","Defend_G","Survivor","Neutralize","Footwork+1","Blur","Deadly Poison+1","Catalyst","Deadly Poison+1","Footwork","Bullet Time","Corpse Explosion","Deflect+1","Crippling Poison+1","Glass Knife","Skewer","Flash of Steel","Poisoned Stab","Sadistic Nature","Stack+1","Pommel Strike+1"],"relics":["Ring of the Snake","NeowsBlessing","Pocketwatch","Ornamental Fan","Letter Opener","Runic Pyramid","Bag of Preparation","Old Coin","Bag of Marbles","Strawberry","PrismaticShard","Black Star","Membership Card","Orichalcum","Du-Vu Doll","Incense Burner","MawBank","Mummified Hand"],"acts_visited":["Exordium","TheCity","TheBeyond"],"potions_floor_usage":[33,33,33,40,45,45,45],"damage_taken":[{"damage":0,"enemies":"Jaw Worm","floor":1,"turns":1},{"damage":0,"enemies":"Cultist","floor":2,"turns":1},{"damage":0,"enemies":"Small Slimes","floor":3,"turns":1},{"damage":3,"enemies":"Looter","floor":4,"turns":5},{"damage":37,"enemies":"Gremlin Nob","floor":7,"turns":6},{"damage":5,"enemies":"3 Sentries","floor":13,"turns":15},{"damage":1,"enemies":"The Guardian","floor":16,"turns":7},{"damage":14,"enemies":"2 Thieves","floor":18,"turns":5},{"damage":23,"enemies":"Spheric Guardian","floor":21,"turns":5},{"damage":0,"enemies":"Snake Plant","floor":22,"turns":3},{"damage":20,"enemies":"Book of Stabbing","floor":24,"turns":6},{"damage":10,"enemies":"Chosen and Byrds","floor":25,"turns":4},{"damage":16,"enemies":"Slavers","floor":27,"turns":3},{"damage":8,"enemies":"Shelled Parasite and Fungi","floor":31,"turns":3},{"damage":38,"enemies":"Automaton","floor":33,"turns":11},{"damage":30,"enemies":"3 Darklings","floor":35,"turns":4},{"damage":0,"enemies":"3 Shapes","floor":36,"turns":2},{"damage":34,"enemies":"Nemesis","floor":40,"turns":7},{"damage":15,"enemies":"Writhing Mass","floor":42,"turns":6},{"damage":0,"enemies":"Giant Head","floor":44,"turns":8},{"damage":7,"enemies":"3 Darklings","floor":45,"turns":1}],"seed_played":"-6772502341994831220","potions_obtained":[{"floor":3,"key":"SneckoOil"},{"floor":16,"key":"Weak Potion"},{"floor":25,"key":"AttackPotion"},{"floor":42,"key":"Ancient Potion"}],"is_trial":false,"path_per_floor":["M","M","M","M","?","R","E","R","T","$","?","?","E","$","R","B",null,"M","?","?","M","M","R","E","M","T","E","R","?","$","M","R","B",null,"M","M","$","?","?","E","$","M","T","E","M"],"character_chosen":"THE_SILENT","items_purchased":["Footwork","Strawberry","Flash of Steel","Poisoned Stab","PrismaticShard","Membership Card","Dexterity Potion","Strength Potion","Poison Potion"],"campfire_rested":4,"item_purchase_floors":[14,30,30,30,30,37,37,37,41],"current_hp_per_floor":[70,70,70,67,67,67,30,51,51,51,56,56,51,51,51,50,75,61,61,61,38,38,60,40,30,30,14,36,36,43,35,59,21,82,52,52,52,52,52,18,18,3,3,3,0,0],"gold":73,"neow_bonus":"THREE_ENEMY_KILL","is_daily":false,"chose_seed":false,"campfire_upgraded":2,"win_rate":0.0,"timestamp":1609835920,"path_taken":["M","M","M","M","?","R","E","R","T","?","?","?","E","$","R","BOSS","M","?","?","M","?","R","E","M","T","E","R","?","$","M","R","BOSS","M","M","$","?","?","E","$","M","T","E","M"],"items_purchased_type":["Card","Relic","Card","Card","Relic","Relic","Potion","Potion","Potion"],"build_version":"2020-12-22","purchased_purges":1,"victory":false,"max_hp_per_floor":[70,70,70,70,70,70,70,70,70,70,75,75,75,75,75,75,75,75,75,75,75,75,75,75,75,75,75,75,75,82,82,82,82,82,82,82,82,78,78,78,78,78,78,78,78,78],"card_choices":[{"not_picked":["Flying Knee","Outmaneuver"],"picked":"Footwork","floor":1},{"not_picked":["Dash","Dodge and Roll"],"picked":"Blur","floor":2},{"not_picked":["Finisher","Acrobatics","PiercingWail"],"picked":"SKIP","floor":3},{"not_picked":["After Image","Dodge and Roll"],"picked":"Deadly Poison","floor":4},{"not_picked":["Underhanded Strike","Escape Plan"],"picked":"Catalyst","floor":7},{"not_picked":["Blade Dance","Slice"],"picked":"Deadly Poison","floor":13},{"not_picked":["Envenom","Wraith Form v2"],"picked":"Bullet Time","floor":16},{"not_picked":["PiercingWail","Dodge and Roll","Quick Slash"],"picked":"SKIP","floor":18},{"not_picked":["Catalyst","Heel Hook","Prepared"],"picked":"SKIP","floor":21},{"not_picked":["Blur","Riddle With Holes+1"],"picked":"Deflect+1","floor":22},{"not_picked":["Well Laid Plans+1","Dodge and Roll"],"picked":"Crippling Poison+1","floor":24},{"not_picked":["Underhanded Strike+1","Bane","Outmaneuver"],"picked":"SKIP","floor":25},{"not_picked":["Phantasmal Killer","Deadly Poison","Dash+1"],"picked":"SKIP","floor":27},{"not_picked":["EmptyFist","Poisoned Stab","Cloak And Dagger"],"picked":"SKIP","floor":31},{"not_picked":["Fission","Amplify"],"picked":"Sadistic Nature","floor":33},{"not_picked":["CrushJoints","Streamline","Expertise"],"picked":"SKIP","floor":35},{"not_picked":["Deflect+1","SashWhip+1","Blade Dance"],"picked":"SKIP","floor":36},{"not_picked":["Perfected Strike","Brutality"],"picked":"Stack+1","floor":40},{"not_picked":["Rebound","Swift Strike"],"picked":"Pommel Strike+1","floor":42},{"not_picked":["PathToVictory","Dagger Spray","ReachHeaven"],"picked":"SKIP","floor":44}],"player_experience":33721,"relics_obtained":[{"floor":7,"key":"Pocketwatch"},{"floor":9,"key":"Ornamental Fan"},{"floor":13,"key":"Letter Opener"},{"floor":24,"key":"Bag of Preparation"},{"floor":26,"key":"Old Coin"},{"floor":27,"key":"Bag of Marbles"},{"floor":40,"key":"Orichalcum"},{"floor":40,"key":"Du-Vu Doll"},{"floor":43,"key":"Incense Burner"},{"floor":44,"key":"MawBank"},{"floor":44,"key":"Mummified Hand"}],"event_choices":[{"damage_healed":0,"gold_gain":0,"player_choice":"Forge","damage_taken":0,"max_hp_gain":0,"max_hp_loss":0,"event_name":"Accursed Blacksmith","floor":5,"gold_loss":0,"cards_upgraded":["Footwork"]},{"damage_healed":0,"gold_gain":0,"player_choice":"Donut","damage_taken":0,"max_hp_gain":5,"max_hp_loss":0,"event_name":"Big Fish","floor":11,"gold_loss":0},{"damage_healed":0,"gold_gain":0,"player_choice":"Ignored","damage_taken":0,"max_hp_gain":0,"max_hp_loss":0,"event_name":"Liars Game","floor":12,"gold_loss":0},{"damage_healed":0,"gold_gain":0,"player_choice":"Ignored","damage_taken":0,"max_hp_gain":0,"max_hp_loss":0,"event_name":"The Mausoleum","floor":19,"gold_loss":0},{"damage_healed":0,"gold_gain":0,"player_choice":"Read","damage_taken":0,"max_hp_gain":0,"max_hp_loss":0,"event_name":"The Library","floor":20,"gold_loss":0,"cards_obtained":["Corpse Explosion"]},{"damage_healed":0,"gold_gain":0,"cards_transformed":["Strike_G","Strike_G"],"player_choice":"Became Test Subject","damage_taken":0,"max_hp_gain":0,"max_hp_loss":0,"event_name":"Drug Dealer","floor":29,"gold_loss":0,"cards_obtained":["Glass Knife","Skewer"]},{"damage_healed":0,"gold_gain":0,"player_choice":"Max HP","damage_taken":0,"max_hp_gain":0,"max_hp_loss":4,"event_name":"Winding Halls","floor":38,"gold_loss":0},{"damage_healed":0,"gold_gain":0,"player_choice":"Ignored","damage_taken":0,"max_hp_gain":0,"max_hp_loss":0,"event_name":"Tomb of Lord Red Mask","floor":39,"gold_loss":0}],"is_beta":false,"boss_relics":[{"not_picked":["Tiny House","Fusion Hammer"],"picked":"Runic Pyramid"},{"not_picked":["Philosopher\u0027s Stone","Empty Cage"],"picked":"Black Star"}],"items_purged_floors":[10],"is_endless":false,"potions_floor_spawned":[3,13,16,25,27,31,35,42],"killed_by":"3 Darklings","ascension_level":1}}