{"host":"gg","time":1609810640,"event":{"mods":["BaseMod","Colored Map","Googly Eyes","Minty Spire (QoL Compilation)","Permanent Neow","Relic Stats","The IronCluck"],"gold_per_floor":[118,133,183,201,276,276,308,308,308,34,66,66,117,149,149,220,220,240,257,257,257,257],"floor_reached":21,"playtime":2393,"items_purged":[],"score":361,"play_id":"27e2635a-26c1-4a07-ae63-8e41ff22abe5","local_time":"20210104173720","is_ascension_mode":true,"campfire_choices":[{"data":"Eruption","floor":6.0,"key":"SMITH"},{"data":"SashWhip","floor":8.0,"key":"SMITH"},{"data":"FearNoEvil","floor":15.0,"key":"SMITH"}],"circlet_count":0,"master_deck":["AscendersBane","Strike_P","Strike_P","Strike_P","Strike_P","Defend_P","Defend_P","Defend_P","Defend_P","Eruption+1","Vigilance","SashWhip+1","FollowUp","SashWhip","FearNoEvil+1","Halt+1","Meditate+1","Blasphemy+1","Study+1","Consecrate"],"relics":["Sozu","Incense Burner","Toxic Egg 2","PreservedInsect","Matryoshka","Strawberry","Dream Catcher","Vajra","VioletLotus"],"acts_visited":["Exordium","TheCity"],"potions_floor_usage":[],"damage_taken":[{"damage":6.0,"enemies":"Cultist","floor":1.0,"turns":4.0},{"damage":1.0,"enemies":"Jaw Worm","floor":2.0,"turns":3.0},{"damage":0.0,"enemies":"2 Louse","floor":4.0,"turns":3.0},{"damage":2.0,"enemies":"Gremlin Nob","floor":7.0,"turns":3.0},{"damage":5.0,"enemies":"3 Sentries","floor":11.0,"turns":4.0},{"damage":1.0,"enemies":"Gremlin Nob","floor":14.0,"turns":3.0},{"damage":8,"enemies":"Hexaghost","floor":16,"turns":8},{"damage":22,"enemies":"Shell Parasite","floor":18,"turns":5},{"damage":40,"enemies":"3 Byrds","floor":19,"turns":8},{"damage":7,"enemies":"Cultist and Chosen","floor":21,"turns":3}],"seed_played":"5248602528693974655","potions_obtained":[],"is_trial":false,"path_per_floor":["M","M","?","M","?","R","E","R","T","$","E","?","T","E","R","B",null,"M","M","?","M"],"character_chosen":"WATCHER","items_purchased":["PreservedInsect","FearNoEvil","Halt+1"],"campfire_rested":0,"item_purchase_floors":[10,10,10],"current_hp_per_floor":[55,54,54,54,43,43,41,41,41,41,36,36,43,42,42,34,65,43,3,3,0,0],"gold":257,"neow_bonus":"BOSS_RELIC","is_daily":false,"chose_seed":false,"campfire_upgraded":3,"win_rate":0.0,"timestamp":1609810640,"path_taken":["M","M","?","?","?","R","E","R","T","?","E","?","?","E","R","BOSS","M","M","?","M"],"items_purchased_type":["Relic","Card","Card"],"build_version":"2020-12-18","purchased_purges":0,"victory":false,"max_hp_per_floor":[68,68,68,68,68,68,68,68,68,68,68,68,75,75,75,75,75,75,75,75,75,75],"relic_stats":{"Sozu":4,"Dream Catcher":0,"counters":[10,44],"PreservedInsect":54,"VioletLotus":[4],"obtain_stats":[{"Sozu":0,"Dream Catcher":13,"Matryoshka":11,"Strawberry":13,"Vajra":14,"PreservedInsect":10,"VioletLotus":17,"Incense Burner":7,"PureWater":0,"Toxic Egg 2":9},{"Sozu":0,"Dream Catcher":5,"Matryoshka":5,"Strawberry":5,"Vajra":6,"PreservedInsect":4,"VioletLotus":7,"Incense Burner":4,"PureWater":0,"Toxic Egg 2":4},{"Sozu":0,"Dream Catcher":17,"Matryoshka":17,"Strawberry":17,"Vajra":20,"PreservedInsect":13,"VioletLotus":28,"Incense Burner":13,"PureWater":0,"Toxic Egg 2":13}]},"card_choices":[{"not_picked":["Indignation","WaveOfTheHand"],"picked":"SashWhip","floor":1.0},{"not_picked":["Swivel","ClearTheMind","WindmillStrike"],"picked":"SKIP","floor":2.0},{"not_picked":["Pray","Protect"],"picked":"FollowUp","floor":4.0},{"not_picked":["Perseverance","FollowUp"],"picked":"SashWhip","floor":7.0},{"not_picked":["FearNoEvil","Crescendo+1"],"picked":"Meditate+1","floor":11.0},{"not_picked":["WreathOfFlame+1","FearNoEvil","SashWhip"],"picked":"SKIP","floor":14.0},{"not_picked":["ConjureBlade+1","Establishment"],"picked":"Blasphemy+1","floor":16},{"not_picked":["Prostrate+1","EmptyBody+1"],"picked":"Study+1","floor":18},{"not_picked":["Evaluate+1","Meditate+1","ConjureBlade+1"],"picked":"SKIP","floor":19}],"player_experience":1041468,"relics_obtained":[{"floor":7.0,"key":"Incense Burner"},{"floor":9.0,"key":"Toxic Egg 2"},{"floor":11.0,"key":"Matryoshka"},{"floor":13.0,"key":"Strawberry"},{"floor":13.0,"key":"Dream Catcher"},{"floor":14.0,"key":"Vajra"}],"event_choices":[{"damage_healed":0.0,"max_hp_gain":0.0,"max_hp_loss":0.0,"gold_gain":50.0,"event_name":"Golden Shrine","player_choice":"Pray","floor":3.0,"gold_loss":0.0,"damage_taken":0.0},{"damage_healed":0.0,"max_hp_gain":0.0,"max_hp_loss":0.0,"gold_gain":75.0,"event_name":"World of Goop","player_choice":"Gather Gold","floor":5.0,"gold_loss":0.0,"damage_taken":11.0},{"damage_healed":0.0,"max_hp_gain":0.0,"max_hp_loss":0.0,"gold_gain":0.0,"event_name":"The Cleric","player_choice":"Leave","floor":12.0,"gold_loss":0.0,"damage_taken":0.0},{"damage_healed":0,"gold_gain":0,"player_choice":"1 cards matched","damage_taken":0,"max_hp_gain":0,"max_hp_loss":0,"event_name":"Match and Keep!","floor":20,"gold_loss":0,"cards_obtained":["Consecrate"]}],"is_beta":true,"boss_relics":[{"not_picked":["Tiny House","Fusion Hammer"],"picked":"VioletLotus"}],"items_purged_floors":[],"is_endless":false,"potions_floor_spawned":[1,2,7,11],"killed_by":"Cultist and Chosen","ascension_level":17}}