{"host":"qn3py9t0m14v0dc6","time":1609812197,"event":{"mods":["AchievementEnabler","BaseMod","Colored Map","Evolution","Minty Spire (QoL Compilation)","Spicy Shops","StSLib"],"gold_per_floor":[116,136,136,61,71,102,102,102,114,126,165,192,236,248,260,272,272],"floor_reached":16,"playtime":662,"items_purged":["Defend_B"],"score":150,"play_id":"673ec26c-afbe-4e08-a51a-ed9de3d47a4b","local_time":"20210104200317","is_ascension_mode":true,"campfire_choices":[{"data":"Redo","floor":7,"key":"SMITH"},{"data":"Dualcast","floor":10,"key":"SMITH"},{"data":"White Noise","floor":15,"key":"SMITH"}],"circlet_count":0,"master_deck":["Strike_B+1","Strike_B","Strike_B","Strike_B","Defend_B","Defend_B","Zap","Dualcast+1","Sunder","Darkness","Coolheaded","Redo+1","Cold Snap","FTL+1","White Noise+1","Coolheaded"],"relics":["Cracked Core","EVO:Axolotl","Ornamental Fan","MawBank","Happy Flower","StoneCalendar","Smiling Mask"],"acts_visited":["Exordium"],"potions_floor_usage":[6,13],"damage_taken":[{"damage":0,"enemies":"2 Louse","floor":1,"turns":2},{"damage":0,"enemies":"Cultist","floor":2,"turns":3},{"damage":0,"enemies":"Small Slimes","floor":5,"turns":3},{"damage":21,"enemies":"Gremlin Nob","floor":6,"turns":4},{"damage":23,"enemies":"Lagavulin","floor":11,"turns":5},{"damage":0,"enemies":"3 Louse","floor":12,"turns":2},{"damage":0,"enemies":"3 Sentries","floor":13,"turns":4},{"damage":12,"enemies":"The Guardian","floor":16,"turns":4}],"seed_played":"7283257736557697472","potions_obtained":[{"floor":1,"key":"FearPotion"},{"floor":11,"key":"Fire Potion"},{"floor":13,"key":"SmokeBomb"}],"is_trial":false,"path_per_floor":["M","M","?","$","M","E","R","?","T","R","E","M","E","?","R","B"],"character_chosen":"DEFECT","items_purchased":[],"campfire_rested":0,"item_purchase_floors":[],"current_hp_per_floor":[75,75,75,75,75,54,54,47,47,47,24,24,24,9,9,0,0],"gold":272,"neow_bonus":"TRANSFORM_CARD","is_daily":false,"chose_seed":false,"campfire_upgraded":3,"win_rate":0.0,"timestamp":1609812197,"path_taken":["M","M","?","$","?","E","R","?","T","R","E","M","E","?","R","BOSS"],"items_purchased_type":[],"build_version":"2020-12-22","purchased_purges":1,"victory":false,"max_hp_per_floor":[75,75,75,75,75,75,75,75,75,75,75,75,75,75,75,75,75],"card_choices":[{"not_picked":["Recycle","Lockon"],"picked":"Darkness","floor":1},{"not_picked":["Stack","Chaos"],"picked":"Coolheaded","floor":2},{"not_picked":["Rebound","Go for the Eyes"],"picked":"Redo","floor":5},{"not_picked":["Barrage","Conserve Battery"],"picked":"Cold Snap","floor":6},{"not_picked":["Skim","Static Discharge"],"picked":"FTL","floor":11},{"not_picked":["Streamline","Gash"],"picked":"White Noise","floor":12},{"not_picked":["FTL","Leap"],"picked":"Coolheaded","floor":13}],"player_experience":257304,"relics_obtained":[{"floor":6,"key":"Ornamental Fan"},{"floor":9,"key":"Happy Flower"},{"floor":11,"key":"StoneCalendar"},{"floor":13,"key":"Smiling Mask"}],"event_choices":[{"damage_healed":0,"gold_gain":0,"player_choice":"Bought 0 Potions","damage_taken":0,"max_hp_gain":0,"max_hp_loss":0,"event_name":"The Woman in Blue","floor":3,"gold_loss":0},{"damage_healed":0,"gold_gain":0,"player_choice":"Success","damage_taken":7,"relics_obtained":["MawBank"],"max_hp_gain":0,"max_hp_loss":0,"event_name":"Scrap Ooze","floor":8,"gold_loss":0},{"damage_healed":0,"gold_gain":0,"player_choice":"Entered Light","damage_taken":15,"max_hp_gain":0,"max_hp_loss":0,"event_name":"Shining Light","floor":14,"gold_loss":0,"cards_upgraded":["Strike_B","FTL"]}],"is_beta":false,"boss_relics":[],"items_purged_floors":[4],"is_endless":false,"potions_floor_spawned":[1,11,13],"killed_by":"The Guardian","ascension_level":1}}