{"host":"d1za9dvx43o9v494","time":1609849147,"event":{"mods":["2.2 Compatiblity","BaseMod","Better-Laid Plans","Colored Map","Downfall","Emptier Cage","Marked Mod","Minty Spire (QoL Compilation)","Permanent Neow","StSLib"],"gold_per_floor":[99,110,165,165,50,66,120,5,5,31,31,43,55,85,98,197,197,97,108,121,132,144,144,170,200,197,9,41,398,410,438,460,574,586,598,622,634,696,286,313,313,313,324,355,373,402,402,257,275,275,275,300,150,150,150,150,150,150],"floor_reached":57,"playtime":5780,"items_purged":["downfall:Malfunctioning","bronze:Strike","bronze:Strike","bronze:Goto"],"score":862,"play_id":"3cebf7b4-8014-43fc-8488-7f0fbd534bbf","local_time":"20210105151907","is_ascension_mode":true,"campfire_choices":[{"data":"bronze:Branch","floor":1.0,"key":"SMITH"},{"floor":9.0,"key":"RECALL"},{"data":"bronze:Verify","floor":18.0,"key":"SMITH"},{"data":"bronze:Separator","floor":27,"key":"SMITH"},{"data":"bronze:Separator","floor":35,"key":"SMITH"},{"floor":47,"key":"REST"},{"data":"bronze:Iterate","floor":54,"key":"SMITH"}],"circlet_count":0,"master_deck":["bronze:Strike+1","bronze:Defend","bronze:Defend","bronze:Defend+1","bronze:Defend","bronze:Replicate+1","bronze:Branch+1","bronze:Optimize","bronze:WhirlingStrike","bronze:WhirlingStrike+1","bronze:Verify+1","bronze:Repair","bronze:Separator+1","bronze:InfiniteLoop+1","bronze:FineTuning+1","bronze:Separator+1","bronze:Verify+1","bronze:Iterate+1","bronze:CloningBeam+1"],"relics":["bronze:BronzeCore","Orichalcum","Guardian:PocketSentry","MealTicket","bronze:SilverBullet","SlaversCollar","downfall:HeartBlessingRed","MawBank","downfall:HeartBlessingGreen","downfall:HeartBlessingBlue","Enchiridion","Runic Pyramid","Lizard Tail","DollysMirror","Whetstone","Potion Belt","Ginger","Dream Catcher","Frozen Egg 2","TheAbacus","Bird Faced Urn"],"acts_visited":["Exordium","TheCity","TheBeyond","TheEnding"],"potions_floor_usage":[32,50],"damage_taken":[{"damage":1.0,"enemies":"Jaw Worm","floor":2.0,"turns":3.0},{"damage":0.0,"enemies":"3 Sentries","floor":3.0,"turns":1.0},{"damage":0.0,"enemies":"downfall:FleeingMerchant","floor":5.0,"turns":4.0},{"damage":0.0,"enemies":"2 Louse","floor":6.0,"turns":2.0},{"damage":5.0,"enemies":"downfall:FleeingMerchant","floor":8.0,"turns":4.0},{"damage":9.0,"enemies":"3 Sentries","floor":10.0,"turns":4.0},{"damage":0.0,"enemies":"Cultist","floor":12.0,"turns":3.0},{"damage":1.0,"enemies":"3 Louse","floor":13.0,"turns":2.0},{"damage":6.0,"enemies":"Gremlin Nob","floor":14.0,"turns":4.0},{"damage":4.0,"enemies":"Exordium Thugs","floor":15.0,"turns":2.0},{"damage":47.0,"enemies":"ArchetypeAct1Statuses","floor":16.0,"turns":10.0},{"damage":4.0,"enemies":"Chosen","floor":19.0,"turns":4.0},{"damage":2.0,"enemies":"3 Byrds","floor":20.0,"turns":4.0},{"damage":4.0,"enemies":"3 Cultists","floor":21.0,"turns":3.0},{"damage":11.0,"enemies":"Snecko","floor":22.0,"turns":5.0},{"damage":10.0,"enemies":"Gremlin Leader","floor":25.0,"turns":6.0},{"damage":15.0,"enemies":"downfall:FleeingMerchant","floor":26.0,"turns":4.0},{"damage":2,"enemies":"Centurion and Healer","floor":28,"turns":4},{"damage":0,"enemies":"downfall:FleeingMerchant","floor":29,"turns":2},{"damage":15,"enemies":"Snake Plant","floor":31,"turns":4},{"damage":8,"enemies":"Cultist and Chosen","floor":32,"turns":4},{"damage":28,"enemies":"downfall:Defect","floor":33,"turns":7},{"damage":10,"enemies":"3 Shapes","floor":36,"turns":5},{"damage":0,"enemies":"3 Shapes","floor":38,"turns":4},{"damage":21,"enemies":"Nemesis","floor":40,"turns":5},{"damage":0,"enemies":"Orb Walker","floor":43,"turns":3},{"damage":20,"enemies":"Reptomancer","floor":44,"turns":5},{"damage":2,"enemies":"Transient","floor":45,"turns":5},{"damage":2,"enemies":"Nemesis","floor":46,"turns":5},{"damage":40,"enemies":"Maw","floor":49,"turns":6},{"damage":13,"enemies":"downfall:Silent","floor":50,"turns":2},{"damage":0,"enemies":"downfall:CharBossMerchant","floor":52,"turns":3},{"damage":99,"enemies":"downfall:NeowBoss","floor":57,"turns":8}],"seed_played":"7515203467940617486","potions_obtained":[{"floor":3.0,"key":"Ancient Potion"},{"floor":6.0,"key":"Guardian:BlockOnCardUsePotion"},{"floor":12.0,"key":"FearPotion"},{"floor":13.0,"key":"PowerPotion"},{"floor":20.0,"key":"BlessingOfTheForge"},{"floor":22.0,"key":"ColorlessPotion"},{"floor":28,"key":"FearPotion"},{"floor":31,"key":"hexamod:SoulburnPotion"},{"floor":33,"key":"Regen Potion"},{"floor":40,"key":"EntropicBrew"},{"floor":44,"key":"PowerPotion"},{"floor":52,"key":"SkillPotion"}],"is_trial":false,"path_per_floor":["R","M","?","?","$","M","T","$","R","E","?","M","M","E","M","B",null,"R","M","M","M","M","?","T","E","$","R","M","$","?","M","M","B",null,"R","M","?","?","$","E","T","?","M","E","M","E","R","?","M","B",null,"E","$","R","B","B","B"],"character_chosen":"THE_AUTOMATON","items_purchased":["bronze:WhirlingStrike","DollysMirror","Whetstone","TheAbacus"],"campfire_rested":1,"item_purchase_floors":[5,39,39,48],"current_hp_per_floor":[70,69,69,69,69,69,69,64,64,55,55,55,70,70,70,40,70,70,66,70,66,61,61,61,68,64,74,80,80,64,59,58,47,80,80,77,77,80,80,59,59,59,59,50,59,68,80,80,47,39,80,80,80,80,9,25,0,0],"gold":150,"neow_bonus":"THREE_CARDS","is_daily":false,"chose_seed":false,"campfire_upgraded":5,"win_rate":0.0,"timestamp":1609849147,"path_taken":["R","M","?","?","$","M","T","$","R","E","?","M","M","E","M","BOSS","R","M","M","?","M","?","T","E","?","R","M","$","?","M","M","BOSS","R","M","?","?","?","E","T","?","M","E","?","E","R","?","M","BOSS","E","$","R","BOSS","BOSS","BOSS"],"items_purchased_type":["Card","Relic","Relic","Relic"],"build_version":"2020-12-22","purchased_purges":4,"victory":false,"max_hp_per_floor":[70,70,70,70,70,70,70,70,70,70,70,70,70,70,70,70,70,70,70,70,70,70,70,70,70,70,80,80,80,80,80,80,80,80,80,80,80,80,80,80,80,80,80,80,80,80,80,80,80,80,80,80,80,80,80,80,80,80],"card_choices":[{"not_picked":["bronze:Allocate","bronze:Repair"],"picked":"bronze:Branch","floor":0.0},{"not_picked":["bronze:OilSpill","bronze:Overheat","bronze:DelayedSlice"],"picked":"SKIP","floor":2.0},{"not_picked":["bronze:ChildClass","bronze:OilSpill"],"picked":"bronze:Optimize","floor":3.0},{"not_picked":["bronze:GetLatest","bronze:SearingBeam"],"picked":"bronze:WhirlingStrike","floor":5.0},{"not_picked":["bronze:WildBeam","bronze:WhirlingStrike","bronze:BronzeArmor"],"picked":"SKIP","floor":6.0},{"not_picked":["bronze:InfiniteBeams","bronze:Overheat"],"picked":"bronze:Repair","floor":8.0},{"not_picked":["bronze:Fortify","bronze:DelayedGuard"],"picked":"bronze:Verify","floor":10.0},{"not_picked":["bronze:Iterate","bronze:RecursiveStrike"],"picked":"bronze:Repair","floor":12.0},{"not_picked":["bronze:WildBeam","bronze:Optimize"],"picked":"bronze:Separator","floor":13.0},{"not_picked":["bronze:Constructor","bronze:Deprecate","bronze:Format"],"picked":"SKIP","floor":14.0},{"not_picked":["bronze:FineTuning","bronze:Overload","bronze:DelayedGuard"],"picked":"SKIP","floor":15.0},{"not_picked":["bronze:CleanCode","bronze:Format"],"picked":"bronze:InfiniteLoop","floor":16.0},{"not_picked":["bronze:Turbo","bronze:WildBeam","bronze:DarkDash"],"picked":"SKIP","floor":19.0},{"not_picked":["bronze:BuggyMess+1","bronze:Allocate"],"picked":"bronze:FineTuning+1","floor":20.0},{"not_picked":["bronze:OilSpill","bronze:Optimize"],"picked":"bronze:Separator","floor":21.0},{"not_picked":["bronze:CutThrough","bronze:Turbo","bronze:Constructor"],"picked":"SKIP","floor":22.0},{"not_picked":["bronze:ThunderWave","bronze:ForLoop+1","bronze:WildBeam"],"picked":"SKIP","floor":25.0},{"not_picked":["bronze:ChildClass+1","bronze:ClassDefault","bronze:Turbo"],"picked":"SKIP","floor":26.0},{"not_picked":["bronze:BronzeArmor+1","bronze:Invalidate","bronze:Constructor"],"picked":"SKIP","floor":28},{"not_picked":["bronze:Turbo","bronze:DarkDash","bronze:WhirlingStrike"],"picked":"SKIP","floor":29},{"not_picked":["bronze:Overheat","bronze:CleanCode","bronze:CutThrough"],"picked":"SKIP","floor":31},{"not_picked":["bronze:WhirlingStrike","bronze:MaxOutput","bronze:CutThrough"],"picked":"SKIP","floor":32},{"not_picked":["bronze:Philosophize+1","bronze:Overheat+1","bronze:WildBeam+1"],"picked":"SKIP","floor":36},{"not_picked":["bronze:BitShift","bronze:BuggyMess+1","bronze:ForLoop"],"picked":"SKIP","floor":40},{"not_picked":["bronze:Branch","bronze:Overload+1"],"picked":"bronze:Iterate","floor":43},{"not_picked":["bronze:ThunderWave","bronze:BitShift+1","bronze:Turbo+1"],"picked":"SKIP","floor":44},{"not_picked":["bronze:ForceShield","bronze:Overheat+1","bronze:OilSpill"],"picked":"SKIP","floor":45},{"not_picked":["bronze:Backtrace+1","bronze:Shell","bronze:BuggyMess+1"],"picked":"SKIP","floor":46},{"not_picked":["bronze:DigitalCarnage+1","bronze:FollowUp"],"picked":"bronze:CloningBeam+1","floor":47},{"not_picked":["bronze:Flail+1","bronze:Frontload+1","bronze:OilSpill+1"],"picked":"SKIP","floor":49},{"not_picked":["bronze:DelayedSlice+1","bronze:BugBarrage","bronze:RecursiveStrike"],"picked":"SKIP","floor":52}],"player_experience":650897,"relics_obtained":[{"floor":3.0,"key":"Orichalcum"},{"floor":7.0,"key":"Guardian:PocketSentry"},{"floor":10.0,"key":"MealTicket"},{"floor":14.0,"key":"bronze:SilverBullet"},{"floor":25.0,"key":"MawBank"},{"floor":30,"key":"Enchiridion"},{"floor":38,"key":"Lizard Tail"},{"floor":40,"key":"Potion Belt"},{"floor":41,"key":"Ginger"},{"floor":44,"key":"Dream Catcher"},{"floor":46,"key":"Frozen Egg 2"},{"floor":52,"key":"Bird Faced Urn"}],"event_choices":[{"cards_removed":["bronze:Repair"],"damage_healed":0,"gold_gain":0,"player_choice":"Removed Skill","damage_taken":0,"max_hp_gain":0,"max_hp_loss":0,"event_name":"Falling","floor":37,"gold_loss":0}],"is_beta":false,"boss_relics":[{"not_picked":["Calling Bell","Cursed Key"],"picked":"SlaversCollar"},{"not_picked":["Sozu","bronze:MakeshiftBattery"],"picked":"Runic Pyramid"}],"items_purged_floors":[5,8,39,53],"is_endless":false,"potions_floor_spawned":[3,6,12,13,20,22,28,31,33,36,40,44,49,52],"killed_by":"downfall:NeowBoss","ascension_level":1}}