{"host":"a4s27ghlnr83kbqz","time":1609849758,"event":{"mods":["AchievementEnabler","BaseMod","Colored Map","Minty Spire (QoL Compilation)","Permanent Neow","SuperFastMode"],"gold_per_floor":[118,130,146,160,179,179,214,214,287,312,330,346,366,2,2,74,74,85,98,23,36,36,36,36,86,86,86,101,119,119,137,137,211,211,224,124,140,190,190,190],"floor_reached":39,"playtime":993,"items_purged":["Perfected Strike","Battle Trance"],"score":794,"play_id":"f47a4b40-5ec9-4498-aac2-d6164595bc37","local_time":"20210105202918","is_ascension_mode":true,"campfire_choices":[{"data":"Blood for Blood","floor":6,"key":"SMITH"},{"data":"Fire Breathing","floor":15,"key":"SMITH"},{"data":"Dark Embrace","floor":23,"key":"SMITH"},{"data":"Body Slam","floor":27,"key":"SMITH"},{"floor":30,"key":"REST"},{"data":"Second Wind","floor":32,"key":"SMITH"}],"circlet_count":0,"master_deck":["AscendersBane","Bash","Second Wind+1","Iron Wave","Fire Breathing+1","Blood for Blood+1","Anger","Body Slam+1","Shrug It Off","Evolve","Bludgeon","Battle Trance","Burning Pact","Brutality","Dropkick","Combust","Shockwave","Anger","Pommel Strike+1","Dark Embrace+1","Feed","Rage","Barricade","Inflame+1"],"relics":["Burning Blood","MealTicket","Matryoshka","Gremlin Horn","Mercury Hourglass","Oddly Smooth Stone","Mummified Hand","Pandora\u0027s Box","Happy Flower","Letter Opener","Mark of Pain","Shovel"],"acts_visited":["Exordium","TheCity","TheBeyond"],"potions_floor_usage":[7,13,28,33,38],"damage_taken":[{"damage":12,"enemies":"Cultist","floor":1,"turns":4},{"damage":0,"enemies":"Small Slimes","floor":2,"turns":3},{"damage":6,"enemies":"2 Louse","floor":3,"turns":4},{"damage":17,"enemies":"2 Fungi Beasts","floor":4,"turns":6},{"damage":14,"enemies":"3 Louse","floor":5,"turns":4},{"damage":32,"enemies":"Gremlin Nob","floor":7,"turns":4},{"damage":15,"enemies":"3 Sentries","floor":10,"turns":5},{"damage":3,"enemies":"Blue Slaver","floor":11,"turns":3},{"damage":7,"enemies":"Looter","floor":12,"turns":3},{"damage":9,"enemies":"Large Slime","floor":13,"turns":3},{"damage":26,"enemies":"Hexaghost","floor":16,"turns":7},{"damage":4,"enemies":"Chosen","floor":18,"turns":3},{"damage":12,"enemies":"3 Byrds","floor":19,"turns":4},{"damage":1,"enemies":"Snake Plant","floor":21,"turns":2},{"damage":7,"enemies":"Centurion and Healer","floor":28,"turns":3},{"damage":35,"enemies":"Shelled Parasite and Fungi","floor":29,"turns":3},{"damage":14,"enemies":"Snake Plant","floor":31,"turns":3},{"damage":21,"enemies":"Collector","floor":33,"turns":6},{"damage":15,"enemies":"3 Shapes","floor":35,"turns":2},{"damage":6,"enemies":"Orb Walker","floor":37,"turns":2},{"damage":41,"enemies":"2 Orb Walkers","floor":38,"turns":4},{"damage":50,"enemies":"Jaw Worm Horde","floor":39,"turns":3}],"seed_played":"4527073683068342699","potions_obtained":[{"floor":1,"key":"Ancient Potion"},{"floor":4,"key":"FearPotion"},{"floor":12,"key":"ColorlessPotion"},{"floor":13,"key":"Strength Potion"},{"floor":16,"key":"GamblersBrew"},{"floor":19,"key":"Block Potion"},{"floor":28,"key":"Fruit Juice"},{"floor":35,"key":"SkillPotion"}],"is_trial":false,"path_per_floor":["M","M","M","M","M","R","E","?","T","E","M","M","M","$","R","B",null,"M","M","$","M","?","R","?","?","T","R","M","M","R","M","R","B",null,"M","$","M","?","M"],"character_chosen":"IRONCLAD","items_purchased":["Mummified Hand","Battle Trance"],"campfire_rested":1,"item_purchase_floors":[14,14],"current_hp_per_floor":[62,68,68,57,49,49,23,23,23,14,17,16,13,28,28,8,58,60,54,69,74,74,74,74,74,74,74,73,44,66,58,58,48,72,63,78,78,46,0,0],"gold":190,"neow_bonus":"RANDOM_COMMON_RELIC","is_daily":false,"chose_seed":false,"campfire_upgraded":5,"win_rate":0.0,"timestamp":1609849758,"path_taken":["M","?","M","M","M","R","E","?","T","E","?","M","M","?","R","BOSS","M","M","$","M","?","R","?","?","T","R","M","M","R","M","R","BOSS","M","$","M","?","M"],"items_purchased_type":["Relic","Card"],"build_version":"2020-12-22","purchased_purges":2,"victory":false,"max_hp_per_floor":[75,75,75,75,75,75,75,75,75,75,75,75,75,75,75,75,75,75,75,75,75,75,75,75,75,75,75,75,75,75,75,75,80,80,80,80,80,83,83,83],"card_choices":[{"not_picked":["Searing Blow","Heavy Blade"],"picked":"Second Wind","floor":1},{"not_picked":["Havoc","Clash"],"picked":"Iron Wave","floor":2},{"not_picked":["Shrug It Off","Armaments"],"picked":"Fire Breathing","floor":3},{"not_picked":["Sword Boomerang","Shrug It Off"],"picked":"Blood for Blood","floor":4},{"not_picked":["Iron Wave","Twin Strike"],"picked":"Anger","floor":5},{"not_picked":["Second Wind","Exhume","Entrench"],"picked":"SKIP","floor":7},{"not_picked":["True Grit","Heavy Blade","Body Slam"],"picked":"SKIP","floor":10},{"not_picked":["True Grit","Heavy Blade"],"picked":"Body Slam","floor":10},{"not_picked":["Fire Breathing","Entrench"],"picked":"Shrug It Off","floor":11},{"not_picked":["Second Wind","Uppercut"],"picked":"Evolve","floor":12},{"not_picked":["Metallicize","True Grit"],"picked":"Bludgeon","floor":13},{"not_picked":["Heavy Blade","Flex+1","Shockwave+1"],"picked":"SKIP","floor":18},{"not_picked":["Thunderclap","Twin Strike"],"picked":"Pommel Strike+1","floor":19},{"not_picked":["Warcry","Rampage"],"picked":"Dark Embrace","floor":21},{"not_picked":["Battle Trance","Cleave+1","Perfected Strike"],"picked":"SKIP","floor":28},{"not_picked":["Cleave+1","Perfected Strike"],"picked":"Battle Trance","floor":28},{"not_picked":["Warcry","Havoc"],"picked":"Feed","floor":29},{"not_picked":["Clash","Body Slam"],"picked":"Rage","floor":31},{"not_picked":["Feed","Fiend Fire"],"picked":"Barricade","floor":33},{"not_picked":["Sever Soul","Shockwave+1"],"picked":"Inflame+1","floor":35},{"not_picked":["Body Slam","Anger","Havoc"],"picked":"SKIP","floor":37}],"player_experience":1085497,"relics_obtained":[{"floor":7,"key":"Matryoshka"},{"floor":9,"key":"Gremlin Horn"},{"floor":9,"key":"Mercury Hourglass"},{"floor":10,"key":"Oddly Smooth Stone"},{"floor":26,"key":"Happy Flower"},{"floor":26,"key":"Letter Opener"},{"floor":38,"key":"Shovel"}],"event_choices":[{"cards_removed":["Strike_R"],"damage_healed":0,"gold_gain":0,"player_choice":"Purged","damage_taken":0,"max_hp_gain":0,"max_hp_loss":0,"event_name":"Purifier","floor":8,"gold_loss":0},{"damage_healed":0,"gold_gain":0,"player_choice":"Ignored","damage_taken":0,"max_hp_gain":0,"max_hp_loss":0,"event_name":"Ghosts","floor":22,"gold_loss":0},{"cards_removed":["Limit Break"],"damage_healed":0,"gold_gain":0,"player_choice":"Elegance","damage_taken":0,"max_hp_gain":0,"max_hp_loss":0,"event_name":"Back to Basics","floor":24,"gold_loss":0},{"damage_healed":0,"gold_gain":50,"player_choice":"Stole From Cult","damage_taken":0,"max_hp_gain":0,"max_hp_loss":0,"event_name":"Nest","floor":25,"gold_loss":0},{"damage_healed":0,"gold_gain":0,"player_choice":"Fight","damage_taken":0,"max_hp_gain":0,"max_hp_loss":0,"event_name":"Mysterious Sphere","floor":38,"gold_loss":0}],"is_beta":false,"boss_relics":[{"not_picked":["Runic Cube","SlaversCollar"],"picked":"Pandora\u0027s Box"},{"not_picked":["Astrolabe","Runic Pyramid"],"picked":"Mark of Pain"}],"items_purged_floors":[20,36],"is_endless":false,"potions_floor_spawned":[1,4,12,13,16,19,21,28,35,37],"killed_by":"Jaw Worm Horde","ascension_level":20}}