{"host":"ig7tc0uedzltt2sr","time":1609825960,"event":{"mods":["BaseMod","Better Twitch Integration","Block Reminder","Colored Map","Colored Powertips","Communication Mod","Current Relic Mod","GifTheSpireLib","HexUI Lib","Minty Spire (QoL Compilation)","Quick Restart","Random Character Button","Rare Cards Sparkle","Relic Sorter","Relic Stats","Slay the Relics Exporter","StSLib","SuperFastMode","Synergy Search","Twitch Decklist","Twitch Utils","everything is the same but u backflip on backflip","slay the spire mod where everything is the same but ironclad has a cowboy hat"],"gold_per_floor":[119,134,134,148,223,223,223,255,255,255,255],"floor_reached":10,"playtime":36,"items_purged":[],"score":66,"play_id":"d8dda982-f4ad-44d6-8a8e-a742556b9f26","local_time":"20210104215240","is_ascension_mode":false,"campfire_choices":[{"data":"Strike_R","floor":6,"key":"SMITH"}],"circlet_count":0,"master_deck":["Strike_R+1","Strike_R","Strike_R","Strike_R","Strike_R","Defend_R","Defend_R","Defend_R","Defend_R","Bash","Blood for Blood","Headbutt","Regret","Intimidate","Armaments+1"],"relics":["Burning Blood","NeowsBlessing","Calipers","Toxic Egg 2","Lantern","Bottled Flame"],"acts_visited":["Exordium"],"potions_floor_usage":[],"damage_taken":[{"damage":0,"enemies":"2 Louse","floor":1,"turns":1},{"damage":0,"enemies":"Small Slimes","floor":2,"turns":3},{"damage":0,"enemies":"Cultist","floor":4,"turns":1},{"damage":50,"enemies":"Lagavulin","floor":8,"turns":7},{"damage":26,"enemies":"Gremlin Nob","floor":10,"turns":4}],"seed_played":"-7320295224113587091","potions_obtained":[{"floor":2,"key":"BlessingOfTheForge"},{"floor":4,"key":"SneckoOil"},{"floor":8,"key":"Fire Potion"}],"is_trial":false,"path_per_floor":["M","M","?","M","?","R","?","E","T","E"],"character_chosen":"IRONCLAD","items_purchased":[],"campfire_rested":0,"item_purchase_floors":[],"current_hp_per_floor":[80,80,80,80,69,69,69,25,25,0,0],"gold":255,"neow_bonus":"THREE_ENEMY_KILL","is_daily":false,"chose_seed":false,"campfire_upgraded":1,"win_rate":0.0,"timestamp":1609825960,"path_taken":["M","M","?","M","?","R","?","E","T","E"],"items_purchased_type":[],"build_version":"2020-12-22","purchased_purges":0,"victory":false,"max_hp_per_floor":[80,80,80,80,80,80,80,80,80,80,80],"relic_stats":{"counters":[5,16],"obtain_stats":[{"Lantern":8,"Bottled Flame":9,"Calipers":3,"NeowsBlessing":0,"Toxic Egg 2":7,"Burning Blood":0},{"Lantern":4,"Bottled Flame":4,"Calipers":2,"NeowsBlessing":0,"Toxic Egg 2":3,"Burning Blood":0},{"Lantern":12,"Bottled Flame":12,"Calipers":4,"NeowsBlessing":0,"Toxic Egg 2":5,"Burning Blood":0}],"Burning Blood":6},"card_choices":[{"not_picked":["Cleave","Dual Wield"],"picked":"Blood for Blood","floor":1},{"not_picked":["Flex","Thunderclap"],"picked":"Headbutt","floor":2},{"not_picked":["Cleave","Pommel Strike"],"picked":"Intimidate","floor":4},{"not_picked":["Reckless Charge","Ghostly Armor+1"],"picked":"Armaments+1","floor":8}],"player_experience":1426494,"relics_obtained":[{"floor":7,"key":"Toxic Egg 2"},{"floor":8,"key":"Lantern"},{"floor":9,"key":"Bottled Flame"}],"event_choices":[{"damage_healed":0,"gold_gain":0,"player_choice":"Box","damage_taken":0,"relics_obtained":["Calipers"],"max_hp_gain":0,"max_hp_loss":0,"event_name":"Big Fish","floor":3,"gold_loss":0,"cards_obtained":["Regret"]},{"damage_healed":0,"gold_gain":75,"player_choice":"Gather Gold","damage_taken":11,"max_hp_gain":0,"max_hp_loss":0,"event_name":"World of Goop","floor":5,"gold_loss":0},{"damage_healed":0,"gold_gain":0,"player_choice":"Relic","damage_taken":0,"max_hp_gain":0,"max_hp_loss":0,"event_name":"Wheel of Change","floor":7,"gold_loss":0}],"is_beta":false,"boss_relics":[],"items_purged_floors":[],"is_endless":false,"potions_floor_spawned":[2,4,8],"killed_by":"Gremlin Nob","ascension_level":0}}