{"host":"x3lqeik2a5qeoft8","time":1609858919,"event":{"mods":["AchievementEnabler","BaseMod","Minty Spire (QoL Compilation)","SuperFastMode"],"gold_per_floor":[114,129,169,184,184,222,147,210,210,210,229,248,267,167,167,292,292,311,355,355,370,410,410,410],"floor_reached":23,"playtime":1212,"items_purged":["Injury","Berserk"],"score":307,"play_id":"3d7496fa-35c6-41fa-bab6-262e4475e8b1","local_time":"20210105160159","daily_mods":["Shiny","Red Cards","Night Terrors"],"is_ascension_mode":false,"campfire_choices":[{"data":"Blasphemy","floor":10,"key":"SMITH"},{"data":"Alpha","floor":15,"key":"SMITH"}],"circlet_count":0,"master_deck":["Double Tap","Demon Form","Bludgeon","Feed","Limit Break","Corruption","Barricade","Fiend Fire","Impervious","Juggernaut","Brutality","Reaper","Exhume","Offering","Immolate","Judgement","ConjureBlade","MasterReality","Brilliance","Devotion","Blasphemy+1","Ragnarok","LessonLearned","Scrawl","Vault","Alpha+1","Wish","Omniscience","Establishment","SpiritShield","DevaForm","DeusExMachina","Conclude","Evaluate","Crescendo","ReachHeaven","Spot Weakness","FollowUp","Reaper","TalkToTheHand"],"relics":["PureWater","Bloody Idol","MealTicket","Kunai","Ornamental Fan","Snecko Eye"],"acts_visited":["Exordium","TheCity"],"potions_floor_usage":[4],"damage_taken":[{"damage":6,"enemies":"Small Slimes","floor":1,"turns":1},{"damage":0,"enemies":"Jaw Worm","floor":2,"turns":1},{"damage":0,"enemies":"2 Louse","floor":3,"turns":1},{"damage":0,"enemies":"Exordium Wildlife","floor":4,"turns":1},{"damage":13,"enemies":"Gremlin Nob","floor":6,"turns":3},{"damage":27,"enemies":"3 Sentries","floor":8,"turns":5},{"damage":0,"enemies":"3 Louse","floor":11,"turns":1},{"damage":0,"enemies":"Gremlin Gang","floor":12,"turns":2},{"damage":13,"enemies":"Lots of Slimes","floor":13,"turns":2},{"damage":0,"enemies":"Slime Boss","floor":16,"turns":2},{"damage":16,"enemies":"2 Thieves","floor":18,"turns":3},{"damage":12,"enemies":"Shell Parasite","floor":19,"turns":4},{"damage":4,"enemies":"Cultist and Chosen","floor":21,"turns":3},{"damage":12,"enemies":"Centurion and Healer","floor":22,"turns":4},{"damage":100035,"enemies":"Book of Stabbing","floor":23,"turns":3}],"seed_played":"-8136925521176778862","potions_obtained":[{"floor":4,"key":"Fruit Juice"},{"floor":6,"key":"ColorlessPotion"},{"floor":11,"key":"SteroidPotion"},{"floor":16,"key":"FearPotion"}],"is_trial":false,"path_per_floor":["M","M","M","M","?","E","$","E","T","R","M","M","M","$","R","B",null,"M","M","?","M","M","E"],"character_chosen":"WATCHER","items_purchased":[],"campfire_rested":0,"item_purchase_floors":[],"current_hp_per_floor":[69,69,69,74,74,64,79,55,55,55,55,55,42,57,57,57,86,70,58,58,59,64,0,0],"gold":410,"neow_bonus":"","is_daily":true,"chose_seed":false,"campfire_upgraded":2,"win_rate":0.0,"timestamp":1609858919,"path_taken":["M","M","M","M","?","E","$","E","T","R","M","M","M","$","R","BOSS","M","M","?","M","M","E"],"items_purchased_type":[],"build_version":"2020-12-22","purchased_purges":2,"victory":false,"max_hp_per_floor":[75,75,75,80,80,83,83,86,86,86,86,86,86,86,86,86,86,86,86,86,86,89,89,89],"card_choices":[{"not_picked":["Headbutt","Armaments","Clothesline"],"picked":"SKIP","floor":1},{"not_picked":["JustLucky","MasterReality"],"picked":"Conclude","floor":2},{"not_picked":["EmptyFist","Halt"],"picked":"Evaluate","floor":3},{"not_picked":["WaveOfTheHand","Sword Boomerang"],"picked":"Crescendo","floor":4},{"not_picked":["Worship","Clash"],"picked":"ReachHeaven","floor":6},{"not_picked":["Wallop","Indignation"],"picked":"Spot Weakness","floor":8},{"not_picked":["Disarm","Intimidate"],"picked":"FollowUp","floor":11},{"not_picked":["Infernal Blade","Halt","JustLucky"],"picked":"SKIP","floor":12},{"not_picked":["Rampage","Armaments","BowlingBash"],"picked":"SKIP","floor":13},{"not_picked":["Barricade","ConjureBlade"],"picked":"Reaper","floor":16},{"not_picked":["EmptyFist+1","Clash"],"picked":"TalkToTheHand","floor":18},{"not_picked":["Hemokinesis","TalkToTheHand","Halt+1"],"picked":"SKIP","floor":19},{"not_picked":["Blood for Blood","Entrench","Reckless Charge"],"picked":"SKIP","floor":21},{"not_picked":["EmptyBody","Consecrate","Heavy Blade"],"picked":"SKIP","floor":22}],"player_experience":114242,"relics_obtained":[{"floor":6,"key":"MealTicket"},{"floor":8,"key":"Kunai"},{"floor":9,"key":"Ornamental Fan"}],"event_choices":[{"damage_healed":0,"gold_gain":0,"player_choice":"Take Wound","damage_taken":0,"relics_obtained":["Golden Idol"],"max_hp_gain":0,"max_hp_loss":0,"event_name":"Golden Idol","floor":5,"gold_loss":0,"cards_obtained":["Injury"]},{"damage_healed":0,"gold_gain":0,"player_choice":"Gave Idol","damage_taken":0,"relics_obtained":["Bloody Idol"],"max_hp_gain":0,"max_hp_loss":0,"event_name":"Forgotten Altar","floor":20,"relics_lost":["Golden Idol"],"gold_loss":0}],"is_beta":false,"boss_relics":[{"not_picked":["Philosopher\u0027s Stone","Astrolabe"],"picked":"Snecko Eye"}],"items_purged_floors":[7,14],"is_endless":false,"potions_floor_spawned":[4,6,11,16,19],"killed_by":"Book of Stabbing","ascension_level":0}}