{"host":"ifd7sfhtlbe34qll","time":1609873421,"event":{"mods":["2.2 Compatiblity","Act Like it!","BaseMod","Block Reminder","Colored Map","Curses Come First","Downfall","Highlight Path","Minty Spire (QoL Compilation)","Potion Indicator Mod","Quick Restart","Random Character Button","Relic Stats","StSLib"],"gold_per_floor":[99,116,129,146,246,246,246,279,279,293,48,69,69,86,101,125,125],"floor_reached":16,"playtime":1044,"items_purged":["Regret"],"score":208,"play_id":"8d54b352-a07d-4437-b083-bec897105672","local_time":"20210105130341","is_ascension_mode":true,"campfire_choices":[{"data":"sneckomod:DiceBoulder","floor":6,"key":"SMITH"},{"data":"sneckomod:DiceBoulder+1","floor":9,"key":"SMITH"},{"data":"sneckomod:DiceBoulder+2","floor":13,"key":"SMITH"}],"circlet_count":0,"master_deck":["AscendersBane","sneckomod:Strike","sneckomod:Strike","sneckomod:Strike","sneckomod:Defend","sneckomod:Defend","sneckomod:Defend","sneckomod:TailWhip","sneckomod:SnekBite","sneckomod:Unknown","hexamod:NightmareGuise","sneckomod:Unknown1Cost","sneckomod:RainOfDice","sneckomod:DiceBoulder+3","Perseverance","sneckomod:UnknownCommonAttack","sneckomod:PureSnecko","sneckomod:SerpentMind","expansioncontent:Flail","sneckomod:SnakeSap","sneckomod:UnknownExhaust","sneckomod:MasterEye","sneckomod:UnendingSupply","sneckomod:GlitteringGambit","sneckomod:UnknownExhaust","sneckomod:SerpentIdol","sneckomod:UnknownBlock"],"relics":["sneckomod:SneckoSoul","downfall:GremlinSack","White Beast Statue","Potion Belt"],"acts_visited":["Exordium"],"potions_floor_usage":[8,14,15,15,16,16,16],"damage_taken":[{"damage":6,"enemies":"Cultist","floor":2,"turns":4},{"damage":2,"enemies":"Jaw Worm","floor":3,"turns":5},{"damage":0,"enemies":"2 Louse","floor":4,"turns":4},{"damage":15,"enemies":"2 Louse","floor":5,"turns":4},{"damage":15,"enemies":"3 Sentries","floor":8,"turns":7},{"damage":2,"enemies":"Exordium Wildlife","floor":10,"turns":4},{"damage":7,"enemies":"downfall:FleeingMerchant","floor":11,"turns":4},{"damage":0,"enemies":"2 Fungi Beasts","floor":12,"turns":3},{"damage":5,"enemies":"Blue Slaver","floor":14,"turns":4},{"damage":0,"enemies":"Red Slaver","floor":15,"turns":1},{"damage":41,"enemies":"downfall:Watcher","floor":16,"turns":9}],"seed_played":"-7650929014821567447","potions_obtained":[{"floor":3,"key":"EssenceOfSteel"},{"floor":8,"key":"GamblersBrew"},{"floor":10,"key":"AttackPotion"},{"floor":11,"key":"hexamod:SoulburnPotion"},{"floor":12,"key":"Swift Potion"},{"floor":14,"key":"sneckomod:DiceRollPotion"},{"floor":15,"key":"SkillPotion"}],"is_trial":false,"path_per_floor":["R","M","M","M","?","R","T","E","R","M","$","M","R","M","M","B"],"character_chosen":"THE_SNECKO","items_purchased":["sneckomod:GlitteringGambit"],"campfire_rested":0,"item_purchase_floors":[11],"current_hp_per_floor":[83,78,76,76,62,62,62,48,48,46,39,40,40,35,36,0,0],"gold":125,"neow_bonus":"TEN_PERCENT_HP_BONUS","is_daily":false,"chose_seed":false,"campfire_upgraded":3,"win_rate":0.0,"timestamp":1609873421,"path_taken":["R","M","M","M","?","R","T","E","R","M","?","M","R","?","M","BOSS"],"items_purchased_type":["Card"],"build_version":"2020-12-22","purchased_purges":1,"victory":false,"max_hp_per_floor":[91,92,92,92,93,93,93,94,94,94,94,95,95,95,96,96,96],"relic_stats":{"counters":[11,49],"obtain_stats":[{"Potion Belt":8,"downfall:GremlinSack":5,"sneckomod:SneckoSoul":0,"White Beast Statue":7},{"Potion Belt":5,"downfall:GremlinSack":4,"sneckomod:SneckoSoul":0,"White Beast Statue":4},{"Potion Belt":24,"downfall:GremlinSack":17,"sneckomod:SneckoSoul":0,"White Beast Statue":17}]},"card_choices":[{"not_picked":["sneckomod:SoulDraw","sneckomod:DefensiveFlair"],"picked":"sneckomod:Unknown1Cost","floor":2},{"not_picked":["sneckomod:TrashToTreasure","sneckomod:DiceCrush"],"picked":"sneckomod:RainOfDice","floor":3},{"not_picked":["sneckomod:Rotation","sneckomod:QuickBite"],"picked":"sneckomod:DiceBoulder","floor":4},{"not_picked":["sneckomod:SoulDraw","sneckomod:UnknownCommonSkill"],"picked":"sneckomod:SnakeSap","floor":5},{"not_picked":["sneckomod:UnknownUncommonAttack","sneckomod:UnknownStrike"],"picked":"sneckomod:UnknownExhaust","floor":8},{"not_picked":["sneckomod:UnknownCommonAttack","sneckomod:IronFang"],"picked":"sneckomod:MasterEye","floor":10},{"not_picked":["sneckomod:SoulRoll","sneckomod:RainOfDice"],"picked":"sneckomod:UnendingSupply","floor":11},{"not_picked":["sneckomod:Unknown0Cost","sneckomod:Rotation"],"picked":"sneckomod:UnknownExhaust","floor":12},{"not_picked":["sneckomod:UnknownCommonSkill","sneckomod:RainOfDice"],"picked":"sneckomod:SerpentIdol","floor":14},{"not_picked":["sneckomod:UnknownStrike","sneckomod:SoulDraw"],"picked":"sneckomod:UnknownBlock","floor":15}],"player_experience":1644661,"relics_obtained":[{"floor":5,"key":"downfall:GremlinSack"},{"floor":7,"key":"White Beast Statue"},{"floor":8,"key":"Potion Belt"}],"event_choices":[],"is_beta":false,"boss_relics":[],"items_purged_floors":[11],"is_endless":false,"potions_floor_spawned":[3,8,10,11,12,14,15],"killed_by":"downfall:Watcher","ascension_level":20}}