{"host":"7k88kcl92al3r52p","time":1609869398,"event":{"mods":["BaseMod","Beaked The Cultist","Conspire","Downfall","Infinite Spire","Mimic Mod","Minty Spire (QoL Compilation)","Rare Cards Sparkle","Replay The Spire","Shop Mod","StSLib","The Cursed"],"gold_per_floor":[99,111,130,130,46,61,61,61,81,531,601,601,620,630,647,647,647],"floor_reached":16,"playtime":1154,"items_purged":[],"score":94,"play_id":"24748e68-5bf1-455a-9249-173751a17388","local_time":"20210105125638","is_ascension_mode":false,"campfire_choices":[{"floor":1,"key":"DIG"}],"circlet_count":0,"master_deck":["beaked:Strike_Y","beaked:Strike_Y","beaked:Strike_Y","beaked:Strike_Y","beaked:Strike_Y","beaked:Strike_Y","beaked:Defend_Y","beaked:Defend_Y","beaked:Defend_Y","beaked:Defend_Y","beaked:Ceremony","beaked:Ceremony","beaked:Ceremony","Magnetism+1","Cleave","beaked:CursingBlood","beaked:Caw","beaked:WindBringer","TheCursedMod:CursedBlade","TheCursedMod:Wield","Slimebound:Icky","Slimebound:Icky","Slimebound:Icky","ReplayTheSpireMod:Muscle Training","Searing Blow","TheCursedMod:CursedBlade"],"relics":["beaked:MendingPlumage","conspire:Flyswatter","Shuriken"],"acts_visited":["Exordium"],"potions_floor_usage":[13,14,16,16],"damage_taken":[{"damage":1,"enemies":"Cultist","floor":2,"turns":5},{"damage":0,"enemies":"2 Louse","floor":3,"turns":4},{"damage":10,"enemies":"downfall:FleeingMerchant","floor":5,"turns":4},{"damage":7,"enemies":"Jaw Worm","floor":6,"turns":7},{"damage":16,"enemies":"Red Slaver","floor":9,"turns":4},{"damage":18,"enemies":"2 Fungi Beasts","floor":13,"turns":3},{"damage":28,"enemies":"Exordium Thugs","floor":14,"turns":4},{"damage":21,"enemies":"Red Slaver","floor":15,"turns":6},{"damage":25,"enemies":"downfall:Silent","floor":16,"turns":2}],"seed_played":"6105597367688024596","potions_obtained":[{"floor":9,"key":"Explosive Potion"},{"floor":13,"key":"SpeedPotion"},{"floor":14,"key":"Dexterity Potion"},{"floor":15,"key":"SpeedPotion"}],"is_trial":false,"path_per_floor":["R","M","M","?","$","M","T","?","M","?","T","R","M","M","M","B"],"character_chosen":"BEAKED_THE_CULTIST","items_purchased":["beaked:WindBringer"],"campfire_rested":0,"item_purchase_floors":[5],"current_hp_per_floor":[45,45,45,50,46,50,50,50,42,42,42,42,32,15,12,0,0],"gold":647,"neow_bonus":"RANDOM_COLORLESS_2","is_daily":false,"chose_seed":false,"campfire_upgraded":0,"win_rate":0.0,"timestamp":1609869398,"path_taken":["R","M","M","?","$","M","T","?","M","?","?","R","?","M","M","BOSS"],"items_purchased_type":["Card"],"build_version":"2020-12-22","purchased_purges":0,"victory":false,"max_hp_per_floor":[45,45,45,50,50,50,50,50,50,50,50,50,50,50,50,50,50],"card_choices":[{"not_picked":["ReplayTheSpireMod:Brewmster","Panache"],"picked":"Magnetism","floor":0},{"not_picked":["Distraction","Slice"],"picked":"Cleave","floor":2},{"not_picked":["Quick Slash","Fluid Movement"],"picked":"beaked:CursingBlood","floor":3},{"not_picked":["Acrobatics","TheCursedMod:VitalStrike"],"picked":"beaked:Caw","floor":5},{"not_picked":["Replay:Undeath\u0027s Touch","Sword Boomerang"],"picked":"TheCursedMod:CursedBlade","floor":6},{"not_picked":["TheCursedMod:FleshFromBone","beaked:Poke"],"picked":"TheCursedMod:Wield","floor":9},{"not_picked":["TheCursedMod:TacticalStrike","TheCursedMod:EmpowerCircles"],"picked":"ReplayTheSpireMod:Muscle Training","floor":13},{"not_picked":["Thunderclap","Twin Strike"],"picked":"Searing Blow","floor":14},{"not_picked":["TheCursedMod:FleshFromBone","Distraction"],"picked":"TheCursedMod:CursedBlade","floor":15}],"player_experience":263059,"relics_obtained":[{"floor":1,"key":"conspire:Flyswatter"},{"floor":11,"key":"Shuriken"}],"event_choices":[{"damage_healed":0,"gold_gain":0,"player_choice":"Donut","damage_taken":0,"max_hp_gain":5,"max_hp_loss":0,"event_name":"Big Fish","floor":4,"gold_loss":0},{"damage_healed":0,"gold_gain":0,"player_choice":"Grow","damage_taken":0,"max_hp_gain":0,"max_hp_loss":0,"event_name":"Living Wall","floor":8,"gold_loss":0,"cards_upgraded":["Magnetism"]}],"is_beta":false,"boss_relics":[],"items_purged_floors":[],"is_endless":false,"potions_floor_spawned":[9,13,14,15],"killed_by":"downfall:Silent","ascension_level":0}}