{"host":"aaqofma31c3gm2hj","time":1609853604,"event":{"mods":["BaseMod","Minty Spire (QoL Compilation)","Replay The Spire","Spicy Shops","StSLib"],"gold_per_floor":[112,112,112,126,126,154,154,154,177,204,204,47,78,97,97,170,170,183,201,219,219,237,268,268,301,369,402,415,426,426,186,186,289,289,329,239,158,198,198,260,260,346,416,481,490,545,572,637,646,701,761,761,761,85,172,172],"floor_reached":57,"playtime":2311,"items_purged":["SpiritShield+1","LessonLearned+1","Wallop+1"],"score":3134,"play_id":"c4094a46-f47a-4983-8d68-6a68cc808551","local_time":"20210105213324","is_ascension_mode":true,"campfire_choices":[{"data":"WheelKick","floor":7.0,"key":"SMITH"},{"data":"Adaptation","floor":11.0,"key":"SMITH"},{"data":"Wallop","floor":15.0,"key":"SMITH"},{"floor":24.0,"key":"RECALL"},{"floor":30.0,"key":"REST"},{"floor":32.0,"key":"REST"},{"floor":45.0,"key":"REST"},{"floor":49.0,"key":"REST"},{"floor":53.0,"key":"REST"}],"circlet_count":1,"master_deck":["AscendersBane","Eruption+1","WheelKick+1","Adaptation+1","FearNoEvil+1","DeusExMachina+1","InnerPeace+1","MentalFortress+1","Wallop+1","DeusExMachina+1","Adaptation+1","DeusExMachina+1","Wish+1","Scrawl+1","ReplayTheSpireMod:The Works+1","Vault+1","Wish+1","Vault+1","Master of Strategy"],"relics":["PureWater","NeowsBlessing","Replay:PocketPolymizer","Smiling Mask","Pen Nib","TheAbacus","Strawberry","ReplayTheSpireMod:DimensionalGlitch","Replay:Bottled Eggs","Replay:Wax Seal","HornCleat","Circlet","Membership Card","Medical Kit","Black Star","Bag of Preparation","PrismaticShard","Replay:Accelerometer","Calipers","Bottled Tornado","CeramicFish","Replay:Baseball","Singing Bowl","Pet Ghost","Anchor","TungstenRod","Damaru","Mirror","Shuriken","DollysMirror","Bag of Marbles","Toy Ornithopter","StoneCalendar","Garlic","Turnip"],"acts_visited":["Exordium","TheCity","TheBeyond","TheEnding"],"potions_floor_usage":[56,56,56],"damage_taken":[{"damage":0.0,"enemies":"Jaw Worm","floor":1.0,"turns":1.0},{"damage":0.0,"enemies":"Cultist","floor":4.0,"turns":1.0},{"damage":0.0,"enemies":"Replay:BlueRogue","floor":6.0,"turns":1.0},{"damage":0.0,"enemies":"Lagavulin","floor":10.0,"turns":4.0},{"damage":8.0,"enemies":"3 Sentries","floor":13.0,"turns":6.0},{"damage":0.0,"enemies":"Small Slimes","floor":14.0,"turns":3.0},{"damage":0.0,"enemies":"Slime Boss","floor":16.0,"turns":5.0},{"damage":0.0,"enemies":"Spheric Guardian","floor":18.0,"turns":2.0},{"damage":0.0,"enemies":"Chosen","floor":19.0,"turns":2.0},{"damage":0.0,"enemies":"Sentry and Sphere","floor":20.0,"turns":6.0},{"damage":15.0,"enemies":"Shelled Parasite and Fungi","floor":22.0,"turns":3.0},{"damage":11.0,"enemies":"Slavers","floor":23.0,"turns":4.0},{"damage":0.0,"enemies":"Replay:Snechameleon","floor":25.0,"turns":3.0},{"damage":0.0,"enemies":"Book of Stabbing","floor":27.0,"turns":3.0},{"damage":0.0,"enemies":"3 Cultists","floor":28.0,"turns":2.0},{"damage":22.0,"enemies":"Snake Plant","floor":29.0,"turns":5.0},{"damage":2.0,"enemies":"Champ","floor":33.0,"turns":10.0},{"damage":6.0,"enemies":"3 Shapes","floor":35.0,"turns":2.0},{"damage":0.0,"enemies":"3 Darklings","floor":38.0,"turns":3.0},{"damage":0.0,"enemies":"Reptomancer","floor":40.0,"turns":2.0},{"damage":16.0,"enemies":"R_Hoarder","floor":42.0,"turns":8.0},{"damage":0.0,"enemies":"Giant Head","floor":44.0,"turns":2.0},{"damage":0.0,"enemies":"Mind Bloom Boss Battle","floor":46.0,"turns":2.0},{"damage":0.0,"enemies":"R_Hoarder","floor":48.0,"turns":5.0},{"damage":0.0,"enemies":"Replay:Hell Engine","floor":50.0,"turns":4.0},{"damage":0.0,"enemies":"Donu and Deca","floor":51.0,"turns":2.0},{"damage":0.0,"enemies":"Shield and Spear","floor":55.0,"turns":1.0},{"damage":9,"enemies":"The Heart","floor":56,"turns":7}],"seed_played":"-4186465259394033447","potions_obtained":[{"floor":1.0,"key":"DistilledChaos"},{"floor":4.0,"key":"Strength Potion"},{"floor":18.0,"key":"DistilledChaos"},{"floor":19.0,"key":"Elixir"},{"floor":25.0,"key":"BottledMiracle"},{"floor":35.0,"key":"Fruit Juice"},{"floor":40.0,"key":"Weak Potion"}],"is_trial":false,"path_per_floor":["M","?","?","M","?","E","R","?","T","E","R","$","E","M","R","B",null,"M","M","M","?","M","E","R","E","T","E","M","M","R","$","R","B",null,"M","$","$","M","?","E","T","E","T","E","R","?","T","E","R","B","B",null,"R","$","E","B",null],"character_chosen":"WATCHER","items_purchased":["TheAbacus","Membership Card","Medical Kit","Bag of Preparation","PrismaticShard","DollysMirror","Master of Strategy","Bag of Marbles","Toy Ornithopter","StoneCalendar","DuplicationPotion"],"campfire_rested":5,"item_purchase_floors":[12,31,31,36,37,54,54,54,54,54,54],"current_hp_per_floor":[61,43,43,43,48,48,48,48,48,48,48,48,47,47,47,47,72,72,72,72,72,57,46,46,46,46,46,46,24,48,48,72,70,78,72,72,77,77,77,77,77,63,63,65,87,89,89,91,91,91,91,91,91,91,93,90],"gold":172,"neow_bonus":"THREE_ENEMY_KILL","is_daily":false,"chose_seed":false,"campfire_upgraded":3,"win_rate":0.0,"timestamp":1609853604,"path_taken":["M","?","?","?","?","E","R","?","T","E","R","$","E","M","R","BOSS","M","?","M","?","?","E","R","E","T","E","M","M","R","?","R","BOSS","M","?","$","M","?","E","?","E","T","E","R","?","?","E","R","BOSS","BOSS","R","$","E","BOSS"],"items_purchased_type":["Relic","Relic","Relic","Relic","Relic","Relic","Card","Relic","Relic","Relic","Potion"],"build_version":"2020-12-22","purchased_purges":3,"victory":true,"max_hp_per_floor":[68,68,68,68,73,73,73,73,73,73,73,73,80,80,80,80,80,80,80,80,80,80,80,80,80,80,80,80,80,80,80,80,80,80,80,80,85,85,85,85,85,85,85,87,87,89,89,91,91,91,91,91,91,91,93,93],"card_choices":[{"not_picked":["Protect","WaveOfTheHand"],"picked":"WheelKick","floor":1.0},{"not_picked":["Replay:BluntJabs","BattleHymn","WheelKick"],"picked":"SKIP","floor":4.0},{"not_picked":["Replay:Battleflow","JustLucky","Evaluate"],"picked":"SKIP","floor":6.0},{"not_picked":["Protect","MentalFortress"],"picked":"FearNoEvil","floor":10.0},{"not_picked":["Replay:AtTheReady","WaveOfTheHand","ConjureBlade"],"picked":"SKIP","floor":13.0},{"not_picked":["FearNoEvil","ThirdEye"],"picked":"Wallop","floor":14.0},{"not_picked":["Ragnarok","Replay:LoomingThreat"],"picked":"DeusExMachina","floor":16.0},{"not_picked":["Consecrate","DeceiveReality"],"picked":"InnerPeace","floor":18.0},{"not_picked":["Crescendo+1","Replay:BluntJabs","FlurryOfBlows"],"picked":"SKIP","floor":19.0},{"not_picked":["Halt","Replay:ManipulateFuture","ForeignInfluence"],"picked":"SKIP","floor":20.0},{"not_picked":["Replay:Vibes","ForeignInfluence+1","LessonLearned"],"picked":"SKIP","floor":22.0},{"not_picked":["Prostrate","Consecrate","DeceiveReality"],"picked":"SKIP","floor":23.0},{"not_picked":["MasterReality","Replay:AtTheReady","Replay:DivineShield+1"],"picked":"SKIP","floor":25.0},{"not_picked":["PathToVictory","Replay:BluntJabs"],"picked":"DeusExMachina","floor":27.0},{"not_picked":["Consecrate+1","ThirdEye"],"picked":"Adaptation","floor":28.0},{"not_picked":["JustLucky","Replay:ManipulateFuture","CrushJoints"],"picked":"SKIP","floor":29.0},{"not_picked":["Replay:LoomingThreat","Brilliance"],"picked":"Scrawl","floor":33.0},{"not_picked":["Worship","Halt+1","CutThroughFate"],"picked":"SKIP","floor":35.0},{"not_picked":["EmptyBody","ReplayTheSpireMod:Tripwire","Perseverance"],"picked":"SKIP","floor":38.0},{"not_picked":["EmptyBody","ReplayTheSpireMod:Tripwire","Perseverance"],"picked":"SKIP","floor":38.0},{"not_picked":["Indignation","Consume+1"],"picked":"ReplayTheSpireMod:The Works+1","floor":40.0},{"not_picked":["Conserve Battery","Anger","Dodge and Roll"],"picked":"SKIP","floor":42.0},{"not_picked":["Deadly Poison","Wireheading","Replay:Parry+1"],"picked":"Singing Bowl","floor":44.0},{"not_picked":["Blood for Blood","Rebound+1","FIFO Queue+1"],"picked":"Singing Bowl","floor":46.0},{"not_picked":["Beam Cell","SashWhip","Seeing Red+1"],"picked":"Singing Bowl","floor":48.0},{"not_picked":["Halt","Draining Mist","Setup"],"picked":"Singing Bowl","floor":55.0}],"player_experience":558418,"relics_obtained":[{"floor":6.0,"key":"Smiling Mask"},{"floor":10.0,"key":"Pen Nib"},{"floor":13.0,"key":"Strawberry"},{"floor":23.0,"key":"Replay:Bottled Eggs"},{"floor":25.0,"key":"Replay:Wax Seal"},{"floor":26.0,"key":"HornCleat"},{"floor":27.0,"key":"Dead Branch"},{"floor":40.0,"key":"Replay:Accelerometer"},{"floor":40.0,"key":"Calipers"},{"floor":41.0,"key":"Bottled Tornado"},{"floor":42.0,"key":"CeramicFish"},{"floor":42.0,"key":"Replay:Baseball"},{"floor":43.0,"key":"Singing Bowl"},{"floor":44.0,"key":"Pet Ghost"},{"floor":44.0,"key":"Anchor"},{"floor":46.0,"key":"TungstenRod"},{"floor":47.0,"key":"Damaru"},{"floor":48.0,"key":"Mirror"},{"floor":48.0,"key":"Shuriken"},{"floor":55.0,"key":"Garlic"},{"floor":55.0,"key":"Turnip"}],"event_choices":[{"damage_healed":0.0,"max_hp_gain":0.0,"max_hp_loss":0.0,"gold_gain":0.0,"event_name":"Scrap Ooze","player_choice":"Success","floor":2.0,"gold_loss":0.0,"damage_taken":18.0,"relics_obtained":["Replay:PocketPolymizer"]},{"damage_healed":0.0,"max_hp_gain":0.0,"max_hp_loss":0.0,"gold_gain":0.0,"event_name":"Upgrade Shrine","player_choice":"Upgraded","floor":3.0,"gold_loss":0.0,"damage_taken":0.0,"cards_upgraded":["Eruption"]},{"damage_healed":0.0,"max_hp_gain":5.0,"max_hp_loss":0.0,"gold_gain":0.0,"event_name":"Big Fish","player_choice":"Donut","floor":5.0,"gold_loss":0.0,"damage_taken":0.0},{"damage_healed":0.0,"max_hp_gain":0.0,"max_hp_loss":0.0,"gold_gain":0.0,"cards_transformed":["Defend_P"],"event_name":"Transmorgrifier","player_choice":"Transformed","floor":8.0,"gold_loss":0.0,"damage_taken":0.0,"cards_obtained":["Halt"]},{"damage_healed":0.0,"max_hp_gain":0.0,"max_hp_loss":0.0,"gold_gain":0.0,"cards_transformed":["Strike_P"],"event_name":"Transmorgrifier","player_choice":"Transformed","floor":21.0,"gold_loss":0.0,"damage_taken":0.0,"cards_obtained":["MentalFortress"]},{"damage_healed":0.0,"max_hp_gain":0.0,"max_hp_loss":0.0,"gold_gain":0.0,"event_name":"SensoryStone","player_choice":"Memory 1","floor":39.0,"gold_loss":0.0,"damage_taken":0.0},{"damage_healed":0.0,"max_hp_gain":0.0,"max_hp_loss":0.0,"gold_gain":0.0,"event_name":"MindBloom","player_choice":"Fight","floor":46.0,"gold_loss":0.0,"damage_taken":0.0}],"is_beta":false,"boss_relics":[{"not_picked":["ChewingGum","Abe\u0027s Treasure"],"picked":"ReplayTheSpireMod:DimensionalGlitch"},{"not_picked":["Busted Crown","Empty Cage"],"picked":"Black Star"}],"items_purged_floors":[36,54,54],"is_endless":false,"potions_floor_spawned":[1,4,18,19,25,27,35,40,42,48,55],"ascension_level":20}}