{"host":"ikjt6v4q6zrcj3if","time":1609864081,"event":{"mods":["BaseMod","CapriCore","Colored Map","Downfall","Luminous","Minty Spire (QoL Compilation)","Permanent Neow","Quick Restart","Replay The Spire","Robot Space Explorer","Somnambulant","Spicy Shops","StSLib","SuperFastMode","The Exalted","The Marked","The Runesmith","TheSwordswoman","WarShipGirlsR/??è≠èóR mod"],"gold_per_floor":[115,115,25,44,54,54,64,64,64,64,64,76,1,21,21,124,124,134,134,162,180,195,207,207,207],"floor_reached":24,"playtime":1241,"items_purged":["theMarked:Strike"],"score":190,"play_id":"7e26d7e1-6134-4a34-b690-1a407589e01f","local_time":"20210106012801","is_ascension_mode":false,"campfire_choices":[{"data":"theMarked:Defend","floor":6,"key":"SMITH"},{"data":"theMarked:EternalStudent","floor":11,"key":"SMITH"},{"data":"theMarked:Defend","floor":15,"key":"SMITH"}],"circlet_count":0,"master_deck":["theMarked:Strike","theMarked:Strike","theMarked:Strike","theMarked:Defend+1","theMarked:Defend","theMarked:Defend+1","theMarked:SoldierOfQuellstein+1","theMarked:EternalStudent+1","theMarked:SoldierForm"],"relics":["theMarked:ArtifactOfAir","theMarked:SecretDocuments","Replay:Mystery Machine","Black Star","Red Mask"],"acts_visited":["Exordium","TheCity"],"potions_floor_usage":[16,16],"damage_taken":[{"damage":3,"enemies":"2 Louse","floor":1,"turns":3},{"damage":0,"enemies":"Cultist","floor":4,"turns":3},{"damage":0,"enemies":"Small Slimes","floor":5,"turns":3},{"damage":1,"enemies":"Exordium Wildlife","floor":7,"turns":4},{"damage":2,"enemies":"Looter","floor":12,"turns":3},{"damage":6,"enemies":"2 Fungi Beasts","floor":14,"turns":3},{"damage":9,"enemies":"Slime Boss","floor":16,"turns":10},{"damage":0,"enemies":"3 Byrds","floor":18,"turns":7},{"damage":56,"enemies":"Masked Bandits","floor":20,"turns":7},{"damage":1,"enemies":"Spheric Guardian","floor":21,"turns":3},{"damage":0,"enemies":"3 Cultists","floor":22,"turns":5},{"damage":10,"enemies":"Snake Plant","floor":23,"turns":4},{"damage":0,"enemies":"Cultist and Chosen","floor":24,"turns":4}],"seed_played":"1008895530459091758","potions_obtained":[{"floor":4,"key":"Weak Potion"},{"floor":5,"key":"Strength Potion"},{"floor":21,"key":"Ancient Potion"},{"floor":22,"key":"Explosive Potion"}],"is_trial":false,"path_per_floor":["M","?","$","M","M","R","M","$","T","?","R","M","$","M","R","B",null,"M","?","?","M","M","M","M"],"character_chosen":"THE_DEFAULT","items_purchased":["theMarked:SecretDocuments"],"campfire_rested":0,"item_purchase_floors":[3],"current_hp_per_floor":[46,46,46,46,46,46,45,45,45,50,50,48,48,42,42,33,75,75,75,19,18,18,8,8,8],"gold":207,"neow_bonus":"REMOVE_TWO","is_daily":false,"chose_seed":false,"campfire_upgraded":3,"win_rate":0.0,"timestamp":1609864081,"path_taken":["M","?","$","?","M","R","M","?","T","?","R","M","?","M","R","BOSS","M","?","?","M","M","M","M"],"items_purchased_type":["Relic"],"build_version":"2020-12-22","purchased_purges":1,"victory":false,"max_hp_per_floor":[70,70,70,70,70,70,70,70,70,75,75,75,75,75,75,75,75,75,75,75,75,75,75,75,75],"card_choices":[{"not_picked":["theMarked:BanishingStrike","theMarked:Polarize","theMarked:Panic"],"picked":"SKIP","floor":1},{"not_picked":["theMarked:TwofoldDefense","theMarked:ElectricStrings","theMarked:Aftermath"],"picked":"SKIP","floor":4},{"not_picked":["theMarked:Improvise","theMarked:Polarize","theMarked:BanishingStrike"],"picked":"SKIP","floor":5},{"not_picked":["theMarked:Panic","theMarked:WastefulAttack"],"picked":"theMarked:EternalStudent","floor":7},{"not_picked":["theMarked:ResourceFulStrike","theMarked:ElectricStrings","theMarked:BanishingWave"],"picked":"SKIP","floor":12},{"not_picked":["theMarked:WastefulDefense","theMarked:ChainLightning","theMarked:RepellingDischarge"],"picked":"SKIP","floor":14},{"not_picked":["theMarked:TurnInvisible","theMarked:ChannelForce"],"picked":"theMarked:SoldierForm","floor":16},{"not_picked":["theMarked:WardOff","theMarked:WastefulAttack","theMarked:Parkour"],"picked":"SKIP","floor":18},{"not_picked":["theMarked:TwofoldDefense","theMarked:WastefulAttack","theMarked:RepellingDischarge"],"picked":"SKIP","floor":21},{"not_picked":["theMarked:TwofoldDefense+1","theMarked:ReduceFriction+1","theMarked:WastefulDefense"],"picked":"SKIP","floor":22},{"not_picked":["theMarked:Parkour+1","theMarked:SelfDefenseTraining","theMarked:MysticalArsenal"],"picked":"SKIP","floor":23}],"player_experience":352857,"relics_obtained":[{"floor":9,"key":"Replay:Mystery Machine"},{"floor":20,"key":"Red Mask"}],"event_choices":[{"damage_healed":0,"gold_gain":0,"player_choice":"Forge","damage_taken":0,"max_hp_gain":0,"max_hp_loss":0,"event_name":"Accursed Blacksmith","floor":2,"gold_loss":0,"cards_upgraded":["theMarked:SoldierOfQuellstein"]},{"damage_healed":0,"gold_gain":0,"player_choice":"Donut","damage_taken":0,"max_hp_gain":5,"max_hp_loss":0,"event_name":"Big Fish","floor":10,"gold_loss":0},{"damage_healed":0,"gold_gain":0,"player_choice":"Fought Bandits","damage_taken":0,"max_hp_gain":0,"max_hp_loss":0,"event_name":"Masked Bandits","floor":20,"gold_loss":0}],"is_beta":false,"boss_relics":[{"not_picked":["Pandora\u0027s Box","Snecko Heart"],"picked":"Black Star"}],"items_purged_floors":[13],"is_endless":false,"potions_floor_spawned":[4,5,7,12,21,22,23],"killed_by":"Cultist and Chosen","ascension_level":0}}