{"host":"sc0o2qwpf9j16a4i","time":1609847091,"event":{"mods":["AchievementEnabler","BaseMod","BetterRewards","Block Reminder","Colored Map","Colored Powertips","Custom Start","Highlight Path","Minty Spire (QoL Compilation)","Relic Stats"],"gold_per_floor":[111,129,129,41,116,116,116,143,143,143,143,173,173,193,193,193,193],"floor_reached":16,"playtime":253,"items_purged":[],"score":212,"play_id":"a4310235-43ed-4726-b968-7a5f7db9ffc7","local_time":"20210105134451","is_ascension_mode":true,"campfire_choices":[{"data":"Carnage","floor":6,"key":"SMITH"},{"floor":11,"key":"REST"},{"floor":15,"key":"REST"}],"circlet_count":0,"master_deck":["AscendersBane","Strike_R","Strike_R","Strike_R","Strike_R","Defend_R","Defend_R","Defend_R","Defend_R","Bash+1","Hemokinesis","Sword Boomerang","Carnage+1","Immolate+1","Headbutt","True Grit"],"relics":["Burning Blood","InkBottle","MealTicket","Letter Opener","Juzu Bracelet"],"acts_visited":["Exordium"],"potions_floor_usage":[12,16],"damage_taken":[{"damage":1,"enemies":"Small Slimes","floor":1,"turns":4},{"damage":2,"enemies":"2 Louse","floor":2,"turns":3},{"damage":33,"enemies":"Gremlin Nob","floor":8,"turns":4},{"damage":27,"enemies":"Lagavulin","floor":12,"turns":4},{"damage":4,"enemies":"Jaw Worm","floor":14,"turns":3},{"damage":55,"enemies":"The Guardian","floor":16,"turns":10}],"seed_played":"5482783584136791233","potions_obtained":[{"floor":1,"key":"Energy Potion"},{"floor":14,"key":"Fire Potion"}],"is_trial":false,"path_per_floor":["M","M","?","$","?","R","?","E","T","?","R","E","?","M","R","B"],"character_chosen":"IRONCLAD","items_purchased":["Carnage"],"campfire_rested":2,"item_purchase_floors":[4],"current_hp_per_floor":[73,75,68,68,57,57,57,30,30,30,52,31,31,33,55,0,0],"gold":193,"neow_bonus":"UPGRADE_CARD","is_daily":false,"chose_seed":false,"campfire_upgraded":1,"win_rate":0.0,"timestamp":1609847091,"path_taken":["M","M","?","$","?","R","?","E","T","?","R","E","?","M","R","BOSS"],"items_purchased_type":["Card"],"build_version":"2020-12-22","purchased_purges":0,"victory":false,"max_hp_per_floor":[75,75,75,75,75,75,75,75,75,75,75,75,75,75,75,75,75],"relic_stats":{"counters":[6,28],"MealTicket":0,"Juzu Bracelet":0,"Letter Opener":[0],"obtain_stats":[{"MealTicket":8,"Juzu Bracelet":12,"Letter Opener":9,"Burning Blood":0,"InkBottle":7},{"MealTicket":3,"Juzu Bracelet":4,"Letter Opener":3,"Burning Blood":0,"InkBottle":2},{"MealTicket":11,"Juzu Bracelet":15,"Letter Opener":11,"Burning Blood":0,"InkBottle":7}],"Burning Blood":28,"InkBottle":[4]},"card_choices":[{"not_picked":["Evolve","Wild Strike"],"picked":"Hemokinesis","floor":1},{"not_picked":["Shrug It Off","Armaments"],"picked":"Sword Boomerang","floor":2},{"not_picked":["Whirlwind","Carnage"],"picked":"Immolate","floor":8},{"not_picked":["Twin Strike","Thunderclap"],"picked":"Headbutt","floor":12},{"not_picked":["Heavy Blade","Flex"],"picked":"True Grit","floor":14}],"player_experience":555316,"relics_obtained":[{"floor":8,"key":"MealTicket"},{"floor":9,"key":"Letter Opener"},{"floor":12,"key":"Juzu Bracelet"}],"event_choices":[{"cards_removed":["Strike_R"],"damage_healed":0,"gold_gain":0,"player_choice":"Card Removal","damage_taken":7,"max_hp_gain":0,"max_hp_loss":0,"event_name":"Golden Wing","floor":3,"gold_loss":0},{"damage_healed":0,"gold_gain":75,"player_choice":"Gather Gold","damage_taken":11,"max_hp_gain":0,"max_hp_loss":0,"event_name":"World of Goop","floor":5,"gold_loss":0},{"damage_healed":0,"gold_gain":0,"player_choice":"Searched \u00271\u0027 times","damage_taken":0,"relics_obtained":["InkBottle"],"max_hp_gain":0,"max_hp_loss":0,"event_name":"Dead Adventurer","floor":7,"gold_loss":0},{"damage_healed":0,"gold_gain":0,"player_choice":"Grow","damage_taken":0,"max_hp_gain":0,"max_hp_loss":0,"event_name":"Living Wall","floor":10,"gold_loss":0,"cards_upgraded":["Immolate"]},{"damage_healed":0,"gold_gain":0,"player_choice":"Ignored","damage_taken":0,"max_hp_gain":0,"max_hp_loss":0,"event_name":"Shining Light","floor":13,"gold_loss":0}],"is_beta":false,"boss_relics":[],"items_purged_floors":[],"is_endless":false,"potions_floor_spawned":[1,14],"killed_by":"The Guardian","ascension_level":20}}