{"host":"7jvlg611gq73pwus","time":1609848429,"event":{"mods":["BaseMod","Minty Spire (QoL Compilation)","StSLib","WarShipGirlsR/??á´Ò³R mod"],"gold_per_floor":[210,226,401,420,438,438,468,468,468,501,501,501,515,515,515,613,613,624,50,70,70,83,117,117,117,117,147,72,101,101,133,133,232,232,242,142,142,155,3,3,30,30,30,59,90,120,160,172,184,196],"floor_reached":51,"playtime":1791,"items_purged":["Doubt","rmod:defend"],"score":1100,"play_id":"4a4bd4f0-0477-4fad-9e44-087d459831a0","local_time":"20210105210709","is_ascension_mode":true,"campfire_choices":[{"data":"rmod:maingunfire","floor":6,"key":"SMITH"},{"data":"rmod:basicallowance","floor":8,"key":"SMITH"},{"data":"rmod:supportescort","floor":11,"key":"SMITH"},{"floor":15,"key":"REST"},{"floor":24,"key":"REST"},{"floor":30,"key":"REST"},{"data":"rmod:acesubmarine","floor":32,"key":"SMITH"},{"data":"rmod:diaomin","floor":40,"key":"SMITH"},{"data":"rmod:ridicule","floor":42,"key":"SMITH"},{"data":"rmod:advancebysurprise","floor":49,"key":"SMITH"}],"circlet_count":0,"master_deck":["rmod:strick","rmod:strick","rmod:defend","rmod:defend","rmod:basicallowance+1","rmod:maingunfire+1","rmod:supportescort+1","rmod:tearstotiara","rmod:circuitoustactics","rmod:gendarmerie","rmod:diaomin+1","rmod:acesubmarine+1","rmod:advancebysurprise+1","rmod:ridicule+1"],"relics":["rmod:firstchargereward","StrikeDummy","Bottled Lightning","Mercury Hourglass","Bag of Marbles","SlaversCollar","White Beast Statue","Frozen Egg 2","InkBottle","Matryoshka","Enchiridion","Shuriken","HornCleat","Shovel","Kunai","Bag of Preparation","Busted Crown","Potion Belt","StoneCalendar","Molten Egg 2","MawBank","Akabeko"],"acts_visited":["Exordium","TheCity","TheBeyond"],"potions_floor_usage":[7,7,23,23,23,27,27,29,31,31,41,45,46,50,50,50,50,50],"damage_taken":[{"damage":2,"enemies":"2 Louse","floor":1,"turns":3},{"damage":5,"enemies":"Jaw Worm","floor":2,"turns":3},{"damage":6,"enemies":"Cultist","floor":4,"turns":4},{"damage":4,"enemies":"Looter","floor":5,"turns":4},{"damage":8,"enemies":"Lagavulin","floor":7,"turns":6},{"damage":10,"enemies":"3 Sentries","floor":10,"turns":9},{"damage":0,"enemies":"2 Fungi Beasts","floor":13,"turns":3},{"damage":47,"enemies":"Slime Boss","floor":16,"turns":14},{"damage":12,"enemies":"Shell Parasite","floor":18,"turns":6},{"damage":17,"enemies":"3 Byrds","floor":20,"turns":5},{"damage":6,"enemies":"Snake Plant","floor":22,"turns":4},{"damage":6,"enemies":"Slavers","floor":23,"turns":3},{"damage":0,"enemies":"Book of Stabbing","floor":27,"turns":3},{"damage":0,"enemies":"Gremlin Leader","floor":29,"turns":4},{"damage":0,"enemies":"Slavers","floor":31,"turns":3},{"damage":9,"enemies":"Champ","floor":33,"turns":8},{"damage":2,"enemies":"Orb Walker","floor":35,"turns":2},{"damage":0,"enemies":"3 Shapes","floor":38,"turns":2},{"damage":1,"enemies":"Nemesis","floor":41,"turns":3},{"damage":12,"enemies":"Sphere and 2 Shapes","floor":44,"turns":2},{"damage":0,"enemies":"Spire Growth","floor":45,"turns":4},{"damage":0,"enemies":"Writhing Mass","floor":46,"turns":3},{"damage":0,"enemies":"Giant Head","floor":47,"turns":4},{"damage":36,"enemies":"Time Eater","floor":50,"turns":7}],"seed_played":"-8180628066055955311","potions_obtained":[{"floor":1,"key":"BlessingOfTheForge"},{"floor":4,"key":"EssenceOfSteel"},{"floor":5,"key":"FairyPotion"},{"floor":20,"key":"Energy Potion"},{"floor":22,"key":"EntropicBrew"},{"floor":23,"key":"PowerPotion"},{"floor":27,"key":"Block Potion"},{"floor":29,"key":"Strength Potion"},{"floor":31,"key":"Block Potion"},{"floor":33,"key":"GamblersBrew"},{"floor":35,"key":"SpeedPotion"},{"floor":41,"key":"Regen Potion"},{"floor":44,"key":"Ancient Potion"},{"floor":45,"key":"EntropicBrew"},{"floor":46,"key":"Swift Potion"},{"floor":47,"key":"Regen Potion"}],"is_trial":false,"path_per_floor":["M","M","?","M","M","R","E","R","T","E","R","?","M","?","R","B",null,"M","$","M","?","M","E","R","?","T","E","?","E","R","E","R","B",null,"M","$","?","M","$","R","E","R","T","M","M","M","E","?","R","B",null],"character_chosen":"PRAEFECT","items_purchased":["White Beast Statue","Frozen Egg 2","Potion Belt"],"campfire_rested":3,"item_purchase_floors":[19,19,39],"current_hp_per_floor":[73,68,68,62,58,58,50,50,50,40,40,40,40,7,29,12,75,63,63,46,46,40,34,56,40,40,40,40,40,62,62,62,53,75,73,73,73,73,73,73,72,72,72,60,69,69,69,69,69,48],"gold":208,"neow_bonus":"HUNDRED_GOLD","is_daily":false,"chose_seed":false,"campfire_upgraded":7,"win_rate":0.0,"timestamp":1609848429,"path_taken":["M","M","?","M","M","R","E","R","T","E","R","?","?","?","R","BOSS","M","$","M","?","M","E","R","?","T","E","?","E","R","E","R","BOSS","M","$","?","M","$","R","E","R","T","M","M","M","E","?","R","BOSS"],"items_purchased_type":["Relic","Relic","Relic"],"build_version":"2020-12-22","purchased_purges":2,"victory":true,"max_hp_per_floor":[75,75,75,75,75,75,75,75,75,75,75,75,75,75,75,75,75,75,75,75,75,75,75,75,75,75,75,75,75,75,75,75,75,75,75,75,75,75,75,75,75,75,75,75,75,75,75,75,75,75],"card_choices":[{"not_picked":["rmod:spoils","rmod:gendarmerie"],"picked":"rmod:supportescort","floor":1},{"not_picked":["rmod:combined","rmod:victimresponsibility","rmod:mineteam"],"picked":"SKIP","floor":2},{"not_picked":["rmod:aluminumsupply","rmod:steelsupply","rmod:aviationdawn"],"picked":"SKIP","floor":4},{"not_picked":["rmod:slowdown","rmod:heivgo"],"picked":"rmod:tearstotiara","floor":5},{"not_picked":["rmod:slowdown","rmod:royalracing"],"picked":"rmod:circuitoustactics","floor":7},{"not_picked":["rmod:steelsupply","rmod:fletcher"],"picked":"rmod:gendarmerie","floor":10},{"not_picked":["rmod:capitalist","rmod:salvage"],"picked":"rmod:diaomin","floor":13},{"not_picked":["rmod:stealaluminum","rmod:expeditionaryescort"],"picked":"rmod:acesubmarine","floor":16},{"not_picked":["rmod:generalist","rmod:aviationdawn","rmod:spoils+1"],"picked":"SKIP","floor":18},{"not_picked":["rmod:steelsupply+1","rmod:luckystar","rmod:salvage"],"picked":"SKIP","floor":20},{"not_picked":["rmod:ring","rmod:ammunitionsupply","rmod:diamondstrike+1"],"picked":"SKIP","floor":22},{"not_picked":["rmod:advancebysurprise","rmod:windflower","rmod:chargemoney+1"],"picked":"SKIP","floor":23},{"not_picked":["rmod:maintain+1","rmod:garrisonisland"],"picked":"rmod:advancebysurprise","floor":27},{"not_picked":["rmod:combined","rmod:capitalist","rmod:aluminumsupply"],"picked":"SKIP","floor":29},{"not_picked":["rmod:unsinkable","rmod:steelsupply","rmod:circuitoustactics"],"picked":"SKIP","floor":31},{"not_picked":["rmod:saltedfish","rmod:acesubmarine"],"picked":"rmod:ridicule","floor":33},{"not_picked":["rmod:supportescort"],"picked":"SKIP","floor":35},{"not_picked":["rmod:supportescort"],"picked":"SKIP","floor":38},{"not_picked":["rmod:heivgo+1"],"picked":"SKIP","floor":41},{"not_picked":["rmod:supportescort+1"],"picked":"SKIP","floor":44},{"not_picked":["rmod:supportescort"],"picked":"SKIP","floor":45},{"not_picked":["rmod:victimresponsibility+1"],"picked":"SKIP","floor":46},{"not_picked":["rmod:guardianhero"],"picked":"SKIP","floor":47}],"player_experience":462553,"relics_obtained":[{"floor":7,"key":"StrikeDummy"},{"floor":9,"key":"Bottled Lightning"},{"floor":10,"key":"Mercury Hourglass"},{"floor":23,"key":"Matryoshka"},{"floor":25,"key":"Enchiridion"},{"floor":26,"key":"Shuriken"},{"floor":26,"key":"HornCleat"},{"floor":27,"key":"Shovel"},{"floor":29,"key":"Kunai"},{"floor":31,"key":"Bag of Preparation"},{"floor":41,"key":"StoneCalendar"},{"floor":43,"key":"Molten Egg 2"},{"floor":43,"key":"MawBank"},{"floor":47,"key":"Akabeko"}],"event_choices":[{"damage_healed":0,"gold_gain":175,"player_choice":"AGREE","damage_taken":0,"max_hp_gain":0,"max_hp_loss":0,"event_name":"Liars Game","floor":3,"gold_loss":0,"cards_obtained":["Doubt"]},{"cards_removed":["rmod:strick"],"damage_healed":0,"gold_gain":0,"player_choice":"Offered Basic","damage_taken":0,"max_hp_gain":0,"max_hp_loss":0,"event_name":"Bonfire Elementals","floor":12,"gold_loss":0},{"damage_healed":0,"gold_gain":0,"player_choice":"Success","damage_taken":33,"relics_obtained":["Bag of Marbles"],"max_hp_gain":0,"max_hp_loss":0,"event_name":"Scrap Ooze","floor":14,"gold_loss":0},{"damage_healed":0,"gold_gain":0,"player_choice":"Opened","damage_taken":0,"relics_obtained":["InkBottle"],"max_hp_gain":0,"max_hp_loss":0,"event_name":"The Mausoleum","floor":21,"gold_loss":0},{"damage_healed":0,"gold_gain":0,"player_choice":"Obtained Book","damage_taken":16,"max_hp_gain":0,"max_hp_loss":0,"event_name":"Cursed Tome","floor":25,"gold_loss":0},{"cards_removed":["rmod:strick"],"damage_healed":0,"gold_gain":0,"player_choice":"Gave Gold","damage_taken":0,"max_hp_gain":0,"max_hp_loss":0,"event_name":"Beggar","floor":28,"gold_loss":75},{"damage_healed":0,"gold_gain":0,"player_choice":"Memory 1","damage_taken":0,"max_hp_gain":0,"max_hp_loss":0,"event_name":"SensoryStone","floor":37,"gold_loss":0},{"cards_removed":["rmod:defend"],"damage_healed":0,"gold_gain":0,"player_choice":"Card Removal","damage_taken":0,"max_hp_gain":0,"max_hp_loss":0,"event_name":"Wheel of Change","floor":48,"gold_loss":0}],"is_beta":false,"boss_relics":[{"not_picked":["Cursed Key","Fusion Hammer"],"picked":"SlaversCollar"},{"not_picked":["Black Star","SacredBark"],"picked":"Busted Crown"}],"items_purged_floors":[19,36],"is_endless":false,"potions_floor_spawned":[1,4,5,20,22,23,27,29,31,33,35,38,41,44,45,46,47],"ascension_level":2}}