{"host":"6gwm7y0tp7acoxay","time":1609837124,"event":{"mods":["BaseMod","Colored Map","Keyboard Shortcuts","Minty Spire (QoL Compilation)","Quick Restart","StSLib","SuperFastMode","everything is the same but u backflip on backflip"],"gold_per_floor":[110,124,142,155,167,193,223,223,250,277,292,304,317,343,343,415,415,429,160,172,187,112,141,156,175,199,199,199,232,263,295,295,374,374,394,409,424,443,225,256,289,314,314,339,371,385,398,409,409,409,409,409,409,136,161,161],"floor_reached":57,"playtime":2290,"items_purged":["Armaments+1","Clothesline","Wild Strike"],"score":3865,"play_id":"1859c290-e62f-479f-9ada-96a2784cbec0","local_time":"20210105175844","daily_mods":["SealedDeck","Vintage","Heirloom","Flight"],"is_ascension_mode":true,"campfire_choices":[{"data":"Armaments","floor":8.0,"key":"SMITH"},{"floor":15,"key":"RECALL"},{"data":"Echo Form","floor":27,"key":"SMITH"},{"data":"DevaForm","floor":32,"key":"SMITH"},{"data":"Demon Form","floor":49,"key":"SMITH"},{"data":"Feel No Pain","floor":53,"key":"SMITH"}],"circlet_count":0,"master_deck":["Demon Form+1","Wraith Form v2","Echo Form+1","DevaForm+1","AscendersBane","Fire Breathing","Cleave","Headbutt+1","Shockwave+1","Feel No Pain+1","Shrug It Off","Evolve","Reaper+1","Apotheosis","Heavy Blade+1","Uppercut+1","Impervious","Power Through+1","Fiend Fire+1","Disarm","Disarm","Whirlwind+1"],"relics":["Burning Blood","Thread and Needle","Unceasing Top","Torii","Potion Belt","Regal Pillow","Prayer Wheel","Happy Flower","StrikeDummy","Bag of Marbles","Tiny Chest","Vajra","Blood Vial","Bag of Preparation","War Paint","Snecko Eye","Darkstone Periapt","InkBottle","Molten Egg 2","Whetstone","Oddly Smooth Stone","Art of War","Frozen Egg 2","Omamori","Question Card","Coffee Dripper","Red Skull","Kunai","Mummified Hand","Matryoshka","Membership Card","PreservedInsect","Gremlin Horn","Anchor","Dream Catcher","Charon\u0027s Ashes","Pen Nib","Gambling Chip","Eternal Feather","Pocketwatch","CeramicFish","Orrery","Ornamental Fan","Champion Belt"],"acts_visited":["Exordium","TheCity","TheBeyond","TheEnding"],"potions_floor_usage":[16,25,29,37,40,56,56,56],"damage_taken":[{"damage":0.0,"enemies":"2 Louse","floor":1.0,"turns":2.0},{"damage":0.0,"enemies":"Jaw Worm","floor":2.0,"turns":5.0},{"damage":6.0,"enemies":"Small Slimes","floor":3.0,"turns":5.0},{"damage":14.0,"enemies":"3 Louse","floor":4.0,"turns":2.0},{"damage":1.0,"enemies":"2 Fungi Beasts","floor":5.0,"turns":4.0},{"damage":0.0,"enemies":"Lagavulin","floor":6.0,"turns":6.0},{"damage":44.0,"enemies":"Gremlin Nob","floor":7.0,"turns":5.0},{"damage":1.0,"enemies":"3 Sentries","floor":10.0,"turns":5.0},{"damage":1,"enemies":"Gremlin Gang","floor":11,"turns":4},{"damage":0,"enemies":"Large Slime","floor":12,"turns":4},{"damage":9,"enemies":"Exordium Wildlife","floor":13,"turns":4},{"damage":0,"enemies":"Lagavulin","floor":14,"turns":7},{"damage":23,"enemies":"The Guardian","floor":16,"turns":6},{"damage":0,"enemies":"Shell Parasite","floor":18,"turns":4},{"damage":0,"enemies":"2 Thieves","floor":20,"turns":4},{"damage":2,"enemies":"3 Cultists","floor":21,"turns":4},{"damage":14,"enemies":"Gremlin Leader","floor":23,"turns":4},{"damage":8,"enemies":"Centurion and Healer","floor":24,"turns":4},{"damage":14,"enemies":"Snecko","floor":25,"turns":4},{"damage":31,"enemies":"Slavers","floor":29,"turns":4},{"damage":1,"enemies":"Gremlin Leader","floor":30,"turns":5},{"damage":21,"enemies":"Book of Stabbing","floor":31,"turns":4},{"damage":0,"enemies":"Automaton","floor":33,"turns":5},{"damage":0,"enemies":"Orb Walker","floor":35,"turns":3},{"damage":22,"enemies":"3 Darklings","floor":36,"turns":4},{"damage":0,"enemies":"Jaw Worm Horde","floor":37,"turns":3},{"damage":0,"enemies":"Transient","floor":38,"turns":6},{"damage":27,"enemies":"Nemesis","floor":40,"turns":5},{"damage":0,"enemies":"Giant Head","floor":41,"turns":4},{"damage":0,"enemies":"Nemesis","floor":42,"turns":3},{"damage":0,"enemies":"Giant Head","floor":44,"turns":4},{"damage":0,"enemies":"Nemesis","floor":45,"turns":5},{"damage":0,"enemies":"Maw","floor":46,"turns":4},{"damage":0,"enemies":"Spire Growth","floor":47,"turns":3},{"damage":0,"enemies":"Sphere and 2 Shapes","floor":48,"turns":3},{"damage":0,"enemies":"Awakened One","floor":50,"turns":5},{"damage":0,"enemies":"Time Eater","floor":51,"turns":5},{"damage":0,"enemies":"Shield and Spear","floor":55,"turns":3},{"damage":15,"enemies":"The Heart","floor":56,"turns":6}],"seed_played":"962700920905680764","potions_obtained":[{"floor":1.0,"key":"Ancient Potion"},{"floor":3.0,"key":"SpeedPotion"},{"floor":5.0,"key":"Weak Potion"},{"floor":10.0,"key":"Ancient Potion"},{"floor":16,"key":"BlessingOfTheForge"},{"floor":25,"key":"Fruit Juice"},{"floor":29,"key":"Block Potion"},{"floor":31,"key":"Explosive Potion"},{"floor":35,"key":"DistilledChaos"},{"floor":37,"key":"LiquidBronze"},{"floor":40,"key":"Ancient Potion"}],"is_trial":true,"path_per_floor":["M","M","M","M","M","E","E","R","T","E","M","M","M","E","R","B",null,"M","$","M","M","?","E","M","M","T","R","T","E","E","E","R","B",null,"M","M","M","M","$","E","E","E","T","E","E","M","M","M","R","B","B",null,"R","$","E","B",null],"character_chosen":"IRONCLAD","items_purchased":["Apotheosis","Membership Card","Orrery","Ornamental Fan","SteroidPotion"],"campfire_rested":0,"item_purchase_floors":[19,39,54,54,54],"current_hp_per_floor":[74,75,75,67,72,75,37,37,37,42,47,53,52,60,60,45,68,75,75,75,75,75,75,75,80,80,80,80,80,80,80,80,80,80,80,80,80,80,80,60,80,80,80,80,80,80,80,80,80,80,80,80,80,80,80,80],"gold":161,"neow_bonus":"","is_daily":false,"chose_seed":false,"campfire_upgraded":5,"win_rate":0.0,"timestamp":1609837124,"path_taken":["M","M","M","M","M","E","E","R","T","E","M","M","M","E","R","BOSS","M","$","M","M","?","E","M","M","T","R","?","E","E","E","R","BOSS","M","M","M","M","$","E","E","E","T","E","E","M","M","M","R","BOSS","BOSS","R","$","E","BOSS"],"items_purchased_type":["Card","Relic","Relic","Relic","Potion"],"build_version":"2020-12-22","purchased_purges":3,"victory":true,"max_hp_per_floor":[75,75,75,75,75,75,75,75,75,75,75,75,75,75,75,75,75,75,75,75,75,75,75,75,80,80,80,80,80,80,80,80,80,80,80,80,80,80,80,80,80,80,80,80,80,80,80,80,80,80,80,80,80,80,80,80],"card_choices":[{"not_picked":["Infernal Blade","Wild Strike"],"picked":"Evolve","floor":6.0},{"not_picked":["Twin Strike","Flex","Inflame"],"picked":"SKIP","floor":7.0},{"not_picked":["Headbutt","Carnage","Berserk"],"picked":"SKIP","floor":10.0},{"not_picked":["Twin Strike","Double Tap","Pommel Strike"],"picked":"SKIP","floor":14},{"not_picked":["Brutality","Fiend Fire"],"picked":"Reaper","floor":16},{"not_picked":["Flex","Clash+1"],"picked":"Heavy Blade+1","floor":23},{"not_picked":["Rage","Heavy Blade+1","Battle Trance"],"picked":"SKIP","floor":29},{"not_picked":["Double Tap","Dark Embrace+1"],"picked":"Uppercut+1","floor":30},{"not_picked":["Twin Strike+1","Thunderclap+1","Heavy Blade+1"],"picked":"SKIP","floor":31},{"not_picked":["Bludgeon+1","Exhume","Reaper+1"],"picked":"Impervious","floor":33},{"not_picked":["Warcry","Armaments+1","Metallicize+1","Sever Soul+1"],"picked":"SKIP","floor":40},{"not_picked":["True Grit","Berserk+1","Flex","Shrug It Off"],"picked":"SKIP","floor":41},{"not_picked":["Anger+1","True Grit","Havoc"],"picked":"Power Through+1","floor":42},{"not_picked":["Headbutt+1","Inflame+1","Rupture+1","Shrug It Off"],"picked":"SKIP","floor":44},{"not_picked":["Ghostly Armor","Clash+1","Sentinel","Cleave+1"],"picked":"SKIP","floor":45},{"not_picked":["Twin Strike+1","Carnage+1","Heavy Blade+1"],"picked":"Fiend Fire+1","floor":54},{"not_picked":["Dark Embrace+1","Infernal Blade","Clash+1"],"picked":"Disarm","floor":54},{"not_picked":["Perfected Strike+1","Heavy Blade+1","Havoc"],"picked":"Disarm","floor":54},{"not_picked":["Body Slam+1","Shockwave","Blood for Blood+1"],"picked":"Whirlwind+1","floor":54},{"not_picked":["Seeing Red+1","Sword Boomerang+1","Perfected Strike+1","Havoc"],"picked":"SKIP","floor":55}],"player_experience":4364341,"relics_obtained":[{"floor":1.0,"key":"Unceasing Top"},{"floor":2.0,"key":"Torii"},{"floor":3.0,"key":"Potion Belt"},{"floor":4.0,"key":"Regal Pillow"},{"floor":5.0,"key":"Prayer Wheel"},{"floor":6.0,"key":"Happy Flower"},{"floor":7.0,"key":"StrikeDummy"},{"floor":9.0,"key":"Bag of Marbles"},{"floor":10.0,"key":"Tiny Chest"},{"floor":11,"key":"Vajra"},{"floor":12,"key":"Blood Vial"},{"floor":13,"key":"Bag of Preparation"},{"floor":14,"key":"War Paint"},{"floor":18,"key":"Darkstone Periapt"},{"floor":20,"key":"InkBottle"},{"floor":23,"key":"Molten Egg 2"},{"floor":24,"key":"Whetstone"},{"floor":25,"key":"Oddly Smooth Stone"},{"floor":26,"key":"Art of War"},{"floor":29,"key":"Frozen Egg 2"},{"floor":30,"key":"Omamori"},{"floor":31,"key":"Question Card"},{"floor":35,"key":"Red Skull"},{"floor":36,"key":"Kunai"},{"floor":37,"key":"Mummified Hand"},{"floor":38,"key":"Matryoshka"},{"floor":40,"key":"PreservedInsect"},{"floor":41,"key":"Gremlin Horn"},{"floor":42,"key":"Anchor"},{"floor":43,"key":"Dream Catcher"},{"floor":43,"key":"Charon\u0027s Ashes"},{"floor":44,"key":"Pen Nib"},{"floor":45,"key":"Gambling Chip"},{"floor":46,"key":"Eternal Feather"},{"floor":47,"key":"Pocketwatch"},{"floor":48,"key":"CeramicFish"},{"floor":55,"key":"Champion Belt"}],"event_choices":[{"cards_removed":["Intimidate"],"damage_healed":0,"gold_gain":0,"player_choice":"Gave Gold","damage_taken":0,"max_hp_gain":0,"max_hp_loss":0,"event_name":"Beggar","floor":22,"gold_loss":75}],"is_beta":false,"boss_relics":[{"not_picked":["Fusion Hammer","SlaversCollar"],"picked":"Snecko Eye"},{"not_picked":["Cursed Key","Runic Pyramid"],"picked":"Coffee Dripper"}],"items_purged_floors":[19,39,54],"is_endless":false,"potions_floor_spawned":[1,3,5,10,12,16,24,25,29,31,33,35,37,40,41,44],"ascension_level":20}}