{"host":"kdt6w7ix8lwe69i9","time":1609821712,"event":{"mods":["100% Spire Juice","Bartender","BaseMod","ChefMod","Downfall","Fiend Mod","Jorbs\u0027s Wanderer Trilogy","Minty Spire (QoL Compilation)","Reimu（博丽灵梦）","Robot Space Explorer","StSLib","The Caster","The Cursed","The Disciple","The Dragon Tamer","The Druid","The Elementalist","The Forsaken","The Gatherer","The Marked","TheBandit"],"gold_per_floor":[96,96,111,111,176,56,106,36,36,36,50,50,85,152,32,137,17,33,51,71,121,171,188,264,283,357,377,377,377],"floor_reached":28,"playtime":2302,"items_purged":[],"score":272,"play_id":"ed5c6442-5a50-433c-ab03-7fe748100fce","local_time":"20210104234152","is_ascension_mode":false,"campfire_choices":[{"floor":6,"key":"REST"},{"floor":10,"key":"RECALL"},{"data":"Moonworks:LuckyCharm","floor":12,"key":"SMITH"},{"data":"Moonworks:AwakeningOfTalent","floor":15,"key":"SMITH"}],"circlet_count":0,"master_deck":["Moonworks:Strike","Moonworks:Strike","Moonworks:Strike","Moonworks:Strike","Moonworks:Defend","Moonworks:Defend","Moonworks:Defend","Moonworks:Defend","Moonworks:Ambush","Moonworks:LongDistanceShot","Moonworks:JonathanRush","Moonworks:EvilSpyWorkPreparation","Moonworks:LuckyCharm+1","Moonworks:Heat300Percent","Moonworks:AwakeningOfTalent+1","Moonworks:SakisCookie","Moonworks:StarBlastingFuse","Moonworks:RagingMadness","Moonworks:LulusLuckyEgg","Moonworks:IndiscriminateFireSupport","Shame","Moonworks:DeployBits","Moonworks:CloudOfSeagulls","Moonworks:Dash","Moonworks:AnotherUltimateWeapon"],"relics":["Moonworks:BrokenBomb","Moonworks:Homemark","Kunai","SsserpentHead","Oddly Smooth Stone","Tea:ReiMu","Dead Branch","Runic Pyramid","FossilizedHelix","Red Mask","Mercury Hourglass"],"acts_visited":["Exordium","TheCity"],"potions_floor_usage":[3,16,25,25,27],"damage_taken":[{"damage":3,"enemies":"Small Slimes","floor":1,"turns":4},{"damage":4,"enemies":"Jaw Worm","floor":3,"turns":3},{"damage":0,"enemies":"Cultist","floor":5,"turns":3},{"damage":0,"enemies":"Large Slime","floor":11,"turns":3},{"damage":9,"enemies":"Gremlin Nob","floor":13,"turns":4},{"damage":1,"enemies":"2 Fungi Beasts","floor":14,"turns":3},{"damage":0,"enemies":"Slime Boss","floor":16,"turns":4},{"damage":2,"enemies":"Spheric Guardian","floor":18,"turns":3},{"damage":20,"enemies":"2 Thieves","floor":19,"turns":3},{"damage":6,"enemies":"Sentry and Sphere","floor":20,"turns":6},{"damage":1,"enemies":"Centurion and Healer","floor":23,"turns":6},{"damage":9,"enemies":"Masked Bandits","floor":24,"turns":4},{"damage":4,"enemies":"Snecko","floor":25,"turns":5},{"damage":14,"enemies":"Snake Plant","floor":27,"turns":3},{"damage":48,"enemies":"Gremlin Leader","floor":28,"turns":3}],"seed_played":"8717561662835279071","potions_obtained":[{"floor":1,"key":"hexamod:EctoCoolerPotion"},{"floor":5,"key":"CultistPotion"},{"floor":14,"key":"AttackPotion"},{"floor":19,"key":"SpeedPotion"},{"floor":20,"key":"FairyPotion"},{"floor":23,"key":"ZuzhouPotion:ReiMu"},{"floor":25,"key":"Fire Potion"}],"is_trial":false,"path_per_floor":["M","?","M","?","M","R","?","?","T","R","M","R","E","M","R","B",null,"M","M","M","?","?","M","?","M","T","M","E"],"character_chosen":"THE_STARBREAKER","items_purchased":[],"campfire_rested":1,"item_purchase_floors":[],"current_hp_per_floor":[57,32,28,28,28,46,46,46,46,60,60,60,51,50,50,54,60,60,44,42,42,42,45,40,36,36,22,0,0],"gold":377,"neow_bonus":"HUNDRED_GOLD","is_daily":false,"chose_seed":false,"campfire_upgraded":2,"win_rate":0.0,"timestamp":1609821712,"path_taken":["M","?","M","?","?","R","?","?","T","R","M","R","E","?","R","BOSS","M","M","M","?","?","M","?","M","T","M","E"],"items_purchased_type":[],"build_version":"2020-12-22","purchased_purges":0,"victory":false,"max_hp_per_floor":[60,60,60,60,60,60,60,60,60,60,60,60,60,60,60,60,60,60,60,60,60,60,60,60,60,60,60,60,60],"card_choices":[{"not_picked":["Moonworks:BeyondHell","Moonworks:Dinner"],"picked":"Moonworks:JonathanRush","floor":1},{"not_picked":["Moonworks:BeyondHell","Moonworks:JonathanRush"],"picked":"Moonworks:EvilSpyWorkPreparation","floor":3},{"not_picked":["Moonworks:EvilSpyWorkPreparation","Moonworks:NicePresent"],"picked":"Moonworks:LuckyCharm","floor":5},{"not_picked":["Moonworks:ImOnFire","Moonworks:BigMagnum"],"picked":"Moonworks:Heat300Percent","floor":11},{"not_picked":["Moonworks:BackdoorTrade","Moonworks:RedAndBlue"],"picked":"Moonworks:AwakeningOfTalent","floor":13},{"not_picked":["Moonworks:ImmovableObject","Moonworks:DeployBits"],"picked":"Moonworks:SakisCookie","floor":14},{"not_picked":["Moonworks:HolyNight","Moonworks:Blazing"],"picked":"Moonworks:StarBlastingFuse","floor":16},{"not_picked":["Moonworks:Poppoformation","Moonworks:Assault+1"],"picked":"Moonworks:RagingMadness","floor":18},{"not_picked":["Moonworks:ImOnFire","Moonworks:IndiscriminateFireSupport"],"picked":"Moonworks:LulusLuckyEgg","floor":19},{"not_picked":["Moonworks:ImOnFire+1","Moonworks:NicePresent"],"picked":"Moonworks:IndiscriminateFireSupport","floor":20},{"not_picked":["Moonworks:SelfDestruct","Moonworks:CookingTime"],"picked":"Moonworks:DeployBits","floor":23},{"not_picked":["Moonworks:AccelHyper","Moonworks:WindyEnchantment+1"],"picked":"Moonworks:CloudOfSeagulls","floor":24},{"not_picked":["Moonworks:WindyEnchantment","Moonworks:Heat300Percent"],"picked":"Moonworks:Dash","floor":25},{"not_picked":["Moonworks:JonathanRush+1","Moonworks:LulusLuckyEgg"],"picked":"Moonworks:AnotherUltimateWeapon","floor":27}],"player_experience":1683322,"relics_obtained":[{"floor":9,"key":"Tea:ReiMu"},{"floor":13,"key":"Dead Branch"},{"floor":24,"key":"Red Mask"},{"floor":26,"key":"Mercury Hourglass"}],"event_choices":[{"damage_healed":0,"gold_gain":0,"player_choice":"Success","damage_taken":25,"relics_obtained":["Kunai"],"max_hp_gain":0,"max_hp_loss":0,"event_name":"Scrap Ooze","floor":2,"gold_loss":0},{"damage_healed":0,"gold_gain":0,"player_choice":"Trade","damage_taken":0,"relics_obtained":["SsserpentHead"],"max_hp_gain":0,"max_hp_loss":0,"event_name":"FaceTrader","floor":4,"gold_loss":0},{"damage_healed":0,"gold_gain":0,"player_choice":"Leave","damage_taken":0,"max_hp_gain":0,"max_hp_loss":0,"event_name":"The Cleric","floor":7,"gold_loss":0},{"damage_healed":0,"gold_gain":0,"player_choice":"Gave Potion","damage_taken":0,"relics_obtained":["Oddly Smooth Stone"],"max_hp_gain":0,"max_hp_loss":0,"event_name":"WeMeetAgain","floor":8,"gold_loss":0},{"damage_healed":0,"gold_gain":0,"player_choice":"Stole Relic","damage_taken":0,"relics_obtained":["FossilizedHelix"],"max_hp_gain":0,"max_hp_loss":0,"event_name":"Addict","floor":21,"gold_loss":0,"cards_obtained":["Shame"]},{"damage_healed":0,"gold_gain":0,"player_choice":"Fought Bandits","damage_taken":0,"max_hp_gain":0,"max_hp_loss":0,"event_name":"Masked Bandits","floor":24,"gold_loss":0}],"is_beta":false,"boss_relics":[{"not_picked":["Fusion Hammer","Fiend:Scarf"],"picked":"Runic Pyramid"}],"items_purged_floors":[],"is_endless":false,"potions_floor_spawned":[1,5,14,19,20,23,25],"killed_by":"Gremlin Leader","ascension_level":0}}