{"host":"8rwnpls8n88jrgbg","time":1609843543,"event":{"mods":["AchievementEnabler","BaseMod","Colored Map","Colored Powertips","DeckTracker","Keyboard Shortcuts","Minty Spire (QoL Compilation)","Relic Stats","StSLib","SuperFastMode"],"gold_per_floor":[119,138,10,25,43,43,43,73,73,93,93,113,27,37,37,115,115,130,163,163,179,94,94,119,119,119,144,169,169,169],"floor_reached":29,"playtime":1100,"items_purged":["Strike_G"],"score":572,"play_id":"67c1b48f-fb6d-404d-ad1c-5fd611fcecce","local_time":"20210105194543","is_ascension_mode":true,"campfire_choices":[{"data":"Deadly Poison","floor":7.0,"key":"SMITH"},{"data":"Footwork","floor":15.0,"key":"SMITH"},{"floor":23.0,"key":"REST"},{"floor":25.0,"key":"REST"}],"circlet_count":0,"master_deck":["AscendersBane","Strike_G","Strike_G","Strike_G","Defend_G","Defend_G","Defend_G","Defend_G","Defend_G","Survivor","Neutralize","Deadly Poison+1","Dagger Spray","Terror","Deadly Poison","Poisoned Stab","Deflect+1","Bullet Time+1","Catalyst+1","Footwork+1","Catalyst+1","Adrenaline+1","Backflip+1","Backflip+1","Writhe","Shame"],"relics":["Philosopher\u0027s Stone","Ninja Scroll","Toxic Egg 2","Odd Mushroom","Cursed Key","Red Mask","Mummified Hand","Eternal Feather","Snake Skull","Akabeko"],"acts_visited":["Exordium","TheCity"],"potions_floor_usage":[27],"damage_taken":[{"damage":8.0,"enemies":"Jaw Worm","floor":1.0,"turns":5.0},{"damage":2.0,"enemies":"Small Slimes","floor":2.0,"turns":5.0},{"damage":2.0,"enemies":"Cultist","floor":4.0,"turns":4.0},{"damage":14.0,"enemies":"Exordium Wildlife","floor":5.0,"turns":5.0},{"damage":26.0,"enemies":"Lagavulin","floor":8.0,"turns":5.0},{"damage":5.0,"enemies":"The Mushroom Lair","floor":10.0,"turns":3.0},{"damage":0.0,"enemies":"2 Fungi Beasts","floor":12.0,"turns":2.0},{"damage":0.0,"enemies":"Looter","floor":14.0,"turns":4.0},{"damage":2.0,"enemies":"The Guardian","floor":16.0,"turns":7.0},{"damage":24.0,"enemies":"3 Byrds","floor":18.0,"turns":6.0},{"damage":25.0,"enemies":"Masked Bandits","floor":19.0,"turns":5.0},{"damage":0.0,"enemies":"Spheric Guardian","floor":21.0,"turns":3.0},{"damage":23.0,"enemies":"Gremlin Leader","floor":24.0,"turns":4.0},{"damage":31,"enemies":"Book of Stabbing","floor":27,"turns":5},{"damage":8,"enemies":"Shelled Parasite and Fungi","floor":29,"turns":1}],"seed_played":"3091775544527696920","potions_obtained":[{"floor":4.0,"key":"Poison Potion"},{"floor":5.0,"key":"Poison Potion"},{"floor":8.0,"key":"Strength Potion"},{"floor":16.0,"key":"FearPotion"},{"floor":19.0,"key":"Weak Potion"},{"floor":24.0,"key":"SpeedPotion"}],"is_trial":false,"path_per_floor":["M","M","$","M","M","?","R","E","T","?","?","M","$","M","R","B",null,"M","?","?","M","?","R","E","R","T","E","T","M"],"character_chosen":"THE_SILENT","items_purchased":["Dagger Spray","Footwork"],"campfire_rested":2,"item_purchase_floors":[3,13],"current_hp_per_floor":[51,49,49,47,33,38,38,12,12,7,7,7,7,7,7,5,55,31,6,6,6,6,27,4,37,37,6,6,0,0],"gold":169,"neow_bonus":"BOSS_RELIC","is_daily":false,"chose_seed":false,"campfire_upgraded":2,"win_rate":0.0,"timestamp":1609843543,"path_taken":["M","M","$","M","M","?","R","E","T","?","?","?","$","M","R","BOSS","M","?","?","M","?","R","E","R","T","E","?","?"],"items_purchased_type":["Card","Card"],"build_version":"2020-12-22","purchased_purges":1,"victory":false,"max_hp_per_floor":[66,66,66,66,66,71,71,71,71,71,71,71,71,71,71,71,71,71,71,71,71,71,71,71,71,71,71,71,71,71],"relic_stats":{"counters":[15,64],"Mummified Hand":[3],"Eternal Feather":12,"Snake Skull":[0],"Cursed Key":2,"obtain_stats":[{"Ninja Scroll":8,"Mummified Hand":22,"Philosopher\u0027s Stone":0,"Eternal Feather":24,"Snake Skull":27,"Red Mask":19,"Toxic Egg 2":9,"Odd Mushroom":10,"Cursed Key":17,"Akabeko":28,"Ring of the Snake":0},{"Ninja Scroll":5,"Mummified Hand":12,"Philosopher\u0027s Stone":0,"Eternal Feather":13,"Snake Skull":14,"Red Mask":11,"Toxic Egg 2":5,"Odd Mushroom":6,"Cursed Key":9,"Akabeko":14,"Ring of the Snake":0},{"Ninja Scroll":24,"Mummified Hand":54,"Philosopher\u0027s Stone":0,"Eternal Feather":58,"Snake Skull":63,"Red Mask":51,"Toxic Egg 2":24,"Odd Mushroom":27,"Cursed Key":40,"Akabeko":63,"Ring of the Snake":0}]},"card_choices":[{"not_picked":["Dodge and Roll","Setup","Bane"],"picked":"SKIP","floor":1.0},{"not_picked":["Accuracy","PiercingWail"],"picked":"Deadly Poison","floor":2.0},{"not_picked":["Dodge and Roll","Slice"],"picked":"Terror","floor":4.0},{"not_picked":["Heel Hook","Caltrops"],"picked":"Deadly Poison","floor":5.0},{"not_picked":["Dagger Spray","Dagger Throw"],"picked":"Poisoned Stab","floor":8.0},{"not_picked":["Slice","Caltrops"],"picked":"Deflect+1","floor":10.0},{"not_picked":["Accuracy","Skewer"],"picked":"Catalyst+1","floor":12.0},{"not_picked":["Blade Dance+1","Dagger Throw"],"picked":"Catalyst+1","floor":14.0},{"not_picked":["Doppelganger+1","Phantasmal Killer+1"],"picked":"Adrenaline+1","floor":16.0},{"not_picked":["Heel Hook","Flechettes"],"picked":"Backflip+1","floor":18.0},{"not_picked":["Concentrate+1","PiercingWail+1"],"picked":"Backflip+1","floor":21.0},{"not_picked":["Masterful Stab","Poisoned Stab","Unload"],"picked":"SKIP","floor":24.0},{"not_picked":["A Thousand Cuts","Distraction+1","Skewer"],"picked":"SKIP","floor":27}],"player_experience":1489600,"relics_obtained":[{"floor":8.0,"key":"Ninja Scroll"},{"floor":9.0,"key":"Toxic Egg 2"},{"floor":10.0,"key":"Odd Mushroom"},{"floor":19.0,"key":"Red Mask"},{"floor":24.0,"key":"Eternal Feather"},{"floor":27,"key":"Snake Skull"},{"floor":28,"key":"Akabeko"}],"event_choices":[{"damage_healed":0.0,"max_hp_gain":5.0,"max_hp_loss":0.0,"gold_gain":0.0,"event_name":"Big Fish","player_choice":"Donut","floor":6.0,"gold_loss":0.0,"damage_taken":0.0},{"damage_healed":0.0,"max_hp_gain":0.0,"max_hp_loss":0.0,"gold_gain":0.0,"event_name":"Mushrooms","player_choice":"Fought Mushrooms","floor":10.0,"gold_loss":0.0,"damage_taken":0.0},{"damage_healed":0.0,"max_hp_gain":0.0,"max_hp_loss":0.0,"gold_gain":0.0,"cards_transformed":["Strike_G"],"event_name":"Transmorgrifier","player_choice":"Transformed","floor":11.0,"gold_loss":0.0,"damage_taken":0.0,"cards_obtained":["Bullet Time"]},{"damage_healed":0.0,"max_hp_gain":0.0,"max_hp_loss":0.0,"gold_gain":0.0,"event_name":"Masked Bandits","player_choice":"Fought Bandits","floor":19.0,"gold_loss":0.0,"damage_taken":0.0},{"damage_healed":0.0,"max_hp_gain":0.0,"max_hp_loss":0.0,"gold_gain":0.0,"event_name":"Vampires","player_choice":"Ignored","floor":20.0,"gold_loss":0.0,"damage_taken":0.0},{"damage_healed":0.0,"max_hp_gain":0.0,"max_hp_loss":0.0,"gold_gain":0.0,"event_name":"Addict","player_choice":"Obtained Relic","floor":22.0,"gold_loss":85.0,"damage_taken":0.0,"relics_obtained":["Mummified Hand"]}],"is_beta":false,"boss_relics":[{"not_picked":["WristBlade","Velvet Choker"],"picked":"Cursed Key"}],"items_purged_floors":[3],"is_endless":false,"potions_floor_spawned":[4,5,8,16,19,24],"killed_by":"Shelled Parasite and Fungi","ascension_level":20}}