{"host":"6bsan6hkua32tfq7","time":1609884235,"event":{"mods":["BaseMod","Better Third Choice","Colored Map","Highlight Path","Minty Spire (QoL Compilation)","StSLib"],"gold_per_floor":[114,114,114,67,92,92,106,119,146,172,172,182,214,214,214,293,293,308,308,308,308,308,339,339,374,425,436,436,436,447,479,491,575,587,611,623,388,388,399,399,430,430,430,442,442,472,472,472,472,472,472,472],"floor_reached":51,"playtime":2077,"items_purged":["Decay"],"score":1530,"play_id":"496f8693-650b-44cc-9dda-99588da92989","local_time":"20210105230355","is_ascension_mode":true,"campfire_choices":[{"data":"Bash","floor":6,"key":"SMITH"},{"data":"Shockwave","floor":11,"key":"SMITH"},{"floor":15,"key":"REST"},{"floor":24,"key":"REST"},{"data":"RitualDagger","floor":29,"key":"SMITH"},{"data":"Armaments","floor":32,"key":"SMITH"},{"data":"Evolve","floor":40,"key":"SMITH"},{"floor":42,"key":"REST"},{"floor":45,"key":"RECALL"},{"data":"Disarm","floor":47,"key":"SMITH"},{"data":"True Grit","floor":49,"key":"SMITH"}],"circlet_count":0,"master_deck":["AscendersBane","Strike_R","Strike_R","Defend_R","Defend_R","Defend_R","Bash+1","Sever Soul","Hemokinesis","Shockwave+1","Fiend Fire","True Grit+1","Armaments+1","Reaper","True Grit","RitualDagger+1","Heavy Blade+1","Impervious","Shrug It Off+1","Carnage","Disarm+1","Bludgeon","Juggernaut","Shrug It Off+1","Evolve+1","Impervious","Feel No Pain"],"relics":["Burning Blood","NeowsBlessing","betterThird:SlimedRelic","Pen Nib","MealTicket","Prayer Wheel","Juzu Bracelet","Snecko Eye","Toy Ornithopter","InkBottle","Regal Pillow","MawBank","SlaversCollar","Orrery","Paper Frog","Kunai","Bottled Lightning"],"acts_visited":["Exordium","TheCity","TheBeyond"],"potions_floor_usage":[12,13,16,18,23,23,33],"damage_taken":[{"damage":0,"enemies":"2 Louse","floor":1,"turns":1},{"damage":0,"enemies":"Jaw Worm","floor":7,"turns":1},{"damage":0,"enemies":"Cultist","floor":8,"turns":1},{"damage":44,"enemies":"3 Sentries","floor":10,"turns":7},{"damage":15,"enemies":"Lots of Slimes","floor":12,"turns":4},{"damage":2,"enemies":"Gremlin Nob","floor":13,"turns":3},{"damage":12,"enemies":"The Guardian","floor":16,"turns":14},{"damage":6,"enemies":"Chosen","floor":18,"turns":5},{"damage":24,"enemies":"Gremlin Leader","floor":23,"turns":6},{"damage":22,"enemies":"Book of Stabbing","floor":25,"turns":4},{"damage":3,"enemies":"2 Thieves","floor":27,"turns":3},{"damage":5,"enemies":"Shelled Parasite and Fungi","floor":30,"turns":5},{"damage":6,"enemies":"Slavers","floor":31,"turns":6},{"damage":80,"enemies":"Automaton","floor":33,"turns":10},{"damage":6,"enemies":"3 Shapes","floor":35,"turns":3},{"damage":37,"enemies":"3 Darklings","floor":39,"turns":6},{"damage":38,"enemies":"Reptomancer","floor":41,"turns":5},{"damage":18,"enemies":"Jaw Worm Horde","floor":44,"turns":10},{"damage":10,"enemies":"Nemesis","floor":46,"turns":7},{"damage":62,"enemies":"Awakened One","floor":50,"turns":21},{"damage":71,"enemies":"Donu and Deca","floor":51,"turns":8}],"seed_played":"1318643092462393164","potions_obtained":[{"floor":7,"key":"ColorlessPotion"},{"floor":10,"key":"Strength Potion"},{"floor":12,"key":"LiquidBronze"},{"floor":16,"key":"Ancient Potion"},{"floor":19,"key":"AttackPotion"},{"floor":19,"key":"BlessingOfTheForge"},{"floor":30,"key":"HeartOfIron"},{"floor":31,"key":"FairyPotion"}],"is_trial":false,"path_per_floor":["M","?","?","?","T","R","M","M","T","E","R","M","E","?","R","B",null,"M","?","?","?","?","E","R","E","T","M","T","R","M","E","R","B",null,"M","?","$","?","M","R","E","R","T","M","R","E","R","?","R","B","B"],"character_chosen":"IRONCLAD","items_purchased":["Orrery"],"campfire_rested":3,"item_purchase_floors":[37],"current_hp_per_floor":[74,74,67,56,56,56,62,68,68,30,30,21,25,25,47,41,67,75,75,69,69,48,30,54,38,38,53,53,53,60,68,68,14,64,64,64,79,76,51,51,34,71,71,75,75,72,72,72,72,24,0,0],"gold":472,"neow_bonus":"THREE_ENEMY_KILL","is_daily":false,"chose_seed":false,"campfire_upgraded":7,"win_rate":0.0,"timestamp":1609884235,"path_taken":["M","?","?","?","?","R","M","M","T","E","R","M","E","?","R","BOSS","M","?","?","?","?","E","R","E","T","M","?","R","M","E","R","BOSS","M","?","$","?","M","R","E","R","T","M","R","E","R","?","R","BOSS","BOSS"],"items_purchased_type":["Relic"],"build_version":"2020-12-22","purchased_purges":1,"victory":false,"max_hp_per_floor":[75,75,75,75,75,75,75,75,75,75,75,75,75,75,75,75,75,75,75,75,75,80,80,80,80,80,80,80,80,80,80,80,80,80,80,80,80,76,76,76,76,76,76,76,76,76,76,76,76,76,76,76],"card_choices":[{"not_picked":["Shrug It Off","Clash"],"picked":"Sever Soul","floor":1},{"not_picked":["Dark Embrace","Iron Wave"],"picked":"Hemokinesis","floor":7},{"not_picked":["Clothesline","Heavy Blade"],"picked":"Shockwave","floor":8},{"not_picked":["Clash","Sword Boomerang"],"picked":"Fiend Fire","floor":10},{"not_picked":["Dark Embrace","Whirlwind"],"picked":"True Grit","floor":12},{"not_picked":["Sever Soul","Sword Boomerang"],"picked":"Armaments","floor":12},{"not_picked":["Clothesline","Clash","Warcry"],"picked":"SKIP","floor":13},{"not_picked":["Double Tap","Fiend Fire"],"picked":"Reaper","floor":16},{"not_picked":["Second Wind","Entrench"],"picked":"True Grit","floor":18},{"not_picked":["Havoc","Hemokinesis","Thunderclap"],"picked":"SKIP","floor":18},{"not_picked":["Havoc","Hemokinesis","Thunderclap"],"picked":"SKIP","floor":18},{"not_picked":["Infernal Blade","Sword Boomerang"],"picked":"Heavy Blade+1","floor":23},{"not_picked":["Infernal Blade","Shrug It Off"],"picked":"Impervious","floor":25},{"not_picked":["Sword Boomerang","Cleave+1"],"picked":"Shrug It Off+1","floor":27},{"not_picked":["Thunderclap","Inflame"],"picked":"Carnage","floor":27},{"not_picked":["Whirlwind","Perfected Strike"],"picked":"Disarm","floor":30},{"not_picked":["Perfected Strike","Anger+1","Hemokinesis"],"picked":"SKIP","floor":30},{"not_picked":["Headbutt","Second Wind","Uppercut"],"picked":"SKIP","floor":31},{"not_picked":["Reaper","Impervious"],"picked":"Bludgeon","floor":33},{"not_picked":["Rampage","Sword Boomerang","Infernal Blade"],"picked":"SKIP","floor":35},{"not_picked":["Rage+1","Dual Wield","Cleave"],"picked":"SKIP","floor":35},{"not_picked":["Evolve+1","Wild Strike+1"],"picked":"Juggernaut","floor":37},{"not_picked":["Anger","Seeing Red+1"],"picked":"Shrug It Off+1","floor":37},{"not_picked":["Power Through+1","Anger"],"picked":"Evolve","floor":39},{"not_picked":["Anger","Armaments","Rampage"],"picked":"SKIP","floor":39},{"not_picked":["Rampage","Inflame+1","Intimidate+1"],"picked":"SKIP","floor":41},{"not_picked":["Body Slam+1","Anger+1"],"picked":"Impervious","floor":44},{"not_picked":["Shrug It Off","Armaments+1"],"picked":"Feel No Pain","floor":44},{"not_picked":["Cleave+1","Anger+1","Iron Wave"],"picked":"SKIP","floor":46}],"player_experience":5262059,"relics_obtained":[{"floor":5,"key":"Pen Nib"},{"floor":9,"key":"MealTicket"},{"floor":10,"key":"Prayer Wheel"},{"floor":13,"key":"Juzu Bracelet"},{"floor":23,"key":"Toy Ornithopter"},{"floor":25,"key":"InkBottle"},{"floor":26,"key":"Regal Pillow"},{"floor":31,"key":"MawBank"},{"floor":41,"key":"Paper Frog"},{"floor":43,"key":"Kunai"},{"floor":46,"key":"Bottled Lightning"}],"event_choices":[{"cards_removed":["Defend_R"],"damage_healed":0,"gold_gain":0,"player_choice":"Forget","damage_taken":0,"max_hp_gain":0,"max_hp_loss":0,"event_name":"Living Wall","floor":2,"gold_loss":0},{"cards_removed":["Strike_R"],"damage_healed":0,"gold_gain":0,"player_choice":"Card Removal","damage_taken":7,"max_hp_gain":0,"max_hp_loss":0,"event_name":"Golden Wing","floor":3,"gold_loss":0},{"damage_healed":0,"gold_gain":0,"player_choice":"Slimed","damage_taken":11,"max_hp_gain":0,"max_hp_loss":0,"event_name":"betterThird:BetterGoop","floor":4,"gold_loss":47},{"cards_removed":["Strike_R"],"damage_healed":0,"gold_gain":0,"player_choice":"Purged","damage_taken":0,"max_hp_gain":0,"max_hp_loss":0,"event_name":"Purifier","floor":14,"gold_loss":0},{"damage_healed":0,"gold_gain":0,"player_choice":"Got Potions","damage_taken":0,"max_hp_gain":0,"max_hp_loss":0,"event_name":"Lab","floor":19,"gold_loss":0},{"damage_healed":0,"gold_gain":0,"player_choice":"Dagger","damage_taken":6,"max_hp_gain":0,"max_hp_loss":0,"event_name":"betterThird:BetterNest","floor":20,"gold_loss":0,"cards_obtained":["RitualDagger"]},{"cards_removed":["Strike_R"],"damage_healed":0,"gold_gain":0,"player_choice":"Elegance","damage_taken":0,"max_hp_gain":0,"max_hp_loss":0,"event_name":"betterThird:BetterWriting","floor":21,"gold_loss":0},{"damage_healed":0,"gold_gain":0,"player_choice":"Shed Blood","damage_taken":26,"max_hp_gain":5,"max_hp_loss":0,"event_name":"Forgotten Altar","floor":22,"gold_loss":0},{"damage_healed":0,"gold_gain":0,"player_choice":"Cursed","damage_taken":0,"max_hp_gain":0,"max_hp_loss":0,"event_name":"Wheel of Change","floor":36,"gold_loss":0,"cards_obtained":["Decay"]},{"damage_healed":0,"gold_gain":0,"player_choice":"Max HP","damage_taken":0,"max_hp_gain":0,"max_hp_loss":4,"event_name":"Winding Halls","floor":38,"gold_loss":0},{"damage_healed":0,"gold_gain":0,"player_choice":"Ignored","damage_taken":0,"max_hp_gain":0,"max_hp_loss":0,"event_name":"Tomb of Lord Red Mask","floor":48,"gold_loss":0}],"is_beta":false,"boss_relics":[{"not_picked":["Busted Crown","Empty Cage"],"picked":"Snecko Eye"},{"not_picked":["Mark of Pain","Runic Cube"],"picked":"SlaversCollar"}],"items_purged_floors":[37],"is_endless":false,"potions_floor_spawned":[7,10,12,16,30,31],"killed_by":"Donu and Deca","ascension_level":20}}