{"host":"a9vnnms65xyhpnqu","time":1609836691,"event":{"mods":["Bard","BaseMod","Colored Map","Colored Powertips","DeckTracker","Highlight Path","Minty Spire (QoL Compilation)","StSLib","The Bladedancer","The Cursed","The Elementalist","The Forsaken","The Necromancer","The Runesmith","The Servant 0.9.4","TheArtist","slay the spire mod where everything is the same but ironclad has a cowboy hat"],"gold_per_floor":[211,286,286,306,306,306,369,389,468,486,17,17,29,44,44,149,149,169,169,35,35,54,54,82,181,263,263,263],"floor_reached":27,"playtime":777,"items_purged":[],"score":221,"play_id":"fa8c0238-9b6a-42ed-aedf-95c13e1b7bce","local_time":"20210105005131","is_ascension_mode":false,"campfire_choices":[{"data":"Negative_Energy_Arrows","floor":6,"key":"SMITH"},{"data":"Summon_Lich","floor":12,"key":"SMITH"},{"floor":15,"key":"REST"},{"floor":23,"key":"REST"}],"circlet_count":0,"master_deck":["Strike_W+1","Strike_W+1","Strike_W+1","Strike_W+1","Defend_W+1","Defend_W+1","Defend_W+1","Defend_W+1","Negative_Energy_Arrows+1","Bone_Wall","Negative_Energy_Javelin","Acid_Javelin","Blood_Curse","Summon_Lich+1","Summon_Lich","Bone_Armory","Finger_Of_Death+1","Bone_Bullets+1","Summon_Death_Knight","Blood_Curse+1","Summon_Undead_Army","Negative_Energy_Javelin+1","Shackles_Of_Pain+1","Bone_Armor+1"],"relics":["Vampire_Amulet","theForsaken:HumbleEgg","Toxic Egg 2","DollysMirror","Sozu","Pantograph","InkBottle"],"acts_visited":["Exordium","TheCity"],"potions_floor_usage":[27],"damage_taken":[{"damage":9,"enemies":"Cultist","floor":1,"turns":4},{"damage":0,"enemies":"Small Slimes","floor":4,"turns":3},{"damage":0,"enemies":"Jaw Worm","floor":8,"turns":4},{"damage":3,"enemies":"3 Louse","floor":10,"turns":3},{"damage":12,"enemies":"Large Slime","floor":13,"turns":5},{"damage":17,"enemies":"Looter","floor":14,"turns":3},{"damage":43,"enemies":"Slime Boss","floor":16,"turns":8},{"damage":25,"enemies":"Spheric Guardian","floor":18,"turns":4},{"damage":15,"enemies":"Chosen","floor":22,"turns":4},{"damage":25,"enemies":"Gremlin Leader","floor":24,"turns":5},{"damage":50,"enemies":"Slavers","floor":27,"turns":3}],"seed_played":"-524359792079103896","potions_obtained":[{"floor":4,"key":"Regen Potion"},{"floor":10,"key":"SneckoOil"}],"is_trial":false,"path_per_floor":["M","?","?","M","?","R","?","M","T","M","$","R","M","M","R","B",null,"M","?","$","?","M","R","E","?","T","E"],"character_chosen":"NECROMANCER","items_purchased":["Toxic Egg 2","DollysMirror","Bone_Armory","Summon_Undead_Army","Negative_Energy_Javelin+1"],"campfire_rested":2,"item_purchase_floors":[11,11,11,20,20],"current_hp_per_floor":[68,57,57,61,61,61,61,63,63,66,66,66,58,43,65,30,75,52,52,52,52,39,61,42,42,42,0,0],"gold":263,"neow_bonus":"HUNDRED_GOLD","is_daily":false,"chose_seed":false,"campfire_upgraded":2,"win_rate":0.0,"timestamp":1609836691,"path_taken":["M","?","?","?","?","R","?","M","T","M","$","R","M","M","R","BOSS","M","?","$","?","M","R","E","?","T","E"],"items_purchased_type":["Relic","Relic","Card","Card","Card"],"build_version":"2020-12-22","purchased_purges":0,"victory":false,"max_hp_per_floor":[75,75,75,75,75,75,75,75,75,75,75,75,75,75,75,75,75,75,75,75,75,75,75,75,75,75,75,75],"card_choices":[{"not_picked":["Scare","Consume_Illness"],"picked":"Negative_Energy_Javelin","floor":1},{"not_picked":["Death_March_Dance","Shade_Step"],"picked":"Acid_Javelin","floor":4},{"not_picked":["Shackles_Of_Pain","Epidemic"],"picked":"Blood_Curse","floor":8},{"not_picked":["Life_Drain","Shackles_Of_Pain+1"],"picked":"Summon_Lich","floor":10},{"not_picked":["Toxic_Smoke_Screen+1","Spectral_Armor+1"],"picked":"Finger_Of_Death+1","floor":13},{"not_picked":["Blood_Curse+1","Bone_Shift+1"],"picked":"Bone_Bullets+1","floor":14},{"not_picked":["Summon_Vampire_Lady","Grasp_Heart"],"picked":"Summon_Death_Knight","floor":16},{"not_picked":["Shade_Step+1","Blood_Whip+1"],"picked":"Blood_Curse+1","floor":18},{"not_picked":["Flesh_Made_Foul","Negative_Energy_Shield+1"],"picked":"Shackles_Of_Pain+1","floor":22},{"not_picked":["Vampiric_Strike+1","Blood_Whip+1"],"picked":"Bone_Armor+1","floor":24}],"player_experience":55387,"relics_obtained":[{"floor":9,"key":"theForsaken:HumbleEgg"},{"floor":24,"key":"Pantograph"},{"floor":26,"key":"InkBottle"}],"event_choices":[{"damage_healed":0,"gold_gain":75,"player_choice":"Gather Gold","damage_taken":11,"max_hp_gain":0,"max_hp_loss":0,"event_name":"World of Goop","floor":2,"gold_loss":0},{"damage_healed":0,"gold_gain":0,"player_choice":"Ignored","damage_taken":0,"max_hp_gain":0,"max_hp_loss":0,"event_name":"Purifier","floor":3,"gold_loss":0},{"damage_healed":0,"gold_gain":63,"player_choice":"Gained Gold","damage_taken":0,"max_hp_gain":0,"max_hp_loss":0,"event_name":"Golden Wing","floor":7,"gold_loss":0},{"damage_healed":0,"gold_gain":0,"player_choice":"Ignored","damage_taken":0,"max_hp_gain":0,"max_hp_loss":0,"event_name":"Beggar","floor":19,"gold_loss":0},{"damage_healed":0,"gold_gain":0,"player_choice":"Simplicity","damage_taken":0,"max_hp_gain":0,"max_hp_loss":0,"event_name":"Back to Basics","floor":21,"gold_loss":0,"cards_upgraded":["Strike_W","Strike_W","Strike_W","Strike_W","Defend_W","Defend_W","Defend_W","Defend_W"]},{"damage_healed":0,"gold_gain":99,"player_choice":"Stole From Cult","damage_taken":0,"max_hp_gain":0,"max_hp_loss":0,"event_name":"Nest","floor":25,"gold_loss":0}],"is_beta":false,"boss_relics":[{"not_picked":["Empty Cage","SlaversCollar"],"picked":"Sozu"}],"items_purged_floors":[],"is_endless":false,"potions_floor_spawned":[4,10,18,22],"killed_by":"Slavers","ascension_level":0}}