{"host":"toh0bbw446wnuexf","time":1609830876,"event":{"mods":["BaseMod","Downfall","Hermit","Minty Spire (QoL Compilation)","Random Character Button","StSLib"],"gold_per_floor":[99,113,123,31,51,51,77,77,94,94,110,124,124,142,159,257,257,257,276,276,276],"floor_reached":20,"playtime":907,"items_purged":[],"score":176,"play_id":"e1175169-6171-40ee-9a8a-d5e7e474e14b","local_time":"20210105201436","is_ascension_mode":true,"campfire_choices":[{"data":"sneckomod:SnekBite","floor":1,"key":"SMITH"},{"data":"sneckomod:DiceBoulder","floor":6,"key":"SMITH"},{"floor":10,"key":"REST"},{"data":"sneckomod:DiceBoulder+1","floor":13,"key":"SMITH"},{"data":"sneckomod:MorePower","floor":18,"key":"SMITH"}],"circlet_count":0,"master_deck":["sneckomod:Strike","sneckomod:Strike","sneckomod:Strike","sneckomod:Defend","sneckomod:Defend","sneckomod:Defend","sneckomod:TailWhip","sneckomod:SnekBite+1","sneckomod:IronFang","sneckomod:UnknownClassRED","sneckomod:DiceBoulder+2","sneckomod:MorePower+1","sneckomod:UnknownClassRED"],"relics":["sneckomod:SneckoSoul","Lantern","Black Star"],"acts_visited":["Exordium","TheCity"],"potions_floor_usage":[],"damage_taken":[{"damage":4,"enemies":"2 Louse","floor":2,"turns":3},{"damage":2,"enemies":"Small Slimes","floor":3,"turns":2},{"damage":0,"enemies":"downfall:FleeingMerchant","floor":4,"turns":4},{"damage":8,"enemies":"Jaw Worm","floor":5,"turns":2},{"damage":12,"enemies":"Large Slime","floor":9,"turns":3},{"damage":4,"enemies":"2 Fungi Beasts","floor":11,"turns":3},{"damage":6,"enemies":"3 Louse","floor":12,"turns":3},{"damage":0,"enemies":"Blue Slaver","floor":14,"turns":1},{"damage":8,"enemies":"Lots of Slimes","floor":15,"turns":3},{"damage":35,"enemies":"downfall:Defect","floor":16,"turns":5},{"damage":32,"enemies":"3 Byrds","floor":19,"turns":7},{"damage":0,"enemies":"Shelled Parasite and Fungi","floor":20,"turns":1}],"seed_played":"2883167582678833180","potions_obtained":[{"floor":3,"key":"Explosive Potion"},{"floor":5,"key":"Ancient Potion"},{"floor":11,"key":"SmokeBomb"}],"is_trial":false,"path_per_floor":["R","M","M","$","M","R","T","?","M","R","M","M","R","M","M","B",null,"R","M","M"],"character_chosen":"THE_SNECKO","items_purchased":["sneckomod:DiceBoulder"],"campfire_rested":1,"item_purchase_floors":[4],"current_hp_per_floor":[81,77,75,76,68,68,68,68,56,80,76,70,70,70,62,27,82,82,51,51,51],"gold":276,"neow_bonus":"REMOVE_TWO","is_daily":false,"chose_seed":false,"campfire_upgraded":4,"win_rate":0.0,"timestamp":1609830876,"path_taken":["R","M","M","$","M","R","T","?","M","R","M","M","R","M","M","BOSS","R","M","M"],"items_purchased_type":["Card"],"build_version":"2020-12-22","purchased_purges":0,"victory":false,"max_hp_per_floor":[81,81,81,82,82,82,82,82,82,82,82,82,82,82,82,82,82,82,83,83,83],"card_choices":[{"not_picked":["sneckomod:RainOfDice","sneckomod:WideSting","sneckomod:MixItUp"],"picked":"SKIP","floor":2},{"not_picked":["sneckomod:WideSting","sneckomod:QuickBite"],"picked":"sneckomod:IronFang","floor":3},{"not_picked":["sneckomod:SoulRoll","sneckomod:QuickMove"],"picked":"sneckomod:UnknownClassRED","floor":4},{"not_picked":["sneckomod:UnknownX","sneckomod:WideSting","sneckomod:UnknownExhaust"],"picked":"SKIP","floor":5},{"not_picked":["sneckomod:WideSting","sneckomod:DiceCrush","sneckomod:UnknownCommonSkill"],"picked":"SKIP","floor":9},{"not_picked":["sneckomod:IronFang","sneckomod:UnknownVulnerable","sneckomod:UnknownStrike"],"picked":"SKIP","floor":11},{"not_picked":["sneckomod:SoulDraw","sneckomod:UnknownWeak","sneckomod:UnknownClassSLIMEBOUND"],"picked":"SKIP","floor":12},{"not_picked":["sneckomod:QuickBite","sneckomod:QuickMove","sneckomod:UnknownClassGUARDIAN"],"picked":"SKIP","floor":14},{"not_picked":["sneckomod:UnknownWeak","sneckomod:CheapStock","sneckomod:UnknownStrike"],"picked":"SKIP","floor":15},{"not_picked":["sneckomod:SoulExchange","sneckomod:Restock"],"picked":"sneckomod:MorePower","floor":16},{"not_picked":["sneckomod:UnknownVulnerable","sneckomod:DiceCrush"],"picked":"sneckomod:UnknownClassRED","floor":19},{"not_picked":["sneckomod:UnknownBlock+1","sneckomod:UnknownWeak+1","sneckomod:Unknown2Cost+1"],"picked":"SKIP","floor":19}],"player_experience":607044,"relics_obtained":[{"floor":7,"key":"Lantern"}],"event_choices":[],"is_beta":false,"boss_relics":[{"not_picked":["Calling Bell","Philosopher\u0027s Stone"],"picked":"Black Star"}],"items_purged_floors":[],"is_endless":false,"potions_floor_spawned":[3,5,11,14,15],"killed_by":"Shelled Parasite and Fungi","ascension_level":1}}