{"host":"6jrnojxwearbrjzo","time":1609884226,"event":{"mods":["BaseMod","Minty Spire (QoL Compilation)","Shop Mod","Spicy Shops","StSLib","The Cursed","The Servant 0.9.4","[功能]功能增强和修复MOD","vexMod"],"gold_per_floor":[117,97,4,79,95,122,145,172,172,187,2,2,28,44,44,145,145,155,5,5,0,0,25,15,50,50,50,50,50,77,90,90,90,90,101,101,113,113,1,1,27,27,27,27,53,1,1,1,1,1],"floor_reached":51,"playtime":2136,"items_purged":["Pride","Strike_S","Defend_S","Strike_S","Strike_S","Defend_S","Defend_S","Shame","Defend_S","Strike_S","TimeWarp","Revamp","ShatteredReality+1","Moonlight+1","Alleviate"],"score":1271,"play_id":"197c1fa2-dd6f-4c35-98a1-46ddb8b521bb","local_time":"20210106060346","is_ascension_mode":true,"campfire_choices":[{"data":"ShatteredReality","floor":15,"key":"SMITH"},{"data":"Potential","floor":29,"key":"SMITH"},{"data":"Enlightenment","floor":32,"key":"SMITH"},{"data":"KillingDoll","floor":40,"key":"SMITH"},{"data":"TimeWarp","floor":42,"key":"SMITH"},{"data":"Advance","floor":44,"key":"SMITH"},{"data":"SurpressingFire","floor":49,"key":"SMITH"}],"circlet_count":0,"master_deck":["TimeWarp+1","Potential+1","KillingDoll+1","Advance+1","GearUp","Rearm","Enlightenment+1","SurpressingFire+1"],"relics":["Uniform","Oddly Smooth Stone","Bag of Preparation","Nunchaku","HandDrill","Mercury Hourglass","Boot","HornCleat","Question Card","Anchor","Orichalcum","vexMod:InvisibilityCloak","Ice Cream","Blood Vial","Coffee Dripper","Centennial Puzzle","Strange Spoon","ClockworkSouvenir","vexMod:MemoryStick","InkBottle","Enchiridion","Potion Belt","Ginger","Letter Opener","vexMod:FocusSash","vexMod:CursedCompass","Mummified Hand","Shuriken","Ancient Tea Set","Torii","Bag of Marbles","PreservedInsect","Bottled Tornado"],"acts_visited":["Exordium","TheCity","TheBeyond"],"potions_floor_usage":[6,6,13,13,16,16,23,25,25,33,45,45,45,50,50,50],"damage_taken":[{"damage":0,"enemies":"Small Slimes","floor":1,"turns":4},{"damage":0,"enemies":"Cultist","floor":5,"turns":3},{"damage":4,"enemies":"Gremlin Nob","floor":6,"turns":3},{"damage":4,"enemies":"Lagavulin","floor":8,"turns":6},{"damage":0,"enemies":"Jaw Worm","floor":10,"turns":4},{"damage":0,"enemies":"Gremlin Nob","floor":13,"turns":1},{"damage":0,"enemies":"Exordium Thugs","floor":14,"turns":1},{"damage":0,"enemies":"Slime Boss","floor":16,"turns":6},{"damage":0,"enemies":"Spheric Guardian","floor":18,"turns":3},{"damage":0,"enemies":"Slavers","floor":23,"turns":2},{"damage":0,"enemies":"Book of Stabbing","floor":25,"turns":2},{"damage":0,"enemies":"Gremlin Leader","floor":30,"turns":1},{"damage":0,"enemies":"Shell Parasite","floor":31,"turns":1},{"damage":0,"enemies":"Collector","floor":33,"turns":3},{"damage":0,"enemies":"Orb Walker","floor":35,"turns":1},{"damage":0,"enemies":"3 Darklings","floor":37,"turns":2},{"damage":0,"enemies":"Reptomancer","floor":41,"turns":2},{"damage":0,"enemies":"Giant Head","floor":45,"turns":1},{"damage":8,"enemies":"Donu and Deca","floor":50,"turns":6}],"seed_played":"8495317179040538186","potions_obtained":[{"floor":1,"key":"DistilledChaos"},{"floor":2,"key":"Weak Potion"},{"floor":5,"key":"AttackPotion"},{"floor":8,"key":"Explosive Potion"},{"floor":10,"key":"LiquidMemories"},{"floor":10,"key":"SteroidPotion"},{"floor":13,"key":"Explosive Potion"},{"floor":16,"key":"EntropicBrew"},{"floor":18,"key":"LiquidMemories"},{"floor":25,"key":"LiquidMemories"},{"floor":25,"key":"BlessingOfTheForge"},{"floor":35,"key":"Strength Potion"},{"floor":45,"key":"Block Potion"}],"is_trial":false,"path_per_floor":["M","?","$","?","M","E","T","E","T","M","$","$","E","M","R","B",null,"M","$","?","$","?","E","$","E","T","?","?","R","E","M","R","B",null,"M","?","M","?","$","R","E","R","T","R","E","$","?","T","R","B",null],"character_chosen":"THE_SERVANT","items_purchased":["Bag of Preparation","Nunchaku","HandDrill","ShatteredReality","TimeWarp","Anchor","Orichalcum","vexMod:InvisibilityCloak","Potential","KillingDoll","Ice Cream","Centennial Puzzle","Strange Spoon","Enlightenment","ClockworkSouvenir","vexMod:MemoryStick","Mummified Hand","Shuriken","PreservedInsect","SurpressingFire"],"campfire_rested":0,"item_purchase_floors":[3,3,3,3,3,11,11,11,11,11,11,19,19,19,19,19,39,39,46,46],"current_hp_per_floor":[65,65,65,54,54,50,50,46,46,46,46,46,46,48,48,50,65,65,65,65,65,49,51,51,53,53,53,53,53,55,57,57,59,65,65,65,65,65,65,65,65,65,65,65,65,65,65,65,65,57],"gold":1,"neow_bonus":"RANDOM_COMMON_RELIC","is_daily":false,"chose_seed":false,"campfire_upgraded":7,"win_rate":0.0,"timestamp":1609884226,"path_taken":["M","?","$","?","?","E","?","E","T","?","?","$","E","?","R","BOSS","M","$","?","$","?","E","?","E","T","?","?","R","E","?","R","BOSS","M","?","?","?","$","R","E","R","T","R","E","?","?","?","R","BOSS"],"items_purchased_type":["Relic","Relic","Relic","Card","Card","Relic","Relic","Relic","Card","Card","Relic","Relic","Relic","Card","Relic","Relic","Relic","Relic","Relic","Card"],"build_version":"2020-12-22","purchased_purges":15,"victory":true,"max_hp_per_floor":[65,65,65,65,65,65,65,65,65,65,65,65,65,65,65,65,65,65,65,65,65,65,65,65,65,65,65,65,65,65,65,65,65,65,65,65,65,65,65,65,65,65,65,65,65,65,65,65,65,65],"card_choices":[{"not_picked":["BottledTime","ReturningBlade"],"picked":"Alleviate","floor":1},{"not_picked":["Defy","Unruled"],"picked":"FastForward","floor":5},{"not_picked":["Initiator","TimeWarp","Alleviate"],"picked":"SKIP","floor":6},{"not_picked":["ShatteredReality","TimeWarp","Read"],"picked":"SKIP","floor":8},{"not_picked":["Alleviate","TimeWarp","Defy","Unruled"],"picked":"SKIP","floor":10},{"not_picked":["Alleviate","DoubleEdge","FastForward"],"picked":"Advance","floor":13},{"not_picked":["Potential","FastForward","Luminosity"],"picked":"GearUp","floor":14},{"not_picked":["RealityMarble","WasteNot","Potential"],"picked":"Rearm","floor":18},{"not_picked":["Alleviate","Starlight+1","DualDimension","BestPractice"],"picked":"SKIP","floor":23},{"not_picked":["Ricochet","ShatteredReality","BottledTime"],"picked":"InstantArmor","floor":25},{"not_picked":["Initiator","StarChef+1","Collapse"],"picked":"Revamp","floor":30},{"not_picked":["WasteNot+1","DoubleEdge","Unruled+1"],"picked":"Moonlight+1","floor":31},{"not_picked":["SpecialFormula","Starlight","DoubleEdge+1","FastForward+1"],"picked":"SKIP","floor":35},{"not_picked":["Moonlight","Rewind+1","Sabotage","Defy+1"],"picked":"SKIP","floor":37},{"not_picked":["Ricochet","Potential","FlawlessForm","MoonPhase"],"picked":"SKIP","floor":41},{"not_picked":["BottledTime+1","FastForward","Potential+1","DualDimension"],"picked":"SKIP","floor":45}],"player_experience":20462,"relics_obtained":[{"floor":6,"key":"Mercury Hourglass"},{"floor":7,"key":"Boot"},{"floor":8,"key":"HornCleat"},{"floor":9,"key":"Question Card"},{"floor":13,"key":"Blood Vial"},{"floor":22,"key":"Enchiridion"},{"floor":23,"key":"Potion Belt"},{"floor":25,"key":"Ginger"},{"floor":26,"key":"Letter Opener"},{"floor":30,"key":"vexMod:FocusSash"},{"floor":41,"key":"Ancient Tea Set"},{"floor":43,"key":"Torii"},{"floor":45,"key":"Bag of Marbles"},{"floor":48,"key":"Bottled Tornado"}],"event_choices":[{"damage_healed":0,"gold_gain":0,"player_choice":"Bought 1 Potion","damage_taken":0,"max_hp_gain":0,"max_hp_loss":0,"event_name":"The Woman in Blue","floor":2,"gold_loss":0},{"damage_healed":0,"gold_gain":75,"player_choice":"Gather Gold","damage_taken":11,"max_hp_gain":0,"max_hp_loss":0,"event_name":"World of Goop","floor":4,"gold_loss":0},{"damage_healed":0,"gold_gain":0,"player_choice":"Stole Relic","damage_taken":0,"relics_obtained":["InkBottle"],"max_hp_gain":0,"max_hp_loss":0,"event_name":"Addict","floor":20,"gold_loss":0,"cards_obtained":["Shame"]},{"damage_healed":0,"gold_gain":0,"player_choice":"Obtained Book","damage_taken":16,"max_hp_gain":0,"max_hp_loss":0,"event_name":"Cursed Tome","floor":22,"gold_loss":0},{"cards_removed":["FastForward"],"damage_healed":0,"gold_gain":0,"player_choice":"Elegance","damage_taken":0,"max_hp_gain":0,"max_hp_loss":0,"event_name":"Back to Basics","floor":27,"gold_loss":0},{"cards_removed":["KidneyShot"],"damage_healed":0,"gold_gain":0,"player_choice":"Offered Basic","damage_taken":0,"max_hp_gain":0,"max_hp_loss":0,"event_name":"Bonfire Elementals","floor":28,"gold_loss":0},{"damage_healed":0,"gold_gain":0,"player_choice":"Full Heal","damage_taken":0,"max_hp_gain":0,"max_hp_loss":0,"event_name":"Wheel of Change","floor":36,"gold_loss":0},{"damage_healed":0,"gold_gain":0,"cards_transformed":["InstantArmor"],"player_choice":"Transformed","damage_taken":0,"max_hp_gain":0,"max_hp_loss":0,"event_name":"Transmorgrifier","floor":38,"gold_loss":0,"cards_obtained":["TimeWarp"]},{"cards_removed":["Exchange"],"damage_healed":0,"gold_gain":0,"player_choice":"Removed Skill","damage_taken":0,"max_hp_gain":0,"max_hp_loss":0,"event_name":"Falling","floor":47,"gold_loss":0}],"is_beta":false,"boss_relics":[{"not_picked":["vexMod:MysteryBossChallenge","EctoplasmExtend"],"picked":"Coffee Dripper"},{"not_picked":["Snecko Eye","Runic Dome"],"picked":"vexMod:CursedCompass"}],"items_purged_floors":[11,19,19,19,19,19,19,21,24,24,39,39,46,46,46],"is_endless":false,"potions_floor_spawned":[1,5,8,10,10,13,14,16,16,18,23,25,25,30,31,33,35,37,41,41,45],"ascension_level":1}}