{"host":"dk10vuzdqf3wivcv","time":1609866307,"event":{"mods":["Aspiration","Astrologer","BaseMod","Colored Map","Conspire","Friendly Minions","Hubris","Minty Spire (QoL Compilation)","Replay The Spire","StSLib","SuperFastMode","Td1madao Mod","The Animator","The Cursed","The Gatherer","The Hierophant","The Jungle","The Marked","The Servant 0.9.4"],"gold_per_floor":[125,125,147,147,68,114,131,143,143,176,198,229,242,269,269,378,378,418,418,270,282,332,332,332,332],"floor_reached":24,"playtime":1907,"items_purged":[],"score":229,"play_id":"8db64494-0065-4d27-8a44-a3575b6a49c9","local_time":"20210105180507","is_ascension_mode":true,"campfire_choices":[{"floor":15,"key":"RECALL"},{"data":"animator:KrulTepes","floor":23,"key":"SMITH"}],"circlet_count":0,"master_deck":["animator:Strike_OwariNoSeraph","animator:Defend_OwariNoSeraph","animator:Strike","animator:Strike","animator:Strike","animator:Defend+1","animator:Defend","animator:Defend+1","animator:Shinoa","animator:Mikaela","animator:Mitsuba","Injury","animator:Lancer","animator:KrulTepes+1","animator:HiiragiShinya+1","animator:Illya+1","animator:RoyMustang","animator:Caster+1","animator:Yoichi+1","animator:Mikaela","animator:Archer","animator:Envy","animator:ShinjiMatou+1","animator:Berserker"],"relics":["animator:LivingPicture","animator:TheMissingPiece","animator:PurgingStone","Toxic Egg 2","hubris:Icosahedron","Blood Vial","Boot","Philosopher\u0027s Stone","aspiration:HummingbirdHeart","ReplayTheSpireMod:Lightbulb","Black Star","MutagenicStrength","War Paint","aspiration:Lifesprig"],"acts_visited":["Exordium","TheCity"],"potions_floor_usage":[10,16,16],"damage_taken":[{"damage":0,"enemies":"conspire:RoseBush","floor":1,"turns":3},{"damage":0,"enemies":"Small Slimes","floor":3,"turns":4},{"damage":10,"enemies":"Replay:BlueRogue","floor":6,"turns":9},{"damage":6,"enemies":"Jaw Worm","floor":7,"turns":4},{"damage":0,"enemies":"conspire:2 RoseBushes","floor":8,"turns":4},{"damage":1,"enemies":"Gremlin Nob","floor":10,"turns":3},{"damage":1,"enemies":"Exordium Thugs","floor":11,"turns":4},{"damage":0,"enemies":"Exordium Wildlife","floor":12,"turns":3},{"damage":0,"enemies":"conspire:2 RoseBushes","floor":13,"turns":4},{"damage":11,"enemies":"Replay:BlueRogue","floor":14,"turns":6},{"damage":29,"enemies":"Slime Boss","floor":16,"turns":8},{"damage":2,"enemies":"Shell Parasite","floor":18,"turns":5},{"damage":0,"enemies":"Chosen","floor":21,"turns":3},{"damage":51,"enemies":"Replay:Snechameleon","floor":24,"turns":6}],"seed_played":"-6875778081460041368","potions_obtained":[{"floor":3,"key":"LiquidBronze"},{"floor":6,"key":"Strength Potion"},{"floor":7,"key":"Dexterity Potion"},{"floor":12,"key":"Elixir"},{"floor":13,"key":"PowerPotion"},{"floor":21,"key":"Elixir"}],"is_trial":false,"path_per_floor":["M","?","M","?","$","E","M","M","T","E","M","M","M","E","R","B",null,"M","?","$","M","T","R","E"],"character_chosen":"THE_ANIMATOR","items_purchased":["animator:KrulTepes","War Paint"],"campfire_rested":0,"item_purchase_floors":[5,20],"current_hp_per_floor":[72,72,72,72,72,62,36,39,39,41,42,44,44,34,34,7,45,43,43,43,47,47,47,0,0],"gold":332,"neow_bonus":"TEN_PERCENT_HP_BONUS","is_daily":false,"chose_seed":false,"campfire_upgraded":1,"win_rate":0.0,"timestamp":1609866307,"path_taken":["M","?","M","?","?","E","M","M","T","E","M","?","M","E","R","BOSS","M","?","$","M","?","R","E"],"items_purchased_type":["Card","Relic"],"build_version":"2020-12-22","purchased_purges":0,"victory":false,"max_hp_per_floor":[72,72,72,72,72,72,42,43,43,44,44,44,44,45,45,45,45,45,45,45,47,47,47,47,47],"card_choices":[{"not_picked":["animator:MamiTomoe","animator:DwarfShaman"],"picked":"animator:Mitsuba","floor":1},{"not_picked":["animator:Shinoa+1","animator:GazelDwargon"],"picked":"animator:Lancer","floor":3},{"not_picked":["animator:NarberalGamma+1","animator:Illya+1"],"picked":"animator:Father+1","floor":6},{"not_picked":["animator:Shigure","animator:Mitsuba"],"picked":"animator:HiiragiShinya+1","floor":7},{"not_picked":["animator:MamiTomoe","animator:Souei+1"],"picked":"animator:Illya+1","floor":8},{"not_picked":["animator:Shinoa+1","animator:Rider+1"],"picked":"animator:RoyMustang","floor":10},{"not_picked":["animator:Rider+1","animator:HiiragiShinya+1"],"picked":"animator:Caster+1","floor":11},{"not_picked":["animator:HiiragiShinya+1","animator:Mitsuba"],"picked":"animator:Yoichi+1","floor":12},{"not_picked":["animator:Scar","animator:Ainz"],"picked":"animator:Mikaela","floor":13},{"not_picked":["animator:SuzuneAmano","animator:Emonzaemon"],"picked":"animator:Archer","floor":14},{"not_picked":["animator:Shizu","animator:SwordMaiden+1"],"picked":"animator:Envy","floor":16},{"not_picked":["animator:KrulTepes","animator:Mitsuba"],"picked":"animator:ShinjiMatou+1","floor":18},{"not_picked":["animator:ShinjiMatou+1","animator:Rider+1"],"picked":"animator:Berserker","floor":21}],"player_experience":130334,"relics_obtained":[{"floor":6,"key":"Blood Vial"},{"floor":6,"key":"Boot"},{"floor":10,"key":"aspiration:HummingbirdHeart"},{"floor":14,"key":"ReplayTheSpireMod:Lightbulb"},{"floor":22,"key":"aspiration:Lifesprig"}],"event_choices":[{"damage_healed":0,"gold_gain":0,"player_choice":"Inject Mutagens","damage_taken":0,"relics_obtained":["MutagenicStrength"],"max_hp_gain":0,"max_hp_loss":0,"event_name":"Drug Dealer","floor":19,"gold_loss":0}],"is_beta":false,"boss_relics":[{"not_picked":["Replay:Grab Bag","aspiration:RitualDagger"],"picked":"Black Star"}],"items_purged_floors":[],"is_endless":false,"potions_floor_spawned":[3,6,7,12,13,14,21],"killed_by":"Replay:Snechameleon","ascension_level":1}}