{"host":"53w25izqmiakdcya","time":1609887830,"event":{"mods":["BaseMod","Colored Powertips","Downfall","Minty Spire (QoL Compilation)","Quick Restart","Rare Cards Sparkle","StSLib"],"gold_per_floor":[99,99,99,274,274,274,274,290,140,154,154,154,171,189,199,303,303,303,315,12,26,37,37,105,121,121,137,168,180,280,280,298,399,399,399,419,430,37,37,37,37,37,49,2,17,17,42,42,57,57],"floor_reached":51,"playtime":5022,"items_purged":["Doubt"],"score":691,"play_id":"579960a7-3149-43b4-ab9c-f959ea2bd623","local_time":"20210105170350","is_ascension_mode":false,"campfire_choices":[{"data":"Guardian:TwinSlam","floor":1.0,"key":"SMITH"},{"floor":6.0,"key":"RECALL"},{"data":"Guardian:SentryBeam","floor":9.0,"key":"SMITH"},{"data":"Guardian:BaubleBeam","floor":18.0,"key":"SMITH"},{"data":"Guardian:FloatingOrbs","floor":23.0,"key":"SMITH"},{"data":"Guardian:BaubleBeam","floor":35,"key":"SMITH"},{"floor":40,"key":"REST"},{"floor":42,"key":"DIG"},{"floor":48,"key":"REST"}],"circlet_count":0,"master_deck":["Guardian:CurlUp","Guardian:TwinSlam+1","Guardian:SentryBeam+1","Guardian:WalkerClaw","Guardian:CrystalBeam","Guardian:BaubleBeam+1","Guardian:ChargeCore","Guardian:ExploitGems","Guardian:SpikerProtocol","Guardian:BaubleBeam+1","Guardian:PolyBeam","Guardian:BronzeArmor","Guardian:DonusPower","Guardian:Planning","Guardian:TemporalStrike","Guardian:FloatingOrbs+1","Guardian:Suspension+1","Guardian:ChargeUp","Guardian:ShieldCharger","Guardian:Recover+1","Guardian:PolyBeam","Guardian:EvasiveProtocol","Guardian:TimeBomb","Guardian:Clone","CurseOfTheBell","Guardian:Incinerate","Guardian:Harden+1","Guardian:Planning+1","Guardian:PrismaticBeam+1","Guardian:VentSteam+1","Guardian:Incinerate+1","Guardian:PrimingBeam+1"],"relics":["Guardian:ModeShifter","downfall:HeartsMalice","downfall:HeartBlessingRed","downfall:HeartBlessingBlue","The Courier","Pandora\u0027s Box","ClockworkSouvenir","InkBottle","CaptainsWheel","Potion Belt","Calling Bell","War Paint","Toxic Egg 2","Shovel","Guardian:StasisUpgradeRelic","Bag of Marbles","Molten Egg 2","Peace Pipe","Membership Card","Guardian:DefensiveModeMoreBlock","Akabeko","Regal Pillow","Happy Flower"],"acts_visited":["Exordium","TheCity","TheBeyond"],"potions_floor_usage":[33,33,38,47,47,47,50],"damage_taken":[{"damage":0.0,"enemies":"2 Louse","floor":2.0,"turns":1.0},{"damage":0.0,"enemies":"Small Slimes","floor":3.0,"turns":1.0},{"damage":0.0,"enemies":"Cultist","floor":5.0,"turns":1.0},{"damage":0.0,"enemies":"Blue Slaver","floor":8.0,"turns":4.0},{"damage":0.0,"enemies":"Exordium Wildlife","floor":10.0,"turns":3.0},{"damage":0.0,"enemies":"Large Slime","floor":13.0,"turns":4.0},{"damage":12.0,"enemies":"Exordium Thugs","floor":14.0,"turns":6.0},{"damage":8.0,"enemies":"Blue Slaver","floor":15.0,"turns":3.0},{"damage":60.0,"enemies":"downfall:Ironclad","floor":16.0,"turns":12.0},{"damage":2.0,"enemies":"3 Byrds","floor":19.0,"turns":3.0},{"damage":2.0,"enemies":"downfall:FleeingMerchant","floor":20.0,"turns":4.0},{"damage":13.0,"enemies":"Shell Parasite","floor":21.0,"turns":3.0},{"damage":0.0,"enemies":"Snecko","floor":22.0,"turns":2.0},{"damage":13.0,"enemies":"Sentry and Sphere","floor":25.0,"turns":3.0},{"damage":0.0,"enemies":"Shelled Parasite and Fungi","floor":27.0,"turns":3.0},{"damage":12.0,"enemies":"Book of Stabbing","floor":28.0,"turns":3.0},{"damage":4.0,"enemies":"Centurion and Healer","floor":29.0,"turns":4.0},{"damage":6.0,"enemies":"downfall:LadyInBlue","floor":30.0,"turns":7.0},{"damage":0.0,"enemies":"Sentry and Sphere","floor":31.0,"turns":1.0},{"damage":4.0,"enemies":"Snake Plant","floor":32.0,"turns":2.0},{"damage":14,"enemies":"downfall:Silent","floor":33,"turns":5},{"damage":18,"enemies":"3 Darklings","floor":36,"turns":7},{"damage":9,"enemies":"Orb Walker","floor":37,"turns":3},{"damage":5,"enemies":"downfall:FleeingMerchant","floor":38,"turns":4},{"damage":20,"enemies":"3 Darklings","floor":43,"turns":5},{"damage":12,"enemies":"downfall:FleeingMerchant","floor":44,"turns":3},{"damage":17,"enemies":"Maw","floor":45,"turns":5},{"damage":20,"enemies":"Reptomancer","floor":47,"turns":5},{"damage":10,"enemies":"Sphere and 2 Shapes","floor":49,"turns":4},{"damage":32,"enemies":"downfall:Defect","floor":50,"turns":6}],"seed_played":"-5138392154636507927","potions_obtained":[{"floor":13.0,"key":"Guardian:StasisDiscoveryPotion"},{"floor":14.0,"key":"Guardian:BlockOnCardUsePotion"},{"floor":15.0,"key":"SteroidPotion"},{"floor":16.0,"key":"champ:CounterPotion"},{"floor":22.0,"key":"ColorlessPotion"},{"floor":28.0,"key":"Weak Potion"},{"floor":30.0,"key":"SmokeBomb"},{"floor":30.0,"key":"Regen Potion"},{"floor":30.0,"key":"Weak Potion"},{"floor":32.0,"key":"Explosive Potion"},{"floor":33,"key":"sneckomod:MuddlingPotion"},{"floor":37,"key":"Swift Potion"},{"floor":47,"key":"champ:CounterPotion"}],"is_trial":false,"path_per_floor":["R","M","M","?","M","R","T","M","R","M","?","?","M","M","M","B",null,"R","M","$","M","M","R","T","M","?","M","E","M","?","M","M","B",null,"R","M","M","$","?","R","T","R","M","$","M","?","E","R","M","B",null],"character_chosen":"GUARDIAN","items_purchased":["Guardian:FloatingOrbs","Guardian:Gem_Lightblue","ClockworkSouvenir","Guardian:Suspension","Guardian:StasisUpgradeRelic","Fruit Juice","Bag of Marbles","Guardian:Gem_Red","Guardian:Planning+1","Membership Card","Guardian:DefensiveModeMoreBlock","Akabeko","Regal Pillow","hexamod:EctoCoolerPotion","hexamod:EctoCoolerPotion","Guardian:VentSteam+1"],"campfire_rested":2,"item_purchase_floors":[20,20,20,20,38,38,38,38,38,44,44,44,44,44,44,44],"current_hp_per_floor":[80,80,80,80,80,80,80,80,90,90,90,87,87,75,67,7,90,90,88,86,73,73,73,73,60,60,60,48,44,38,38,43,29,90,90,72,63,63,63,91,91,91,71,59,42,42,22,65,55,23],"gold":57,"neow_bonus":"THREE_ENEMY_KILL","is_daily":false,"chose_seed":false,"campfire_upgraded":5,"win_rate":0.0,"timestamp":1609887830,"path_taken":["R","M","M","?","M","R","T","M","R","M","?","?","M","M","M","BOSS","R","M","$","M","M","R","T","M","?","M","E","M","?","?","M","BOSS","R","M","M","$","?","R","T","R","M","$","M","?","E","R","M","BOSS"],"items_purchased_type":["Card","Card","Relic","Card","Relic","Potion","Relic","Card","Card","Relic","Relic","Relic","Relic","Potion","Potion","Card"],"build_version":"2020-12-22","purchased_purges":1,"victory":true,"max_hp_per_floor":[80,80,80,80,80,80,80,80,90,90,90,90,90,90,90,90,90,90,90,90,90,90,90,90,90,90,90,90,90,90,90,90,90,90,90,90,90,95,95,95,95,95,95,95,95,95,95,95,95,95],"card_choices":[{"not_picked":["Guardian:Gem_Green","Guardian:ChargeCore"],"picked":"Guardian:Gem_Cyan","floor":2.0},{"not_picked":["Guardian:Planning","Guardian:Suspension"],"picked":"Guardian:SentryBeam","floor":3.0},{"not_picked":["Guardian:ArmoredProtocol","Guardian:ShieldCharger"],"picked":"Guardian:WalkerClaw","floor":5.0},{"not_picked":["Guardian:BronzeOrb","Guardian:TemporalStrike"],"picked":"Guardian:Gem_Crimson","floor":8.0},{"not_picked":["Guardian:Reroute","Guardian:GuardianWhirl"],"picked":"Guardian:CrystalBeam","floor":10.0},{"not_picked":["Guardian:DonusPower","Guardian:Gem_Yellow"],"picked":"Guardian:BaubleBeam","floor":13.0},{"not_picked":["Guardian:Gem_Lightblue","Guardian:Planning"],"picked":"Guardian:Gem_Red","floor":14.0},{"not_picked":["Guardian:PrimingBeam","Guardian:Gem_White"],"picked":"Guardian:ChargeCore","floor":15.0},{"not_picked":["Guardian:TimeSifter","Guardian:BaubleBeam"],"picked":"Guardian:ExploitGems","floor":16.0},{"not_picked":["Guardian:Gem_Red","Guardian:TemporalShield"],"picked":"Guardian:Planning","floor":19.0},{"not_picked":["Guardian:Emergency","Guardian:ArmoredProtocol"],"picked":"Guardian:TemporalStrike","floor":20.0},{"not_picked":["Guardian:TimeCapacitor","Guardian:PrismaticBarrier"],"picked":"Guardian:ChargeUp","floor":21.0},{"not_picked":["Guardian:EvasiveProtocol","Guardian:StasisStrike"],"picked":"Guardian:ShieldCharger","floor":22.0},{"not_picked":["Guardian:ChargeCore","Guardian:CrystalBeam"],"picked":"Guardian:Recover","floor":25.0},{"not_picked":["Guardian:WalkerClaw","Guardian:DecasProtection"],"picked":"Guardian:PolyBeam","floor":27.0},{"not_picked":["Guardian:ShieldSpikes+1","Guardian:TemporalShield+1"],"picked":"Guardian:EvasiveProtocol","floor":28.0},{"not_picked":["Guardian:SpikerProtocol","Guardian:WalkerClaw"],"picked":"Guardian:Gem_Lightblue","floor":29.0},{"not_picked":["Guardian:PrimingBeam","Guardian:FierceBash"],"picked":"Guardian:TimeBomb","floor":30.0},{"not_picked":["Guardian:Recover","Guardian:PrimingBeam"],"picked":"Guardian:Clone","floor":32.0},{"not_picked":["Guardian:CompilePackage","Guardian:StasisStrike"],"picked":"Guardian:Gem_Synthetic","floor":33},{"not_picked":["Guardian:Gem_Green","Guardian:ChargeCore+1"],"picked":"Guardian:Incinerate","floor":36},{"not_picked":["Guardian:PiercingHide+1","Guardian:PrimingBeam+1"],"picked":"Guardian:Gem_Purple","floor":37},{"not_picked":["Guardian:BronzeOrb","Guardian:ChargeCore"],"picked":"Guardian:Harden+1","floor":38},{"not_picked":["Guardian:DecasProtection+1","Guardian:Clone+1"],"picked":"Guardian:PrismaticBeam+1","floor":43},{"not_picked":["Guardian:Suspension+1","Guardian:ChargeUp+1"],"picked":"Guardian:Gem_Cyan","floor":44},{"not_picked":["Guardian:Planning+1","Guardian:ShieldCharger+1"],"picked":"Guardian:Incinerate+1","floor":45},{"not_picked":["Guardian:Reroute+1","Guardian:ConstructionForm"],"picked":"Guardian:Gem_Cyan","floor":47},{"not_picked":["Guardian:PrismaticBeam+1","Guardian:WalkerClaw+1"],"picked":"Guardian:PrimingBeam+1","floor":49}],"player_experience":532528,"relics_obtained":[{"floor":24.0,"key":"InkBottle"},{"floor":28.0,"key":"CaptainsWheel"},{"floor":30.0,"key":"Potion Belt"},{"floor":34,"key":"War Paint"},{"floor":34,"key":"Toxic Egg 2"},{"floor":34,"key":"Shovel"},{"floor":41,"key":"Molten Egg 2"},{"floor":42,"key":"Peace Pipe"},{"floor":47,"key":"Happy Flower"}],"event_choices":[{"damage_healed":0.0,"max_hp_gain":0.0,"max_hp_loss":0.0,"gold_gain":0.0,"event_name":"Scrap Ooze","player_choice":"Success","floor":12.0,"gold_loss":0.0,"damage_taken":3.0,"relics_obtained":["The Courier"]},{"damage_healed":0.0,"max_hp_gain":0.0,"max_hp_loss":0.0,"gold_gain":0.0,"event_name":"Vampires","player_choice":"Ignored","floor":26.0,"gold_loss":0.0,"damage_taken":0.0}],"is_beta":false,"boss_relics":[{"not_picked":["Philosopher\u0027s Stone","Velvet Choker"],"picked":"Pandora\u0027s Box"},{"not_picked":["Coffee Dripper","Sozu"],"picked":"Calling Bell"}],"items_purged_floors":[20],"is_endless":false,"potions_floor_spawned":[13,14,15,16,21,22,28,32,33,37,47],"ascension_level":0}}