{"host":"kmq7aw60w430zvtx","time":1609856892,"event":{"mods":["BaseMod","Downfall","GifTheSpireLib","Hermit","Hubris","Minty Spire (QoL Compilation)","Replay The Spire","StSLib","The Construct","The Cursed","The Hierophant","The Jungle","The Necromancer","The Runesmith"],"gold_per_floor":[109,128,228,78,91,124,124,124,147,178,178,193,193,193,193,288,288,304,353,52,52,152,152,163,175,255,255,255],"floor_reached":27,"playtime":943,"items_purged":["Strike_B"],"score":241,"play_id":"43851d68-6624-4d5f-9580-635ab456dfe2","local_time":"20210105152812","is_ascension_mode":true,"campfire_choices":[{"floor":11,"key":"REST"},{"floor":13,"key":"REST"},{"floor":15,"key":"REST"},{"floor":23,"key":"RECALL"}],"circlet_count":0,"master_deck":["Strike_B","Strike_B","Strike_B","Defend_B","Defend_B","Defend_B","Defend_B","Zap","Dualcast","expansioncontent:YouAreMine","ReplayGash","Beam Cell","Defragment+1","Electrodynamics","FIFO Queue","Recycle","Multi-Cast","Go for the Eyes","Static Discharge","Loop+1","Consume+1"],"relics":["Cracked Core","hubris:BallOfYels","Tiny Chest","hubris:CrystalStatue","Replay:Baseball","Oddly Smooth Stone","SlaversCollar","ReplayTheSpireMod:TigerMarble","Runic Capacitor"],"acts_visited":["Exordium","theJungle:Jungle"],"potions_floor_usage":[27,27],"damage_taken":[{"damage":8,"enemies":"Small Slimes","floor":1,"turns":4},{"damage":8,"enemies":"Cultist","floor":2,"turns":4},{"damage":0,"enemies":"2 Louse","floor":5,"turns":2},{"damage":23,"enemies":"3 Sentries","floor":6,"turns":6},{"damage":21,"enemies":"Lagavulin","floor":10,"turns":4},{"damage":14,"enemies":"Exordium Thugs","floor":12,"turns":3},{"damage":40,"enemies":"Hexaghost","floor":16,"turns":9},{"damage":14,"enemies":"theJungle:MUSHROOMGANG","floor":18,"turns":2},{"damage":23,"enemies":"Shell Parasite","floor":24,"turns":3},{"damage":21,"enemies":"theJungle:2_Flameangoes","floor":25,"turns":4},{"damage":24,"enemies":"theJungle:2_Snecko_Cultists","floor":27,"turns":2}],"seed_played":"-5518158384003994052","potions_obtained":[{"floor":6,"key":"Strength Potion"},{"floor":16,"key":"SpeedPotion"},{"floor":25,"key":"Energy Potion"}],"is_trial":false,"path_per_floor":["M","M","?","$","M","E","?","$","T","E","R","M","R","?","R","B",null,"M","T","$","?","?","R","M","M","T","M"],"character_chosen":"DEFECT","items_purchased":["hubris:BallOfYels","Static Discharge","Runic Capacitor"],"campfire_rested":3,"item_purchase_floors":[4,20,20],"current_hp_per_floor":[67,59,59,59,59,36,36,36,36,15,37,23,45,45,67,27,75,61,61,61,61,61,61,38,17,17,0,0],"gold":255,"neow_bonus":"RANDOM_COLORLESS","is_daily":false,"chose_seed":false,"campfire_upgraded":0,"win_rate":0.0,"timestamp":1609856892,"path_taken":["M","M","?","$","?","E","?","?","T","E","R","M","R","?","R","BOSS","M","?","$","?","?","R","M","M","T","M"],"items_purchased_type":["Relic","Card","Relic"],"build_version":"2020-12-22","purchased_purges":1,"victory":false,"max_hp_per_floor":[75,75,75,75,75,75,75,75,75,75,75,75,75,75,75,75,75,75,75,75,75,75,75,75,75,75,75,75],"card_choices":[{"not_picked":["Replay:SS_hec_1","ReplayTheSpireMod:Trickstab"],"picked":"expansioncontent:YouAreMine","floor":0},{"not_picked":["Auto Shields","Compile Driver"],"picked":"ReplayGash","floor":1},{"not_picked":["Turbo","Static Discharge"],"picked":"Beam Cell","floor":2},{"not_picked":["Aggregate","Stack"],"picked":"Defragment","floor":5},{"not_picked":["Cold Snap","Genetic Algorithm"],"picked":"Electrodynamics","floor":6},{"not_picked":["Beam Cell","BasicCrystalCard"],"picked":"FIFO Queue","floor":10},{"not_picked":["ReplaySort","BasicCrystalCard"],"picked":"Recycle","floor":12},{"not_picked":["Seek","Buffer"],"picked":"Multi-Cast","floor":16},{"not_picked":["hubris:PowerSurge","Rebound"],"picked":"Go for the Eyes","floor":18},{"not_picked":["Gash","Steam"],"picked":"Loop+1","floor":24},{"not_picked":["Amplify","Glacier+1"],"picked":"Consume+1","floor":25}],"player_experience":277882,"relics_obtained":[{"floor":6,"key":"Tiny Chest"},{"floor":9,"key":"Replay:Baseball"},{"floor":10,"key":"Oddly Smooth Stone"},{"floor":19,"key":"ReplayTheSpireMod:TigerMarble"}],"event_choices":[{"damage_healed":0,"gold_gain":100,"player_choice":"Gold","damage_taken":0,"max_hp_gain":0,"max_hp_loss":0,"event_name":"Wheel of Change","floor":3,"gold_loss":0},{"damage_healed":0,"gold_gain":0,"player_choice":"Gave Potion","damage_taken":0,"relics_obtained":["hubris:CrystalStatue"],"max_hp_gain":0,"max_hp_loss":0,"event_name":"WeMeetAgain","floor":7,"gold_loss":0},{"damage_healed":0,"gold_gain":0,"player_choice":"Upgraded","damage_taken":0,"max_hp_gain":0,"max_hp_loss":0,"event_name":"Upgrade Shrine","floor":14,"gold_loss":0,"cards_upgraded":["Defragment"]},{"damage_healed":0,"gold_gain":100,"player_choice":"Pray","damage_taken":0,"max_hp_gain":0,"max_hp_loss":0,"event_name":"Golden Shrine","floor":22,"gold_loss":0}],"is_beta":false,"boss_relics":[{"not_picked":["Snecko Eye","Astrolabe"],"picked":"SlaversCollar"}],"items_purged_floors":[20],"is_endless":false,"potions_floor_spawned":[6,16,25],"killed_by":"theJungle:2_Snecko_Cultists","ascension_level":2}}