{"host":"okln270zkafj6dck","time":1609880652,"event":{"mods":["BaseMod","Minty Spire (QoL Compilation)","Permanent Neow","Quick Restart","Relic Stats","StSLib","SuperFastMode"],"gold_per_floor":[116,132,146,164,239,239,68,68,68,100,100,110,135,148,148,224,224,237,250,43,43,0,35,8,8,8,24,24,52,68,94,94,171,171,190,57,57,71,89,89,114,129,129,160,160,171,202,227,227,227,227],"floor_reached":52,"playtime":2087,"items_purged":["Strike_G","Strike_G"],"score":2050,"play_id":"90c4d866-7a06-4512-9759-588f6e34827f","local_time":"20210105130412","is_ascension_mode":true,"campfire_choices":[{"floor":6.0,"key":"REST"},{"data":"Apotheosis","floor":8.0,"key":"SMITH"},{"data":"Noxious Fumes","floor":11.0,"key":"SMITH"},{"floor":15.0,"key":"REST"},{"floor":25.0,"key":"REST"},{"data":"Wraith Form v2","floor":28.0,"key":"SMITH"},{"data":"A Thousand Cuts","floor":32.0,"key":"SMITH"},{"floor":40.0,"key":"REST"},{"floor":45,"key":"REST"},{"data":"Neutralize","floor":49,"key":"SMITH"}],"circlet_count":0,"master_deck":["AscendersBane","Strike_G","Strike_G","Strike_G","Defend_G","Defend_G","Defend_G","Defend_G","Defend_G","Survivor","Neutralize+1","Apotheosis+1","Blade Dance","Poisoned Stab","Predator","Noxious Fumes+1","Prepared+1","Dash","Dodge and Roll+1","Wraith Form v2+1","Flechettes+1","Deflect+1","Venomology+1","PiercingWail+1","A Thousand Cuts+1","Malaise+1","Backflip+1","Wraith Form v2+1","Deadly Poison+1","Escape Plan+1","Bouncing Flask+1","Adrenaline+1"],"relics":["Ring of the Snake","Lantern","Ninja Scroll","Toxic Egg 2","Bag of Preparation","Runic Pyramid","Membership Card","Nunchaku","Blood Vial","Meat on the Bone","Orichalcum","Cursed Key","DollysMirror","PreservedInsect","Molten Egg 2","Thread and Needle","Turnip"],"acts_visited":["Exordium","TheCity","TheBeyond"],"potions_floor_usage":[51,51,51],"damage_taken":[{"damage":1.0,"enemies":"2 Louse","floor":1.0,"turns":5.0},{"damage":4.0,"enemies":"Jaw Worm","floor":2.0,"turns":4.0},{"damage":2.0,"enemies":"Small Slimes","floor":3.0,"turns":4.0},{"damage":17.0,"enemies":"3 Louse","floor":4.0,"turns":4.0},{"damage":10.0,"enemies":"3 Sentries","floor":10.0,"turns":7.0},{"damage":1.0,"enemies":"2 Fungi Beasts","floor":12.0,"turns":2.0},{"damage":0.0,"enemies":"Red Slaver","floor":14.0,"turns":4.0},{"damage":12.0,"enemies":"The Guardian","floor":16.0,"turns":9.0},{"damage":0.0,"enemies":"Chosen","floor":18.0,"turns":5.0},{"damage":18.0,"enemies":"Shell Parasite","floor":19.0,"turns":5.0},{"damage":0.0,"enemies":"Gremlin Leader","floor":23.0,"turns":6.0},{"damage":0.0,"enemies":"Chosen and Byrds","floor":27.0,"turns":5.0},{"damage":21.0,"enemies":"Slavers","floor":29.0,"turns":7.0},{"damage":0.0,"enemies":"Cultist and Chosen","floor":30.0,"turns":7.0},{"damage":9.0,"enemies":"Gremlin Leader","floor":31.0,"turns":6.0},{"damage":37.0,"enemies":"Automaton","floor":33.0,"turns":11.0},{"damage":4.0,"enemies":"3 Darklings","floor":35.0,"turns":3.0},{"damage":0.0,"enemies":"Orb Walker","floor":38.0,"turns":5.0},{"damage":6.0,"enemies":"Maw","floor":39.0,"turns":8.0},{"damage":19.0,"enemies":"Reptomancer","floor":41.0,"turns":8.0},{"damage":0.0,"enemies":"Transient","floor":42.0,"turns":6.0},{"damage":0,"enemies":"Nemesis","floor":44,"turns":5},{"damage":0,"enemies":"Sphere and 2 Shapes","floor":46,"turns":7},{"damage":2,"enemies":"Giant Head","floor":47,"turns":9},{"damage":0,"enemies":"Mind Bloom Boss Battle","floor":48,"turns":7},{"damage":30,"enemies":"Donu and Deca","floor":50,"turns":12},{"damage":33,"enemies":"Awakened One","floor":51,"turns":18}],"seed_played":"7297114650654007869","potions_obtained":[{"floor":1.0,"key":"Dexterity Potion"},{"floor":3.0,"key":"GamblersBrew"},{"floor":12.0,"key":"EntropicBrew"},{"floor":31.0,"key":"Fruit Juice"},{"floor":35.0,"key":"Weak Potion"}],"is_trial":false,"path_per_floor":["M","M","M","M","?","R","$","R","T","E","R","M","T","M","R","B",null,"M","M","$","?","?","E","$","R","T","M","R","E","M","E","R","B",null,"M","$","?","M","M","R","E","M","T","E","R","M","E","?","R","B","B",null],"character_chosen":"THE_SILENT","items_purchased":["Lantern","Membership Card","PiercingWail+1","DollysMirror"],"campfire_rested":5,"item_purchase_floors":[7,20,24,36],"current_hp_per_floor":[58,54,52,35,24,42,42,42,42,32,32,31,31,31,49,37,54,54,36,36,36,36,36,36,54,54,56,56,37,39,32,32,14,52,50,50,50,52,48,65,46,48,48,50,65,65,63,65,65,35,16],"gold":227,"neow_bonus":"RANDOM_COLORLESS_2","is_daily":false,"chose_seed":false,"campfire_upgraded":5,"win_rate":0.0,"timestamp":1609880652,"path_taken":["M","M","M","M","?","R","$","R","T","E","R","M","?","M","R","BOSS","M","M","$","?","?","E","$","R","T","M","R","E","M","E","R","BOSS","M","$","?","?","M","R","E","M","T","E","R","M","E","?","R","BOSS","BOSS"],"items_purchased_type":["Relic","Relic","Card","Relic"],"build_version":"2020-12-22","purchased_purges":2,"victory":true,"max_hp_per_floor":[60,60,60,60,60,60,60,60,60,60,60,60,60,60,60,60,60,60,60,60,60,60,60,60,60,60,60,60,60,60,60,60,65,65,65,65,65,65,65,65,65,65,65,65,65,65,65,65,65,65,65],"relic_stats":{"Blood Vial":24,"Nunchaku":[28],"counters":[27,179],"PreservedInsect":180,"Turnip":[0],"Bag of Preparation":[0],"Orichalcum":[84],"Cursed Key":0,"obtain_stats":[{"Lantern":7,"Thread and Needle":47,"PreservedInsect":41,"Bag of Preparation":13,"Orichalcum":31,"Cursed Key":34,"Blood Vial":26,"Nunchaku":23,"Ninja Scroll":9,"DollysMirror":36,"Molten Egg 2":44,"Turnip":48,"Membership Card":20,"Toxic Egg 2":10,"Ring of the Snake":0,"Runic Pyramid":17,"Meat on the Bone":29},{"Lantern":4,"Thread and Needle":24,"PreservedInsect":20,"Bag of Preparation":6,"Orichalcum":15,"Cursed Key":16,"Blood Vial":11,"Nunchaku":11,"Ninja Scroll":4,"DollysMirror":17,"Molten Egg 2":22,"Turnip":25,"Membership Card":10,"Toxic Egg 2":5,"Ring of the Snake":0,"Runic Pyramid":8,"Meat on the Bone":13},{"Lantern":17,"Thread and Needle":142,"PreservedInsect":115,"Bag of Preparation":26,"Orichalcum":80,"Cursed Key":91,"Blood Vial":55,"Nunchaku":55,"Ninja Scroll":17,"DollysMirror":94,"Molten Egg 2":126,"Turnip":149,"Membership Card":49,"Toxic Egg 2":24,"Ring of the Snake":0,"Runic Pyramid":39,"Meat on the Bone":67}],"Ring of the Snake":[54],"Meat on the Bone":24},"card_choices":[{"not_picked":["Panache","HandOfGreed"],"picked":"Apotheosis","floor":0.0},{"not_picked":["Accuracy","Flying Knee"],"picked":"Blade Dance","floor":1.0},{"not_picked":["Bane","Slice"],"picked":"Poisoned Stab","floor":2.0},{"not_picked":["Underhanded Strike","Caltrops"],"picked":"Predator","floor":3.0},{"not_picked":["Quick Slash","Caltrops"],"picked":"Noxious Fumes","floor":4.0},{"not_picked":["Terror+1","Setup+1"],"picked":"Prepared+1","floor":10.0},{"not_picked":["Infinite Blades","Prepared+1"],"picked":"Dash","floor":12.0},{"not_picked":["Bane","Cloak And Dagger+1"],"picked":"Dodge and Roll+1","floor":14.0},{"not_picked":["Phantasmal Killer+1","Storm of Steel+1"],"picked":"Wraith Form v2","floor":16.0},{"not_picked":["Bane","Flying Knee"],"picked":"Flechettes","floor":18.0},{"not_picked":["Footwork","Riddle With Holes"],"picked":"Deflect+1","floor":19.0},{"not_picked":["Accuracy","All Out Attack"],"picked":"Venomology+1","floor":23.0},{"not_picked":["Underhanded Strike","Slice+1","Sucker Punch"],"picked":"SKIP","floor":27.0},{"not_picked":["Backflip+1","Poisoned Stab","Heel Hook"],"picked":"SKIP","floor":29.0},{"not_picked":["Slice","Dodge and Roll+1","Dagger Spray"],"picked":"SKIP","floor":30.0},{"not_picked":["Infinite Blades","Cloak And Dagger+1"],"picked":"A Thousand Cuts","floor":31.0},{"not_picked":["Bullet Time+1","Venomology+1"],"picked":"Malaise+1","floor":33.0},{"not_picked":["Reflex+1","Noxious Fumes"],"picked":"Backflip+1","floor":35.0},{"not_picked":["Dagger Throw","Dodge and Roll+1"],"picked":"Deadly Poison+1","floor":38.0},{"not_picked":["Endless Agony","Quick Slash","Outmaneuver+1"],"picked":"SKIP","floor":39.0},{"not_picked":["Bane+1","Reflex+1","Escape Plan+1"],"picked":"SKIP","floor":41.0},{"not_picked":["Bane+1","Reflex+1"],"picked":"Escape Plan+1","floor":41.0},{"not_picked":["Choke","Poisoned Stab"],"picked":"Bouncing Flask+1","floor":42.0},{"not_picked":["Cloak And Dagger+1","Storm of Steel+1"],"picked":"Adrenaline+1","floor":44},{"not_picked":["Poisoned Stab+1","Sucker Punch+1","Predator+1"],"picked":"SKIP","floor":46},{"not_picked":["Flechettes+1","Quick Slash+1","Poisoned Stab+1"],"picked":"SKIP","floor":47}],"player_experience":81997,"relics_obtained":[{"floor":9.0,"key":"Ninja Scroll"},{"floor":10.0,"key":"Toxic Egg 2"},{"floor":13.0,"key":"Bag of Preparation"},{"floor":23.0,"key":"Nunchaku"},{"floor":26.0,"key":"Blood Vial"},{"floor":29.0,"key":"Meat on the Bone"},{"floor":31.0,"key":"Orichalcum"},{"floor":41.0,"key":"PreservedInsect"},{"floor":44,"key":"Molten Egg 2"},{"floor":47,"key":"Thread and Needle"},{"floor":48,"key":"Turnip"}],"event_choices":[{"damage_healed":0.0,"max_hp_gain":0.0,"max_hp_loss":0.0,"gold_gain":75.0,"event_name":"World of Goop","player_choice":"Gather Gold","floor":5.0,"gold_loss":0.0,"damage_taken":11.0},{"damage_healed":0.0,"max_hp_gain":0.0,"max_hp_loss":0.0,"gold_gain":0.0,"event_name":"The Mausoleum","player_choice":"Ignored","floor":21.0,"gold_loss":0.0,"damage_taken":0.0},{"damage_healed":0.0,"max_hp_gain":0.0,"max_hp_loss":0.0,"gold_gain":0.0,"event_name":"Masked Bandits","player_choice":"Paid Fearfully","floor":22.0,"gold_loss":43.0,"damage_taken":0.0},{"damage_healed":0.0,"max_hp_gain":0.0,"max_hp_loss":0.0,"gold_gain":0.0,"event_name":"Accursed Blacksmith","player_choice":"Forge","floor":37.0,"gold_loss":0.0,"damage_taken":0.0,"cards_upgraded":["Flechettes"]},{"damage_healed":0,"gold_gain":0,"player_choice":"Fight","damage_taken":0,"max_hp_gain":0,"max_hp_loss":0,"event_name":"MindBloom","floor":48,"gold_loss":0}],"is_beta":false,"boss_relics":[{"not_picked":["Snecko Eye","Sozu"],"picked":"Runic Pyramid"},{"not_picked":["WristBlade","Empty Cage"],"picked":"Cursed Key"}],"items_purged_floors":[20,36],"is_endless":false,"potions_floor_spawned":[1,3,4,12,16,19,23,29,31,35,41,46,47,48],"ascension_level":20}}