{"host":"uclt3t1usqzz4m5p","time":1609821889,"event":{"mods":["100% Spire Juice","AchievementEnabler","BaseMod","Better Altar","Better Match","Better Sensory Stone","Better Skull","Better Third Choice","Booster Modes","CCEM","Card Forge","Colored Powertips","Displayed Cursed Tome","Evolution","GifTheSpireLib","Gremlin Skip","Minty Spire (QoL Compilation)","Permanent Neow","Quick Restart","StSLib","SuperFastMode","The Caster"],"gold_per_floor":[109,124,299,318,318,362,380,380,380,380,59,59,59,0,0,130,130,151,166,182,206,135,135,135,174,222,222,238,238,253,273,273,404,404,429,429,445,231,255,289,289,289,289,289,289,289,289],"floor_reached":46,"playtime":11084,"items_purged":["Doubt"],"score":621,"play_id":"33f84c55-9571-43b1-a197-5d9492c29826","local_time":"20210104204449","is_ascension_mode":true,"campfire_choices":[{"data":"theextravagant:RisingPhoenix","floor":8.0,"key":"SMITH"},{"data":"theextravagant:GustOfWind","floor":10.0,"key":"SMITH"},{"data":"theextravagant:Triumph","floor":12.0,"key":"SMITH"},{"data":"theextravagant:GlyphOfTime","floor":15.0,"key":"SMITH"},{"data":"theextravagant:Erase","floor":23,"key":"SMITH"},{"data":"theextravagant:Clairvoyance","floor":27,"key":"SMITH"},{"data":"theextravagant:Radiance","floor":29,"key":"SMITH"},{"data":"theextravagant:Impulse","floor":32,"key":"SMITH"},{"floor":41,"key":"REST"},{"data":"Metamorphosis","floor":44,"key":"SMITH"}],"circlet_count":0,"master_deck":["theextravagant:SlyStrike","theextravagant:SlyStrike","theextravagant:SlyStrike","theextravagant:SlyStrike","theextravagant:Fence","theextravagant:Fence","theextravagant:Fence","theextravagant:QuickAttack","theextravagant:Triumph+1","theextravagant:Aggression+1","theextravagant:Repell","theextravagant:GarbageCannon","theextravagant:GustOfWind+1","theextravagant:RisingPhoenix+1","theextravagant:GlyphOfTime+1","theextravagant:Erase+1","theextravagant:FocusStab+1","theextravagant:Radiance+1","theextravagant:Shove+1","theextravagant:Clairvoyance+1","theextravagant:GlyphOfSight","theextravagant:ZeroHero","Secret Technique+1","theextravagant:Swirl","Panacea+1","theextravagant:Impulse+1","Dark Shackles+1","theextravagant:Stella","theextravagant:PuffUp+1","theextravagant:Tension","theextravagant:RisingPhoenix+1","theextravagant:Radiance","theextravagant:Ravage+1","theextravagant:Tension+1","Metamorphosis+1","Dark Shackles"],"relics":["theextravagant:TranslucentFeather","Hammer of Thor","Seething Fire","Anvil of the Gods","EVO:Axolotl","Golden Idol","Oddly Smooth Stone","CCEMRelics:CocoNut","Mummified Hand","Snecko Eye","Incense Burner","CCEMRelics:FestiveHat","SlaversCollar","DollysMirror","Bag of Preparation","CCEMRelics:PorcelainBowl"],"acts_visited":["Exordium","TheCity","TheBeyond"],"potions_floor_usage":[18,30,33,33,33,40],"damage_taken":[{"damage":0.0,"enemies":"Small Slimes","floor":1.0,"turns":4.0},{"damage":0.0,"enemies":"Cultist","floor":2.0,"turns":4.0},{"damage":0.0,"enemies":"2 Louse","floor":4.0,"turns":2.0},{"damage":14.0,"enemies":"Gremlin Nob","floor":6.0,"turns":4.0},{"damage":10.0,"enemies":"Looter","floor":7.0,"turns":3.0},{"damage":0.0,"enemies":"Slime Boss","floor":16.0,"turns":6.0},{"damage":8,"enemies":"2 Thieves","floor":18,"turns":2},{"damage":0,"enemies":"Chosen","floor":19,"turns":2},{"damage":0,"enemies":"Sentry and Sphere","floor":20,"turns":3},{"damage":8,"enemies":"Snake Plant","floor":21,"turns":3},{"damage":8,"enemies":"Slavers","floor":25,"turns":3},{"damage":18,"enemies":"3 Cultists","floor":28,"turns":4},{"damage":10,"enemies":"Chosen and Byrds","floor":30,"turns":4},{"damage":9,"enemies":"Snake Plant","floor":31,"turns":2},{"damage":0,"enemies":"Collector","floor":33,"turns":5},{"damage":7,"enemies":"Orb Walker","floor":35,"turns":4},{"damage":42,"enemies":"3 Darklings","floor":37,"turns":4},{"damage":0,"enemies":"Transient","floor":39,"turns":5},{"damage":14,"enemies":"Reptomancer","floor":40,"turns":5},{"damage":40,"enemies":"Sphere and 2 Shapes","floor":46,"turns":5}],"seed_played":"1898610059485666408","potions_obtained":[{"floor":0.0,"key":"Explosive Potion"},{"floor":0.0,"key":"Energy Potion"},{"floor":0.0,"key":"CultistPotion"},{"floor":7.0,"key":"PowerPotion"},{"floor":16.0,"key":"Fire Potion"},{"floor":18,"key":"LiquidMemories"},{"floor":19,"key":"PowerPotion"},{"floor":21,"key":"LiquidMemories"},{"floor":30,"key":"Strength Potion"},{"floor":35,"key":"Weak Potion"},{"floor":40,"key":"Energy Potion"}],"is_trial":false,"path_per_floor":["M","M","?","M","?","E","M","R","T","R","$","R","?","$","R","B",null,"M","M","M","M","$","R","?","E","T","R","M","R","M","M","R","B",null,"M","?","M","$","M","E","R","?","T","R","?","M"],"character_chosen":"THE_EXTRAVAGANT","items_purchased":["Mummified Hand","theextravagant:GlyphOfTime","theextravagant:GlyphOfSight","DollysMirror","theextravagant:Radiance"],"campfire_rested":1,"item_purchase_floors":[11,14,22,38,38],"current_hp_per_floor":[75,75,75,75,69,55,45,45,50,50,50,50,50,50,50,50,74,66,66,66,58,58,58,58,50,50,50,32,32,22,13,13,13,74,67,67,25,25,25,11,33,33,33,33,33,0,0],"gold":289,"neow_bonus":"THREE_SMALL_POTIONS","is_daily":false,"chose_seed":false,"campfire_upgraded":9,"win_rate":0.0,"timestamp":1609821889,"path_taken":["M","M","?","M","?","E","M","R","T","R","$","R","?","$","R","BOSS","M","M","M","?","$","R","?","E","T","R","M","R","M","M","R","BOSS","M","?","M","$","M","E","R","?","T","R","?","M"],"items_purchased_type":["Relic","Card","Card","Relic","Card"],"build_version":"2020-12-22","purchased_purges":1,"victory":false,"max_hp_per_floor":[75,75,75,75,69,69,69,69,74,74,74,74,74,74,74,74,74,74,74,74,74,74,74,74,74,74,74,74,74,74,74,74,74,74,74,74,74,74,74,74,74,74,74,74,70,70,70],"card_choices":[{"not_picked":["theextravagant:SharpTalons","theextravagant:Swirl"],"picked":"theextravagant:Aggression","floor":1.0},{"not_picked":["theextravagant:Shake","theextravagant:Thrill"],"picked":"theextravagant:Repell","floor":2.0},{"not_picked":["theextravagant:Tension","theextravagant:Defy"],"picked":"theextravagant:GarbageCannon","floor":4.0},{"not_picked":["theextravagant:Repell","theextravagant:HeavyBlows"],"picked":"theextravagant:GustOfWind","floor":6.0},{"not_picked":["theextravagant:Repell","theextravagant:SpontaneousStrike"],"picked":"theextravagant:RisingPhoenix","floor":7.0},{"not_picked":["theextravagant:Redemption","theextravagant:Nihil"],"picked":"theextravagant:Erase","floor":16.0},{"not_picked":["theextravagant:GarbageCannon+1","theextravagant:SpontaneousStrike"],"picked":"theextravagant:FocusStab+1","floor":18},{"not_picked":["theextravagant:Precaution","theextravagant:Clairvoyance"],"picked":"theextravagant:Radiance","floor":19},{"not_picked":["theextravagant:SpontaneousStrike","theextravagant:Drift"],"picked":"theextravagant:Shove+1","floor":20},{"not_picked":["theextravagant:Cutthroat+1","theextravagant:Pushthrough"],"picked":"theextravagant:Clairvoyance","floor":21},{"not_picked":["theextravagant:GustOfWind+1","theextravagant:GarbageCannon"],"picked":"theextravagant:ZeroHero","floor":25},{"not_picked":["Mayhem+1","Good Instincts+1"],"picked":"Secret Technique+1","floor":28},{"not_picked":["theextravagant:Comeback","theextravagant:Precaution"],"picked":"theextravagant:Swirl","floor":28},{"not_picked":["Bandage Up+1","Impatience+1"],"picked":"Panacea+1","floor":30},{"not_picked":["theextravagant:Drift","theextravagant:CuttingEdge"],"picked":"theextravagant:Impulse","floor":30},{"not_picked":["HandOfGreed+1","Finesse+1"],"picked":"Dark Shackles+1","floor":31},{"not_picked":["theextravagant:Drift","theextravagant:Foil+1","theextravagant:Dazzle+1"],"picked":"SKIP","floor":31},{"not_picked":["theextravagant:Redemption","theextravagant:SnakeEyes"],"picked":"theextravagant:Stella","floor":33},{"not_picked":["theextravagant:Castle+1","theextravagant:Firework+1"],"picked":"theextravagant:PuffUp+1","floor":35},{"not_picked":["theextravagant:Cutthroat","theextravagant:Shake"],"picked":"theextravagant:Tension","floor":37},{"not_picked":["theextravagant:Impulse+1","theextravagant:Riot"],"picked":"theextravagant:Ravage+1","floor":39},{"not_picked":["theextravagant:Swirl","theextravagant:Riot+1"],"picked":"theextravagant:Tension+1","floor":40},{"not_picked":["HandOfGreed","Forethought"],"picked":"Metamorphosis","floor":42},{"not_picked":["Finesse","Madness"],"picked":"Dark Shackles","floor":42}],"player_experience":570395,"relics_obtained":[{"floor":6.0,"key":"Oddly Smooth Stone"},{"floor":9.0,"key":"CCEMRelics:CocoNut"},{"floor":25,"key":"Incense Burner"},{"floor":26,"key":"CCEMRelics:FestiveHat"},{"floor":40,"key":"Bag of Preparation"},{"floor":43,"key":"CCEMRelics:PorcelainBowl"}],"event_choices":[{"damage_healed":0.0,"max_hp_gain":0.0,"max_hp_loss":0.0,"gold_gain":175.0,"event_name":"betterThird:BetterSerpent","player_choice":"AGREE","floor":3.0,"gold_loss":0.0,"damage_taken":124.0},{"damage_healed":0.0,"max_hp_gain":0.0,"max_hp_loss":6.0,"gold_gain":0.0,"event_name":"Golden Idol","player_choice":"Lose Max HP","floor":5.0,"gold_loss":0.0,"damage_taken":0.0,"relics_obtained":["Golden Idol"]},{"damage_healed":0.0,"max_hp_gain":0.0,"max_hp_loss":0.0,"gold_gain":0.0,"event_name":"Upgrade Shrine","player_choice":"Upgraded","floor":13.0,"gold_loss":0.0,"damage_taken":0.0,"cards_upgraded":["theextravagant:Aggression"]},{"damage_healed":0,"gold_gain":0,"player_choice":"Ignored","damage_taken":0,"max_hp_gain":0,"max_hp_loss":0,"event_name":"Vampires","floor":24,"gold_loss":0},{"cards_removed":["theextravagant:Fence"],"damage_healed":0,"gold_gain":0,"player_choice":"Removed Skill","damage_taken":0,"max_hp_gain":0,"max_hp_loss":0,"event_name":"Falling","floor":36,"gold_loss":0},{"damage_healed":0,"gold_gain":3,"player_choice":"1","damage_taken":0,"max_hp_gain":0,"max_hp_loss":0,"event_name":"betterStone:BetterStone","floor":42,"gold_loss":0},{"damage_healed":0,"gold_gain":0,"player_choice":"Max HP","damage_taken":0,"max_hp_gain":0,"max_hp_loss":4,"event_name":"Winding Halls","floor":45,"gold_loss":0}],"is_beta":false,"boss_relics":[{"not_picked":["theextravagant:TrustyOvercoat","theextravagant:TranscendedFeather"],"picked":"Snecko Eye"},{"not_picked":["Busted Crown","Calling Bell"],"picked":"SlaversCollar"}],"items_purged_floors":[11],"is_endless":false,"potions_floor_spawned":[1,7,16,18,19,21,30,31,35,40],"killed_by":"Sphere and 2 Shapes","ascension_level":1}}