{"host":"u7lm8z2rvb4dg2oo","time":1609886387,"event":{"mods":["AchievementEnabler","BaseMod","Colored Map","Colored Powertips","Curses Come First","Googly Eyes","Highlight Path","Minty Spire (QoL Compilation)","Quick Restart","StSLib"],"gold_per_floor":[119,137,137,153,172,207,207,221,248,275,289,323,323,342,342,438,438,449,539,11,27,27,27,27,27,50,50,50,76,93,105,105,203,203,219,269,318,318,341,359,359,387,436,455,455,475,549,568,568,568],"floor_reached":51,"playtime":3086,"items_purged":[],"score":1057,"play_id":"af252d65-f601-4e6f-8d63-73546258f612","local_time":"20210105173947","is_ascension_mode":true,"campfire_choices":[{"floor":7.0,"key":"REST"},{"floor":15.0,"key":"REST"},{"floor":23.0,"key":"REST"},{"data":"Blasphemy","floor":28.0,"key":"SMITH"},{"floor":32.0,"key":"REST"},{"floor":41.0,"key":"REST"},{"floor":45.0,"key":"REST"},{"floor":49.0,"key":"REST"}],"circlet_count":0,"master_deck":["Strike_P","Strike_P","Strike_P","Strike_P","Defend_P","Defend_P","Defend_P","Defend_P","Eruption","Vigilance","Wireheading","WaveOfTheHand","WindmillStrike","FearNoEvil","Tantrum","Vengeance","Wallop","WheelKick","Blasphemy+1","Consecrate+1","MentalFortress","Wireheading+1","Tantrum+1","FlyingSleeves","Scrawl","Prostrate+1","ForeignInfluence","CutThroughFate+1","Dramatic Entrance","DeusExMachina","ReachHeaven+1","WindmillStrike+1","LessonLearned"],"relics":["PureWater","CaptainsWheel","Smiling Mask","Damaru","Pen Nib","Strawberry","VioletLotus","Calipers","Bag of Marbles","Tiny Chest","CloakClasp","Runic Pyramid","Prayer Wheel","Unceasing Top","Orichalcum","HornCleat","Dream Catcher","StrikeDummy"],"acts_visited":["Exordium","TheCity","TheBeyond"],"potions_floor_usage":[50],"damage_taken":[{"damage":1.0,"enemies":"Small Slimes","floor":1.0,"turns":4.0},{"damage":0.0,"enemies":"2 Louse","floor":2.0,"turns":2.0},{"damage":2.0,"enemies":"Cultist","floor":4.0,"turns":4.0},{"damage":1.0,"enemies":"2 Fungi Beasts","floor":5.0,"turns":3.0},{"damage":66.0,"enemies":"Gremlin Nob","floor":6.0,"turns":7.0},{"damage":0.0,"enemies":"Exordium Thugs","floor":8.0,"turns":4.0},{"damage":8.0,"enemies":"3 Sentries","floor":10.0,"turns":6.0},{"damage":0.0,"enemies":"Large Slime","floor":11.0,"turns":3.0},{"damage":0.0,"enemies":"Lagavulin","floor":12.0,"turns":3.0},{"damage":11.0,"enemies":"Looter","floor":14.0,"turns":2.0},{"damage":22.0,"enemies":"Hexaghost","floor":16.0,"turns":9.0},{"damage":22.0,"enemies":"Shell Parasite","floor":18.0,"turns":4.0},{"damage":6.0,"enemies":"Spheric Guardian","floor":21.0,"turns":3.0},{"damage":0.0,"enemies":"Centurion and Healer","floor":27.0,"turns":2.0},{"damage":31.0,"enemies":"Slavers","floor":29.0,"turns":4.0},{"damage":0.0,"enemies":"3 Cultists","floor":30.0,"turns":3.0},{"damage":0.0,"enemies":"Snecko","floor":31.0,"turns":3.0},{"damage":16.0,"enemies":"Champ","floor":33.0,"turns":10.0},{"damage":0.0,"enemies":"3 Shapes","floor":35.0,"turns":3.0},{"damage":0.0,"enemies":"Mind Bloom Boss Battle","floor":36.0,"turns":3.0},{"damage":18.0,"enemies":"2 Orb Walkers","floor":37.0,"turns":2.0},{"damage":28.0,"enemies":"3 Darklings","floor":40.0,"turns":3.0},{"damage":33.0,"enemies":"Reptomancer","floor":42.0,"turns":5.0},{"damage":4.0,"enemies":"Spire Growth","floor":44.0,"turns":4.0},{"damage":0.0,"enemies":"Sphere and 2 Shapes","floor":46.0,"turns":1.0},{"damage":0.0,"enemies":"Transient","floor":48.0,"turns":5.0},{"damage":24,"enemies":"Time Eater","floor":50,"turns":7}],"seed_played":"-1891523580887879350","potions_obtained":[{"floor":1.0,"key":"Explosive Potion"},{"floor":4.0,"key":"Dexterity Potion"},{"floor":8.0,"key":"AttackPotion"},{"floor":10.0,"key":"DistilledChaos"},{"floor":16.0,"key":"Dexterity Potion"},{"floor":21.0,"key":"Energy Potion"},{"floor":24.0,"key":"SmokeBomb"},{"floor":36.0,"key":"SteroidPotion"},{"floor":40.0,"key":"LiquidBronze"},{"floor":44.0,"key":"Weak Potion"},{"floor":48.0,"key":"Weak Potion"}],"is_trial":false,"path_per_floor":["M","M","?","M","M","E","R","M","T","E","M","E","?","M","R","B",null,"M","?","$","M","$","R","?","$","T","M","R","E","M","M","R","B",null,"M","?","?","?","T","M","R","E","T","M","R","M","T","M","R","B",null],"character_chosen":"WATCHER","items_purchased":["Calipers","Bag of Marbles","MentalFortress"],"campfire_rested":7,"item_purchase_floors":[20,20,20],"current_hp_per_floor":[46,46,70,68,67,1,22,22,22,14,14,21,21,10,33,11,62,40,28,28,22,22,45,45,45,45,45,45,14,14,14,37,21,65,65,65,47,47,47,19,42,9,9,5,28,28,28,28,51,27],"gold":568,"neow_bonus":"ONE_RARE_RELIC","is_daily":false,"chose_seed":false,"campfire_upgraded":1,"win_rate":0.0,"timestamp":1609886387,"path_taken":["M","M","?","M","M","E","R","M","T","E","M","E","?","M","R","BOSS","M","?","$","?","$","R","?","?","T","M","R","E","M","M","R","BOSS","M","?","?","?","?","M","R","E","T","M","R","?","?","M","R","BOSS"],"items_purchased_type":["Relic","Relic","Card"],"build_version":"2020-12-22","purchased_purges":0,"victory":true,"max_hp_per_floor":[72,72,72,72,72,72,72,72,72,72,72,79,79,79,79,79,79,79,79,79,79,79,79,79,79,79,79,79,79,79,79,79,79,79,79,79,79,79,79,79,79,79,79,79,79,79,79,79,79,79],"card_choices":[{"not_picked":["LikeWater","Evaluate"],"picked":"Wireheading","floor":1.0},{"not_picked":["Evaluate","Halt"],"picked":"WaveOfTheHand","floor":2.0},{"not_picked":["Evaluate","FlyingSleeves"],"picked":"WindmillStrike","floor":4.0},{"not_picked":["CrushJoints","Perseverance","Worship"],"picked":"SKIP","floor":5.0},{"not_picked":["CutThroughFate","Wish"],"picked":"FearNoEvil","floor":6.0},{"not_picked":["CarveReality","FlurryOfBlows"],"picked":"Tantrum","floor":8.0},{"not_picked":["BowlingBash","EmptyMind"],"picked":"Vengeance","floor":10.0},{"not_picked":["LikeWater","Perseverance"],"picked":"Wallop","floor":11.0},{"not_picked":["Study","FlyingSleeves"],"picked":"WheelKick","floor":12.0},{"not_picked":["Collect","ThirdEye","Evaluate"],"picked":"SKIP","floor":14.0},{"not_picked":["MasterReality","Vault"],"picked":"Blasphemy","floor":16.0},{"not_picked":["Protect","PathToVictory"],"picked":"Consecrate+1","floor":18.0},{"not_picked":["Sanctity","Halt","Study"],"picked":"SKIP","floor":21.0},{"not_picked":["FollowUp","FearNoEvil"],"picked":"Wireheading+1","floor":29.0},{"not_picked":["Swivel","EmptyBody"],"picked":"Tantrum+1","floor":30.0},{"not_picked":["Evaluate","SashWhip"],"picked":"FlyingSleeves","floor":31.0},{"not_picked":["Judgement","Brilliance"],"picked":"Scrawl","floor":33.0},{"not_picked":["SashWhip+1","ClearTheMind+1"],"picked":"Prostrate+1","floor":35.0},{"not_picked":["EmptyBody+1","Evaluate+1"],"picked":"ForeignInfluence","floor":36.0},{"not_picked":["JustLucky+1","Worship"],"picked":"CutThroughFate+1","floor":37.0},{"not_picked":["Metamorphosis","Finesse"],"picked":"Dramatic Entrance","floor":38.0},{"not_picked":["Crescendo","SandsOfTime","Consecrate"],"picked":"SKIP","floor":40.0},{"not_picked":["ClearTheMind+1","BowlingBash","JustLucky"],"picked":"SKIP","floor":40.0},{"not_picked":["Sanctity+1","Halt"],"picked":"DeusExMachina","floor":42.0},{"not_picked":["Crescendo+1","Evaluate","EmptyMind+1"],"picked":"SKIP","floor":44.0},{"not_picked":["WaveOfTheHand+1","Vengeance+1","Indignation"],"picked":"SKIP","floor":44.0},{"not_picked":["PathToVictory","Pray+1"],"picked":"ReachHeaven+1","floor":45.0},{"not_picked":["Collect","LikeWater+1","BowlingBash+1"],"picked":"SKIP","floor":46.0},{"not_picked":["Halt+1","CrushJoints+1","FlyingSleeves"],"picked":"SKIP","floor":46.0},{"not_picked":["Weave","JustLucky"],"picked":"WindmillStrike+1","floor":48.0},{"not_picked":["Crescendo","WheelKick","EmptyFist"],"picked":"SKIP","floor":48.0},{"not_picked":["Sanctity+1","EmptyBody+1"],"picked":"LessonLearned","floor":49.0}],"player_experience":1087230,"relics_obtained":[{"floor":6.0,"key":"Smiling Mask"},{"floor":9.0,"key":"Damaru"},{"floor":10.0,"key":"Pen Nib"},{"floor":12.0,"key":"Strawberry"},{"floor":26.0,"key":"Tiny Chest"},{"floor":29.0,"key":"CloakClasp"},{"floor":36.0,"key":"Prayer Wheel"},{"floor":37.0,"key":"Unceasing Top"},{"floor":39.0,"key":"Orichalcum"},{"floor":42.0,"key":"HornCleat"},{"floor":43.0,"key":"Dream Catcher"},{"floor":47.0,"key":"StrikeDummy"}],"event_choices":[{"damage_healed":24.0,"max_hp_gain":0.0,"max_hp_loss":0.0,"gold_gain":0.0,"event_name":"Big Fish","player_choice":"Banana","floor":3.0,"gold_loss":0.0,"damage_taken":0.0},{"damage_healed":0.0,"max_hp_gain":0.0,"max_hp_loss":0.0,"gold_gain":0.0,"event_name":"Shining Light","player_choice":"Ignored","floor":13.0,"gold_loss":0.0,"damage_taken":0.0},{"damage_healed":0.0,"max_hp_gain":0.0,"max_hp_loss":0.0,"gold_gain":90.0,"event_name":"Knowing Skull","player_choice":"GOLD ","floor":19.0,"potions_obtained":[],"gold_loss":0.0,"damage_taken":12.0,"cards_obtained":[]},{"damage_healed":0.0,"max_hp_gain":0.0,"max_hp_loss":0.0,"gold_gain":0.0,"event_name":"Lab","player_choice":"Got Potions","floor":24.0,"gold_loss":0.0,"damage_taken":0.0},{"damage_healed":0.0,"max_hp_gain":0.0,"max_hp_loss":0.0,"gold_gain":0.0,"event_name":"MindBloom","player_choice":"Fight","floor":36.0,"gold_loss":0.0,"damage_taken":0.0},{"damage_healed":0.0,"max_hp_gain":0.0,"max_hp_loss":0.0,"gold_gain":0.0,"event_name":"Mysterious Sphere","player_choice":"Fight","floor":37.0,"gold_loss":0.0,"damage_taken":0.0},{"damage_healed":0.0,"max_hp_gain":0.0,"max_hp_loss":0.0,"gold_gain":0.0,"event_name":"SensoryStone","player_choice":"Memory 1","floor":38.0,"gold_loss":0.0,"damage_taken":0.0}],"is_beta":false,"boss_relics":[{"not_picked":["HolyWater","Calling Bell"],"picked":"VioletLotus"},{"not_picked":["Cursed Key","Velvet Choker"],"picked":"Runic Pyramid"}],"items_purged_floors":[],"is_endless":false,"potions_floor_spawned":[1,4,8,10,16,21,27,36,40,44,48],"ascension_level":8}}