{"host":"7trwizmysqu3yl6m","time":1609879858,"event":{"mods":["Act Like it!","BaseMod","Downfall","Gensokyo","Hallownest","Minty Spire (QoL Compilation)","StSLib","The Animator","The Bug Knight"],"gold_per_floor":[109,109,132,159,159,188,188,188,188],"floor_reached":8,"playtime":248,"items_purged":[],"score":56,"play_id":"e1771232-cd35-4f90-8e9d-2b455851273c","local_time":"20210105215058","is_ascension_mode":false,"campfire_choices":[{"data":"Eruption","floor":7,"key":"SMITH"}],"circlet_count":0,"master_deck":["Strike_P","Strike_P","Strike_P","Defend_P","Defend_P","Defend_P","Defend_P","Eruption+1","Vigilance","Study","ThirdEye","TalkToTheHand"],"relics":["PureWater","NeowsBlessing","CeramicFish","Toy Ornithopter"],"acts_visited":["Exordium"],"potions_floor_usage":[6,8],"damage_taken":[{"damage":0,"enemies":"2 Louse","floor":1,"turns":1},{"damage":0,"enemies":"Small Slimes","floor":3,"turns":1},{"damage":0,"enemies":"Cultist","floor":4,"turns":1},{"damage":30,"enemies":"3 Sentries","floor":6,"turns":7},{"damage":73,"enemies":"Gremlin Nob","floor":8,"turns":4}],"seed_played":"5064521162922518988","potions_obtained":[{"floor":1,"key":"AttackPotion"},{"floor":3,"key":"Dexterity Potion"}],"is_trial":false,"path_per_floor":["M","?","M","M","?","E","R","E"],"character_chosen":"WATCHER","items_purchased":[],"campfire_rested":0,"item_purchase_floors":[],"current_hp_per_floor":[72,65,65,65,65,35,35,0,0],"gold":188,"neow_bonus":"THREE_ENEMY_KILL","is_daily":false,"chose_seed":false,"campfire_upgraded":1,"win_rate":0.0,"timestamp":1609879858,"path_taken":["M","?","M","M","?","E","R","E"],"items_purchased_type":[],"build_version":"2020-12-22","purchased_purges":0,"victory":false,"max_hp_per_floor":[72,72,72,72,72,72,72,72,72],"card_choices":[{"not_picked":["Meditate","MentalFortress"],"picked":"Study","floor":1},{"not_picked":["FlurryOfBlows","Fasting2"],"picked":"ThirdEye","floor":3},{"not_picked":["CrushJoints","EmptyBody"],"picked":"TalkToTheHand","floor":4},{"not_picked":["Worship","SashWhip","Prostrate"],"picked":"SKIP","floor":6}],"player_experience":402514,"relics_obtained":[{"floor":6,"key":"Toy Ornithopter"}],"event_choices":[{"damage_healed":0,"gold_gain":0,"player_choice":"Success","damage_taken":7,"relics_obtained":["CeramicFish"],"max_hp_gain":0,"max_hp_loss":0,"event_name":"Scrap Ooze","floor":2,"gold_loss":0},{"cards_removed":["Strike_P"],"damage_healed":0,"gold_gain":0,"player_choice":"Purged","damage_taken":0,"max_hp_gain":0,"max_hp_loss":0,"event_name":"Purifier","floor":5,"gold_loss":0}],"is_beta":false,"boss_relics":[],"items_purged_floors":[],"is_endless":false,"potions_floor_spawned":[1,3],"killed_by":"Gremlin Nob","ascension_level":0}}