{"host":"udyc8f81k2jocuhg","time":1609854363,"event":{"mods":["2.2 Compatiblity","BaseMod","Better Third Choice","Colored Powertips","Conspire","Custom Start","GifTheSpireLib","Hermit","Minty Spire (QoL Compilation)","Permanent Neow","Quick Restart","Relic Filter","Relic Stats","Replay The Spire","Shop Mod","Spikes Relics","StSLib","Stuff the Spire"],"gold_per_floor":[119,135,152,166,166,196,209,239,319,319,329,363,24,58,58,58,58],"floor_reached":16,"playtime":682,"items_purged":[],"score":307,"play_id":"58b2e286-eff5-4620-b794-8b53a99411bd","local_time":"20210105144603","is_ascension_mode":true,"campfire_choices":[{"data":"StuffTheSpire:Repulse","floor":10.0,"key":"SMITH"},{"data":"Footwork","floor":15.0,"key":"SMITH"}],"circlet_count":0,"master_deck":["AscendersBane","conspire:GhostlyStrike","conspire:GhostlyStrike","conspire:GhostlyStrike","conspire:GhostlyStrike","conspire:GhostlyStrike","conspire:GhostlyDefend","conspire:GhostlyDefend","conspire:GhostlyDefend","conspire:GhostlyDefend","conspire:GhostlyDefend","Survivor","Neutralize","StuffTheSpire:Sprint","Backflip","Caltrops","Dagger Spray","Backflip","StuffTheSpire:Repulse+1","Cloak And Dagger","Dagger Spray","Footwork+1","The Bomb","Dodge and Roll"],"relics":["Coffee Dripper","Replay:Wax Seal","Odd Mushroom","SpikesRelics:ToyHorsey","MerchantsRug","MiniBlackHole"],"acts_visited":["Exordium"],"potions_floor_usage":[],"damage_taken":[{"damage":3.0,"enemies":"Jaw Worm","floor":1.0,"turns":6.0},{"damage":0.0,"enemies":"2 Louse","floor":2.0,"turns":5.0},{"damage":0.0,"enemies":"Small Slimes","floor":3.0,"turns":5.0},{"damage":0.0,"enemies":"Looter","floor":4.0,"turns":4.0},{"damage":46.0,"enemies":"Gremlin Nob","floor":6.0,"turns":6.0},{"damage":0.0,"enemies":"2 Fungi Beasts","floor":7.0,"turns":4.0},{"damage":4.0,"enemies":"The Mushroom Lair","floor":8.0,"turns":5.0},{"damage":0.0,"enemies":"Red Slaver","floor":11.0,"turns":4.0},{"damage":30.0,"enemies":"Lagavulin","floor":12.0,"turns":9.0},{"damage":0.0,"enemies":"Gremlin Nob","floor":14.0,"turns":3.0},{"damage":7,"enemies":"The Guardian","floor":16,"turns":2}],"seed_played":"3119405445677224970","potions_obtained":[{"floor":1.0,"key":"EntropicBrew"},{"floor":4.0,"key":"DistilledChaos"},{"floor":7.0,"key":"FairyPotion"},{"floor":12.0,"key":"Strength Potion"}],"is_trial":false,"path_per_floor":["M","M","M","M","?","E","M","?","T","R","M","E","$","E","R","B"],"character_chosen":"THE_SILENT","items_purchased":["MerchantsRug","Footwork","The Bomb"],"campfire_rested":0,"item_purchase_floors":[13,13,13],"current_hp_per_floor":[56,56,56,56,56,10,10,6,6,6,6,4,4,4,4,0,0],"gold":58,"neow_bonus":"BOSS_RELIC","is_daily":false,"chose_seed":false,"campfire_upgraded":2,"win_rate":0.0,"timestamp":1609854363,"path_taken":["M","M","M","M","?","E","M","?","T","R","M","E","$","E","R","BOSS"],"items_purchased_type":["Relic","Card","Card"],"build_version":"2020-12-22","purchased_purges":0,"victory":false,"max_hp_per_floor":[66,66,66,66,66,66,66,66,66,66,66,66,66,66,66,66,66],"relic_stats":{"counters":[11,53],"obtain_stats":[{"MerchantsRug":13,"SpikesRelics:ToyHorsey":12,"MiniBlackHole":14,"Coffee Dripper":0,"Replay:Wax Seal":6,"Odd Mushroom":8,"Ring of the Snake":0},{"MerchantsRug":9,"SpikesRelics:ToyHorsey":9,"MiniBlackHole":10,"Coffee Dripper":0,"Replay:Wax Seal":5,"Odd Mushroom":7,"Ring of the Snake":0},{"MerchantsRug":48,"SpikesRelics:ToyHorsey":48,"MiniBlackHole":51,"Coffee Dripper":0,"Replay:Wax Seal":26,"Odd Mushroom":35,"Ring of the Snake":0}]},"card_choices":[{"not_picked":["Fluid Movement","Flying Knee"],"picked":"StuffTheSpire:Sprint","floor":1.0},{"not_picked":["Flying Knee","Calculated Gamble"],"picked":"Backflip","floor":2.0},{"not_picked":["Poisoned Stab","Deflect"],"picked":"Caltrops","floor":3.0},{"not_picked":["Backflip","Flying Knee"],"picked":"Dagger Spray","floor":4.0},{"not_picked":["Blade Dance","Masterful Stab"],"picked":"Backflip","floor":6.0},{"not_picked":["Finisher","Deflect"],"picked":"StuffTheSpire:Repulse","floor":7.0},{"not_picked":["Poisoned Stab","Quick Slash"],"picked":"Cloak And Dagger","floor":8.0},{"not_picked":["Poisoned Stab","Acrobatics","ReplayTheSpireMod:Necrosis"],"picked":"SKIP","floor":11.0},{"not_picked":["Underhanded Strike","Dagger Throw"],"picked":"Dagger Spray","floor":12.0},{"not_picked":["Calculated Gamble","Setup"],"picked":"Dodge and Roll","floor":14.0}],"player_experience":1944172,"relics_obtained":[{"floor":6.0,"key":"Replay:Wax Seal"},{"floor":8.0,"key":"Odd Mushroom"},{"floor":12.0,"key":"SpikesRelics:ToyHorsey"},{"floor":14.0,"key":"MiniBlackHole"}],"event_choices":[{"damage_healed":0.0,"max_hp_gain":0.0,"max_hp_loss":0.0,"gold_gain":0.0,"event_name":"conspire:LoneGhost","player_choice":"Agree","floor":5.0,"gold_loss":0.0,"damage_taken":0.0},{"damage_healed":0.0,"max_hp_gain":0.0,"max_hp_loss":0.0,"gold_gain":0.0,"event_name":"Mushrooms","player_choice":"Fought Mushrooms","floor":8.0,"gold_loss":0.0,"damage_taken":0.0}],"is_beta":false,"boss_relics":[],"items_purged_floors":[],"is_endless":false,"potions_floor_spawned":[1,4,7,12],"killed_by":"The Guardian","ascension_level":15}}