{"host":"d1za9dvx43o9v494","time":1609859039,"event":{"mods":["2.2 Compatiblity","BaseMod","Better-Laid Plans","Colored Map","Downfall","Emptier Cage","Marked Mod","Minty Spire (QoL Compilation)","Permanent Neow","StSLib"],"gold_per_floor":[99,110,125,141,151,151,151,179,197,107,118,118,136,155,168,267,267,267,283,303,315,315,315,384,223,123,133,160,160,176,248,260,355,355,255,275,288,338,358,358,383,383,283,283,5,5,5,36,46,46,46,74,74,74,74,74,74],"floor_reached":56,"playtime":4747,"items_purged":["sneckomod:Strike"],"score":803,"play_id":"39fed806-af4c-462b-aa46-352849e28ce0","local_time":"20210105180359","is_ascension_mode":true,"campfire_choices":[{"data":"sneckomod:DiceBoulder","floor":1.0,"key":"SMITH"},{"data":"sneckomod:DiceBoulder+1","floor":6,"key":"SMITH"},{"data":"sneckomod:DiceBoulder+2","floor":18,"key":"SMITH"},{"floor":23,"key":"RECALL"},{"data":"sneckomod:DiceBoulder+3","floor":26,"key":"SMITH"},{"data":"Limit Break","floor":35,"key":"SMITH"},{"data":"champ:EnchantSword","floor":40,"key":"SMITH"},{"data":"sneckomod:CheapStock","floor":43,"key":"SMITH"},{"data":"sneckomod:UnknownStrength","floor":47,"key":"SMITH"},{"data":"sneckomod:UnknownVulnerable","floor":54,"key":"SMITH"}],"circlet_count":0,"master_deck":["sneckomod:Strike+1","sneckomod:Strike+1","sneckomod:Defend+1","sneckomod:Defend+1","sneckomod:Defend+1","sneckomod:TailWhip+1","sneckomod:SnekBite","sneckomod:Unknown","sneckomod:DiceBoulder+4","sneckomod:UnknownClassSLIMEBOUND","sneckomod:UnknownDexterity","sneckomod:UnknownClassTHE_CHAMP_GRAY","champ:EnchantSword+1","sneckomod:UnknownVulnerable+1","sneckomod:SnakeSap+1","sneckomod:UnknownClassRED","sneckomod:UnknownStrength+1","sneckomod:UnknownDraw","Limit Break+1","sneckomod:CheapStock+1","expansioncontent:PolyBeam","expansioncontent:Collect","sneckomod:UnknownExhaust+1"],"relics":["sneckomod:SneckoSoul","Ornamental Fan","Odd Mushroom","Guardian:GemstoneGun","expansioncontent:StudyCardRelic","White Beast Statue","Vajra","downfall:HeartBlessingRed","Singing Bowl","InkBottle","sneckomod:SneckoTalon","downfall:HeartBlessingGreen","champ:DuelingGlove","downfall:HeartBlessingBlue","Membership Card","Mummified Hand","Mercury Hourglass","Whetstone"],"acts_visited":["Exordium","TheCity","TheBeyond","TheEnding"],"potions_floor_usage":[16,16,28,30,33,37,38,48,52],"damage_taken":[{"damage":0.0,"enemies":"Cultist","floor":2.0,"turns":3.0},{"damage":0.0,"enemies":"2 Louse","floor":3.0,"turns":1.0},{"damage":5.0,"enemies":"Jaw Worm","floor":4.0,"turns":3.0},{"damage":2.0,"enemies":"Blue Slaver","floor":5.0,"turns":3.0},{"damage":16,"enemies":"The Mushroom Lair","floor":8,"turns":4},{"damage":3,"enemies":"2 Fungi Beasts","floor":9,"turns":2},{"damage":0,"enemies":"downfall:FleeingMerchant","floor":10,"turns":4},{"damage":26,"enemies":"Exordium Wildlife","floor":11,"turns":4},{"damage":7,"enemies":"Exordium Thugs","floor":13,"turns":3},{"damage":1,"enemies":"Red Slaver","floor":14,"turns":2},{"damage":1,"enemies":"2 Fungi Beasts","floor":15,"turns":2},{"damage":10,"enemies":"ArchetypeAct1Statuses","floor":16,"turns":5},{"damage":0,"enemies":"3 Byrds","floor":19,"turns":4},{"damage":0,"enemies":"Snecko","floor":20,"turns":3},{"damage":1,"enemies":"3 Cultists","floor":21,"turns":5},{"damage":8,"enemies":"downfall:FleeingMerchant","floor":25,"turns":4},{"damage":16,"enemies":"Centurion and Healer","floor":27,"turns":5},{"damage":17,"enemies":"Book of Stabbing","floor":28,"turns":4},{"damage":14,"enemies":"Snecko","floor":30,"turns":4},{"damage":0,"enemies":"downfall:FleeingMerchant","floor":31,"turns":2},{"damage":3,"enemies":"Chosen and Byrds","floor":32,"turns":4},{"damage":32,"enemies":"downfall:Watcher","floor":33,"turns":7},{"damage":9,"enemies":"3 Darklings","floor":36,"turns":3},{"damage":4,"enemies":"Orb Walker","floor":37,"turns":2},{"damage":0,"enemies":"Orb Walker","floor":38,"turns":4},{"damage":6,"enemies":"4 Shapes","floor":39,"turns":2},{"damage":0,"enemies":"Nemesis","floor":48,"turns":3},{"damage":0,"enemies":"Jaw Worm Horde","floor":49,"turns":3},{"damage":47,"enemies":"downfall:Defect","floor":50,"turns":4},{"damage":20,"enemies":"downfall:CharBossMerchant","floor":52,"turns":5},{"damage":0,"enemies":"downfall:NeowBoss","floor":56,"turns":1}],"seed_played":"-7470114932935539795","potions_obtained":[{"floor":3.0,"key":"sneckomod:OffclassReductionPotion"},{"floor":8,"key":"Strength Potion"},{"floor":13,"key":"Weak Potion"},{"floor":14,"key":"ColorlessPotion"},{"floor":15,"key":"EssenceOfSteel"},{"floor":20,"key":"EssenceOfSteel"},{"floor":25,"key":"sneckomod:DiceRollPotion"},{"floor":28,"key":"SteroidPotion"},{"floor":30,"key":"SpeedPotion"},{"floor":33,"key":"sneckomod:CheatPotion"},{"floor":37,"key":"Energy Potion"},{"floor":38,"key":"Fire Potion"},{"floor":48,"key":"SteroidPotion"},{"floor":52,"key":"LiquidBronze"}],"is_trial":false,"path_per_floor":["R","M","M","M","M","R","T","?","M","$","M","T","M","M","M","B",null,"R","M","M","M","?","R","T","$","R","M","E","?","M","$","M","B",null,"R","M","M","?","M","R","T","?","R","?","$","?","R","E","M","B",null,"E","$","R","B","B"],"character_chosen":"THE_SNECKO","items_purchased":["Vajra","InkBottle","Membership Card","Mummified Hand"],"campfire_rested":0,"item_purchase_floors":[25,31,45,45],"current_hp_per_floor":[90,90,90,85,83,83,83,68,66,67,42,42,35,35,35,25,96,96,97,97,96,97,97,97,97,97,81,66,66,52,54,53,28,106,106,99,97,99,95,95,95,95,105,100,100,100,100,101,103,56,127,109,109,109,67,67,67],"gold":74,"neow_bonus":"THREE_CARDS","is_daily":false,"chose_seed":false,"campfire_upgraded":9,"win_rate":0.0,"timestamp":1609859039,"path_taken":["R","M","?","?","M","R","T","?","M","$","M","?","M","M","M","BOSS","R","M","M","M","?","R","T","$","R","M","E","?","?","?","M","BOSS","R","M","M","?","M","R","T","?","R","?","$","?","R","E","M","BOSS","E","$","R","BOSS","BOSS"],"items_purchased_type":["Relic","Relic","Relic","Relic"],"build_version":"2020-12-22","purchased_purges":1,"victory":false,"max_hp_per_floor":[90,90,90,90,90,90,90,91,92,93,94,94,94,95,96,96,96,96,97,97,97,98,98,98,98,98,98,100,100,100,102,104,106,106,106,108,110,112,114,114,114,114,124,124,124,124,124,125,127,127,127,129,129,129,129,129,129],"card_choices":[{"not_picked":["sneckomod:Unknown1Cost","sneckomod:SoulDraw"],"picked":"sneckomod:DiceBoulder","floor":0.0},{"not_picked":["sneckomod:QuickMove","sneckomod:UnknownCommonAttack"],"picked":"sneckomod:QuickBite","floor":2.0},{"not_picked":["sneckomod:SnekBeam","sneckomod:UnknownDraw"],"picked":"sneckomod:Memorize","floor":3.0},{"not_picked":["sneckomod:UnknownCommonAttack","sneckomod:QuickMove","sneckomod:DefensiveFlair"],"picked":"SKIP","floor":4.0},{"not_picked":["sneckomod:SnekBeam","sneckomod:UnlimitedRolls","sneckomod:Nope"],"picked":"SKIP","floor":5.0},{"not_picked":["sneckomod:UnknownDraw","sneckomod:DefensiveFlair"],"picked":"sneckomod:UnknownClassSLIMEBOUND","floor":8},{"not_picked":["sneckomod:UnknownClassBLUE","sneckomod:CheapStock"],"picked":"sneckomod:UnknownDexterity","floor":9},{"not_picked":["sneckomod:SoulCleanse","sneckomod:DiceBoulder"],"picked":"sneckomod:UnknownClassTHE_CHAMP_GRAY","floor":10},{"not_picked":["sneckomod:UnknownClassGUARDIAN","sneckomod:TrashToTreasure"],"picked":"sneckomod:UnknownVulnerable","floor":11},{"not_picked":["sneckomod:UnknownWeak","sneckomod:UnknownUncommonAttack"],"picked":"sneckomod:SnakeSap","floor":13},{"not_picked":["sneckomod:SnekBeam","sneckomod:UnknownStrike"],"picked":"sneckomod:UnknownClassRED","floor":14},{"not_picked":["sneckomod:Unknown0Cost","sneckomod:UnknownWeak"],"picked":"sneckomod:UnknownStrength","floor":15},{"not_picked":["sneckomod:Restock","sneckomod:MorePower"],"picked":"sneckomod:UnlimitedRolls","floor":16},{"not_picked":["sneckomod:UnknownClassBLUE","sneckomod:IronFang"],"picked":"sneckomod:UnknownDraw","floor":19},{"not_picked":["sneckomod:UnknownUncommonSkill","sneckomod:SoulDraw+1","sneckomod:UnknownUncommonPower"],"picked":"SKIP","floor":20},{"not_picked":["sneckomod:DiceBlock","sneckomod:UnknownStrength"],"picked":"sneckomod:Memorize","floor":21},{"not_picked":["sneckomod:TrashToTreasure","sneckomod:UnknownCommonSkill","sneckomod:SoulDraw"],"picked":"SKIP","floor":25},{"not_picked":["sneckomod:UnknownClassPURPLE","sneckomod:UnknownClassGUARDIAN","sneckomod:UnknownClassGREEN"],"picked":"SKIP","floor":27},{"not_picked":["sneckomod:UnknownClassRED","sneckomod:UnknownClassGREEN","sneckomod:UnknownRarePower"],"picked":"Singing Bowl","floor":28},{"not_picked":["sneckomod:UnknownCommonAttack","sneckomod:SoulCleanse"],"picked":"sneckomod:CheapStock","floor":30},{"not_picked":["sneckomod:QuickMove","sneckomod:UnknownClassTHE_BRONZE_AUTOMATON","sneckomod:MasterEye"],"picked":"Singing Bowl","floor":31},{"not_picked":["sneckomod:UnknownCommonSkill","sneckomod:UnknownX+1","sneckomod:SerpentIdol"],"picked":"Singing Bowl","floor":32},{"not_picked":["sneckomod:Cheat","sneckomod:Mudshield","sneckomod:DangerNoodle"],"picked":"Singing Bowl","floor":33},{"not_picked":["sneckomod:QuickMove","sneckomod:Unknown1Cost","sneckomod:UnknownWeak+1"],"picked":"Singing Bowl","floor":36},{"not_picked":["sneckomod:RainOfDice","sneckomod:SoulRoll","sneckomod:QuickMove+1"],"picked":"Singing Bowl","floor":37},{"not_picked":["sneckomod:UnknownCommonAttack+1","sneckomod:Unknown1Cost","sneckomod:Nope+1"],"picked":"Singing Bowl","floor":38},{"not_picked":["sneckomod:UnknownStrike","sneckomod:Transmogrify","sneckomod:SoulRoll"],"picked":"Singing Bowl","floor":39},{"not_picked":["expansioncontent:GuardianWhirl","expansioncontent:LastStand"],"picked":"expansioncontent:PolyBeam","floor":44},{"not_picked":["expansioncontent:HyperBeam","expansioncontent:Sear"],"picked":"expansioncontent:Collect","floor":44},{"not_picked":["sneckomod:UnknownClassTHE_BRONZE_AUTOMATON+1","sneckomod:MasterEye"],"picked":"sneckomod:UnknownExhaust+1","floor":48},{"not_picked":["sneckomod:Memorize","sneckomod:UnknownClassGUARDIAN+1","sneckomod:RainOfDice+1"],"picked":"Singing Bowl","floor":49},{"not_picked":["sneckomod:UnknownClassGUARDIAN+1","sneckomod:UnknownUncommonSkill+1","sneckomod:QuickMove"],"picked":"Singing Bowl","floor":52}],"player_experience":656677,"relics_obtained":[{"floor":7,"key":"Ornamental Fan"},{"floor":8,"key":"Odd Mushroom"},{"floor":12,"key":"Guardian:GemstoneGun"},{"floor":24,"key":"White Beast Statue"},{"floor":28,"key":"Singing Bowl"},{"floor":38,"key":"champ:DuelingGlove"},{"floor":48,"key":"Mercury Hourglass"},{"floor":52,"key":"Whetstone"}],"event_choices":[{"damage_healed":0,"gold_gain":0,"player_choice":"Fought Mushrooms","damage_taken":0,"max_hp_gain":0,"max_hp_loss":0,"event_name":"Mushrooms","floor":8,"gold_loss":0},{"damage_healed":0,"gold_gain":0,"player_choice":"Read","damage_taken":0,"max_hp_gain":0,"max_hp_loss":0,"event_name":"The Library","floor":22,"gold_loss":0,"cards_obtained":["sneckomod:UnknownStrength"]},{"cards_removed":["sneckomod:QuickBite"],"damage_healed":0,"gold_gain":0,"player_choice":"Removed Attack","damage_taken":0,"max_hp_gain":0,"max_hp_loss":0,"event_name":"Falling","floor":46,"gold_loss":0}],"is_beta":false,"boss_relics":[{"not_picked":["bronze:MakeshiftBattery","Busted Crown"],"picked":"expansioncontent:StudyCardRelic"},{"not_picked":["Astrolabe","Runic Dome"],"picked":"sneckomod:SneckoTalon"}],"items_purged_floors":[10],"is_endless":false,"potions_floor_spawned":[3,8,13,14,15,20,25,27,28,30,31,32,33,36,37,38,39,48,49,52],"killed_by":"downfall:NeowBoss","ascension_level":1}}