{"host":"gkp57zoegrd3f2ij","time":1609843926,"event":{"mods":["BaseMod","Colored Map","Colored Powertips","Minty Spire (QoL Compilation)","StSLib"],"gold_per_floor":[114,114,127,147,123,149,0,0,26,26,37,37,51,51,51,153,153,167,82,7,7,7,7],"floor_reached":22,"playtime":1606,"items_purged":["Defend_G"],"score":225,"play_id":"c9240844-de0b-40e1-8695-2812928b687f","local_time":"20210105115206","is_ascension_mode":true,"campfire_choices":[{"data":"Dagger Throw","floor":8,"key":"SMITH"},{"data":"Survivor","floor":10,"key":"SMITH"},{"floor":12,"key":"REST"},{"floor":15,"key":"REST"}],"circlet_count":0,"master_deck":["Strike_G","Strike_G","Strike_G","Strike_G","Defend_G","Defend_G","Defend_G","Defend_G","Survivor+1","Neutralize","Dagger Throw+1","Footwork","Footwork","PiercingWail","Heel Hook"],"relics":["Ring of the Snake","Bag of Marbles","Bottled Flame","DollysMirror","Bag of Preparation","WristBlade","Pear","NlothsMask"],"acts_visited":["Exordium","TheCity"],"potions_floor_usage":[6,16],"damage_taken":[{"damage":0,"enemies":"2 Louse","floor":1,"turns":2},{"damage":0,"enemies":"Small Slimes","floor":3,"turns":4},{"damage":2,"enemies":"Jaw Worm","floor":4,"turns":6},{"damage":19,"enemies":"Gremlin Nob","floor":6,"turns":5},{"damage":0,"enemies":"Red Slaver","floor":11,"turns":4},{"damage":17,"enemies":"Large Slime","floor":13,"turns":7},{"damage":15,"enemies":"The Guardian","floor":16,"turns":26},{"damage":53,"enemies":"Chosen","floor":18,"turns":10},{"damage":12,"enemies":"Shell Parasite","floor":22,"turns":2}],"seed_played":"-4642703064312431828","potions_obtained":[{"floor":4,"key":"Weak Potion"},{"floor":6,"key":"LiquidMemories"},{"floor":13,"key":"EssenceOfSteel"},{"floor":18,"key":"GamblersBrew"}],"is_trial":false,"path_per_floor":["M","?","M","M","?","E","$","R","T","R","M","R","M","?","R","B",null,"M","?","$","?","M"],"character_chosen":"THE_SILENT","items_purchased":["DollysMirror"],"campfire_rested":2,"item_purchase_floors":[7],"current_hp_per_floor":[77,65,65,63,63,44,44,44,44,44,44,67,50,43,66,51,77,24,34,34,34,22,22],"gold":7,"neow_bonus":"TEN_PERCENT_HP_BONUS","is_daily":false,"chose_seed":false,"campfire_upgraded":2,"win_rate":0.0,"timestamp":1609843926,"path_taken":["M","?","M","M","?","E","$","R","T","R","M","R","M","?","R","BOSS","M","?","$","?","?"],"items_purchased_type":["Relic"],"build_version":"2020-12-22","purchased_purges":1,"victory":false,"max_hp_per_floor":[77,77,77,77,77,77,77,77,77,77,77,77,77,77,77,77,77,77,87,87,87,87,87],"card_choices":[{"not_picked":["Bane","Endless Agony"],"picked":"Dagger Throw","floor":1},{"not_picked":["Catalyst","Distraction"],"picked":"Footwork","floor":3},{"not_picked":["Flechettes","Blade Dance","Underhanded Strike"],"picked":"SKIP","floor":4},{"not_picked":["Blade Dance","Finisher","Underhanded Strike"],"picked":"SKIP","floor":6},{"not_picked":["Reflex","Acrobatics","Quick Slash"],"picked":"SKIP","floor":11},{"not_picked":["Noxious Fumes","Deadly Poison"],"picked":"PiercingWail","floor":13},{"not_picked":["Reflex+1","Dodge and Roll+1"],"picked":"Heel Hook","floor":18}],"player_experience":268432,"relics_obtained":[{"floor":6,"key":"Bottled Flame"},{"floor":9,"key":"Bag of Preparation"}],"event_choices":[{"damage_healed":0,"gold_gain":0,"player_choice":"Success","damage_taken":12,"relics_obtained":["Bag of Marbles"],"max_hp_gain":0,"max_hp_loss":0,"event_name":"Scrap Ooze","floor":2,"gold_loss":0},{"damage_healed":0,"gold_gain":0,"player_choice":"Left Gold","damage_taken":0,"max_hp_gain":0,"max_hp_loss":0,"event_name":"World of Goop","floor":5,"gold_loss":24},{"cards_removed":["Strike_G"],"damage_healed":0,"gold_gain":0,"player_choice":"Card Removal","damage_taken":7,"max_hp_gain":0,"max_hp_loss":0,"event_name":"Golden Wing","floor":14,"gold_loss":0},{"damage_healed":0,"gold_gain":0,"player_choice":"Obtained Relic","damage_taken":0,"relics_obtained":["Pear"],"max_hp_gain":0,"max_hp_loss":0,"event_name":"Addict","floor":19,"gold_loss":85},{"damage_healed":0,"gold_gain":0,"player_choice":"Trade","damage_taken":0,"relics_obtained":["NlothsMask"],"max_hp_gain":0,"max_hp_loss":0,"event_name":"FaceTrader","floor":21,"gold_loss":0}],"is_beta":false,"boss_relics":[{"not_picked":["Calling Bell","Velvet Choker"],"picked":"WristBlade"}],"items_purged_floors":[20],"is_endless":false,"potions_floor_spawned":[4,6,13,18],"killed_by":"Shell Parasite","ascension_level":2}}