{"host":"sc0o2qwpf9j16a4i","time":1609841526,"event":{"mods":["AchievementEnabler","BaseMod","BetterRewards","Block Reminder","Colored Map","Colored Powertips","Custom Start","Highlight Path","Minty Spire (QoL Compilation)","Relic Stats"],"gold_per_floor":[114,114,129,144,48,48,48,80,106,106,135,6,6,26,26,99,99,117,117,156,191,191,191,216,216,240,240,240,240],"floor_reached":28,"playtime":574,"items_purged":[],"score":584,"play_id":"46f7f2a6-eea3-4e14-9436-23deecf50e9b","local_time":"20210105121206","is_ascension_mode":true,"campfire_choices":[{"data":"CarveReality","floor":6.0,"key":"SMITH"},{"data":"EmptyMind","floor":10,"key":"SMITH"},{"data":"Tantrum","floor":13,"key":"SMITH"},{"floor":15,"key":"REST"},{"floor":23,"key":"REST"},{"floor":25,"key":"REST"},{"floor":27,"key":"REST"}],"circlet_count":0,"master_deck":["AscendersBane","Strike_P","Strike_P","Strike_P","Strike_P","Defend_P","Defend_P","Defend_P","Defend_P","Eruption","Vigilance","FlyingSleeves+1","CarveReality+1","Indignation","ClearTheMind","Vengeance","EmptyMind+1","MentalFortress","Tantrum+1","Protect","Wish","Consecrate","MentalFortress","Worship+1","Sanctity"],"relics":["PureWater","NeowsBlessing","Gremlin Horn","Oddly Smooth Stone","Bag of Marbles","Bag of Preparation","Fusion Hammer","Red Mask","MutagenicStrength","Pen Nib","Vajra"],"acts_visited":["Exordium","TheCity"],"potions_floor_usage":[20],"damage_taken":[{"damage":0.0,"enemies":"Cultist","floor":1.0,"turns":1.0},{"damage":0.0,"enemies":"Small Slimes","floor":3.0,"turns":1.0},{"damage":0.0,"enemies":"2 Louse","floor":4.0,"turns":1.0},{"damage":15,"enemies":"Lagavulin","floor":8,"turns":5},{"damage":15,"enemies":"3 Sentries","floor":11,"turns":5},{"damage":4,"enemies":"Blue Slaver","floor":14,"turns":3},{"damage":0,"enemies":"Slime Boss","floor":16,"turns":4},{"damage":2,"enemies":"2 Thieves","floor":18,"turns":3},{"damage":39,"enemies":"3 Byrds","floor":20,"turns":5},{"damage":0,"enemies":"Masked Bandits","floor":21,"turns":2},{"damage":41,"enemies":"Gremlin Leader","floor":24,"turns":4},{"damage":43,"enemies":"Book of Stabbing","floor":28,"turns":5}],"seed_played":"7789640676420499975","potions_obtained":[{"floor":16,"key":"StancePotion"},{"floor":21,"key":"CultistPotion"},{"floor":24,"key":"GamblersBrew"}],"is_trial":false,"path_per_floor":["M","T","M","M","$","R","?","E","T","R","E","$","R","M","R","B",null,"M","?","M","?","?","R","E","R","T","R","E"],"character_chosen":"WATCHER","items_purchased":["ClearTheMind","Vengeance","Tantrum","Protect"],"campfire_rested":4,"item_purchase_floors":[5,5,12,12],"current_hp_per_floor":[61,61,61,61,61,61,61,46,46,46,31,31,31,27,47,47,63,61,61,22,22,22,42,1,21,21,41,0,0],"gold":240,"neow_bonus":"THREE_ENEMY_KILL","is_daily":false,"chose_seed":false,"campfire_upgraded":3,"win_rate":0.0,"timestamp":1609841526,"path_taken":["M","?","?","M","?","R","?","E","T","R","E","$","R","M","R","BOSS","M","?","M","?","?","R","E","R","T","R","E"],"items_purchased_type":["Card","Card","Card","Card"],"build_version":"2020-12-22","purchased_purges":0,"victory":false,"max_hp_per_floor":[68,68,68,68,68,68,68,68,68,68,68,68,68,68,68,68,68,68,68,68,68,68,68,68,68,68,68,68,68],"relic_stats":{"Gremlin Horn":[14,14],"counters":[12,39],"Pen Nib":[0],"Bag of Preparation":[14],"obtain_stats":[{"NeowsBlessing":0,"Gremlin Horn":2,"MutagenicStrength":22,"Oddly Smooth Stone":8,"Vajra":26,"Fusion Hammer":17,"Pen Nib":24,"Bag of Marbles":9,"Bag of Preparation":11,"Red Mask":21,"PureWater":0},{"NeowsBlessing":0,"Gremlin Horn":1,"MutagenicStrength":10,"Oddly Smooth Stone":4,"Vajra":11,"Fusion Hammer":7,"Pen Nib":11,"Bag of Marbles":4,"Bag of Preparation":5,"Red Mask":10,"PureWater":0},{"NeowsBlessing":0,"Gremlin Horn":1,"MutagenicStrength":30,"Oddly Smooth Stone":8,"Vajra":34,"Fusion Hammer":20,"Pen Nib":34,"Bag of Marbles":8,"Bag of Preparation":13,"Red Mask":30,"PureWater":0}]},"card_choices":[{"not_picked":["ThirdEye","Vengeance"],"picked":"FlyingSleeves","floor":1.0},{"not_picked":["Prostrate","Consecrate"],"picked":"CarveReality","floor":3.0},{"not_picked":["JustLucky","Vengeance"],"picked":"Indignation","floor":4.0},{"not_picked":["PathToVictory","ForeignInfluence"],"picked":"EmptyMind","floor":8},{"not_picked":["WindmillStrike","Consecrate"],"picked":"MentalFortress","floor":11},{"not_picked":["JustLucky","Collect","Prostrate"],"picked":"SKIP","floor":14},{"not_picked":["Brilliance","LessonLearned"],"picked":"Wish","floor":16},{"not_picked":["Crescendo","SashWhip"],"picked":"Consecrate","floor":18},{"not_picked":["CutThroughFate","EmptyFist"],"picked":"MentalFortress","floor":20},{"not_picked":["DeceiveReality","Halt"],"picked":"Worship+1","floor":21},{"not_picked":["PathToVictory","WheelKick"],"picked":"Sanctity","floor":24}],"player_experience":549519,"relics_obtained":[{"floor":2.0,"key":"Gremlin Horn"},{"floor":8,"key":"Oddly Smooth Stone"},{"floor":9,"key":"Bag of Marbles"},{"floor":11,"key":"Bag of Preparation"},{"floor":21,"key":"Red Mask"},{"floor":24,"key":"Pen Nib"},{"floor":26,"key":"Vajra"}],"event_choices":[{"damage_healed":0.0,"max_hp_gain":0.0,"max_hp_loss":0.0,"gold_gain":0.0,"event_name":"Living Wall","player_choice":"Grow","floor":7.0,"gold_loss":0.0,"damage_taken":0.0,"cards_upgraded":["FlyingSleeves"]},{"damage_healed":0,"gold_gain":0,"player_choice":"Ignored","damage_taken":0,"max_hp_gain":0,"max_hp_loss":0,"event_name":"The Mausoleum","floor":19,"gold_loss":0},{"damage_healed":0,"gold_gain":0,"player_choice":"Fought Bandits","damage_taken":0,"max_hp_gain":0,"max_hp_loss":0,"event_name":"Masked Bandits","floor":21,"gold_loss":0},{"damage_healed":0,"gold_gain":0,"player_choice":"Inject Mutagens","damage_taken":0,"relics_obtained":["MutagenicStrength"],"max_hp_gain":0,"max_hp_loss":0,"event_name":"Drug Dealer","floor":22,"gold_loss":0}],"is_beta":false,"boss_relics":[{"not_picked":["Tiny House","Ectoplasm"],"picked":"Fusion Hammer"}],"items_purged_floors":[],"is_endless":false,"potions_floor_spawned":[16,21,24],"killed_by":"Book of Stabbing","ascension_level":20}}