{"host":"788p3pvxhs5s9n7p","time":1609867939,"event":{"mods":["AchievementEnabler","BaseMod","Downfall","Hubris","Minty Spire (QoL Compilation)","READ ME - Guardian Mod","Replay The Spire","StSLib","The Jungle"],"gold_per_floor":[119,44,55,55,74,74,109,109,109,109,109],"floor_reached":10,"playtime":430,"items_purged":["Defend_G"],"score":69,"play_id":"cec096c6-4466-4705-80b5-5b0db3f9ce5b","local_time":"20210105113219","is_ascension_mode":true,"campfire_choices":[{"data":"Choke","floor":6,"key":"SMITH"}],"circlet_count":0,"master_deck":["Strike_G","Strike_G","Strike_G","Strike_G","Defend_G","Defend_G","Defend_G","Defend_G","Survivor","Neutralize","Choke+1","Quick Slash","Hidden Blade","Dagger Spray","Acrobatics"],"relics":["Ring of the Snake","NeowsBlessing","hubris:Towel","Lantern","Quantum Egg"],"acts_visited":["Exordium"],"potions_floor_usage":[7,10],"damage_taken":[{"damage":0,"enemies":"2 Louse","floor":1,"turns":1},{"damage":0,"enemies":"Small Slimes","floor":3,"turns":1},{"damage":0,"enemies":"Cultist","floor":5,"turns":1},{"damage":29,"enemies":"3 Sentries","floor":7,"turns":8},{"damage":43,"enemies":"Gremlin Nob","floor":10,"turns":4}],"seed_played":"8259125493531221930","potions_obtained":[{"floor":1,"key":"Languid Potion"},{"floor":3,"key":"Fire Potion"}],"is_trial":false,"path_per_floor":["M","$","M","?","M","R","E","?","T","E"],"character_chosen":"THE_SILENT","items_purchased":[],"campfire_rested":0,"item_purchase_floors":[],"current_hp_per_floor":[70,70,70,70,70,70,41,41,41,0,0],"gold":109,"neow_bonus":"THREE_ENEMY_KILL","is_daily":false,"chose_seed":false,"campfire_upgraded":1,"win_rate":0.0,"timestamp":1609867939,"path_taken":["M","$","M","?","M","R","E","?","T","E"],"items_purchased_type":[],"build_version":"2020-12-22","purchased_purges":1,"victory":false,"max_hp_per_floor":[70,70,70,70,70,70,70,70,70,70,70],"card_choices":[{"not_picked":["Dodge and Roll","Prepared"],"picked":"Choke","floor":1},{"not_picked":["PiercingWail","Poisoned Stab"],"picked":"Quick Slash","floor":3},{"not_picked":["hubris:Counter","ReplayTheSpireMod:Speed Training"],"picked":"Hidden Blade","floor":5},{"not_picked":["Choke","ReplayTheSpireMod:Exploit Weakness"],"picked":"Dagger Spray","floor":7}],"player_experience":124677,"relics_obtained":[{"floor":7,"key":"Lantern"},{"floor":9,"key":"Quantum Egg"}],"event_choices":[{"damage_healed":0,"gold_gain":0,"cards_transformed":["Strike_G"],"player_choice":"Transformed","damage_taken":0,"max_hp_gain":0,"max_hp_loss":0,"event_name":"Transmorgrifier","floor":8,"gold_loss":0,"cards_obtained":["Acrobatics"]}],"is_beta":false,"boss_relics":[],"items_purged_floors":[2],"is_endless":false,"potions_floor_spawned":[1,3],"killed_by":"Gremlin Nob","ascension_level":1}}