{"host":"91blwi3hgehj6ch9","time":1609888277,"event":{"mods":["2.2 Compatiblity","AchievementEnabler","BaseMod","Colored Map","DeckTracker","Keyboard Shortcuts","Minty Spire (QoL Compilation)","Permanent Neow","Quick Restart","StSLib","SuperFastMode"],"gold_per_floor":[116,116,126,126,143,158,172,191,191,191,191,191,191,209,209,209,209],"floor_reached":16,"playtime":466,"items_purged":[],"score":146,"play_id":"2321a5a0-7ba1-489c-be0a-8dfbe54e0d02","local_time":"20210106081117","is_ascension_mode":true,"campfire_choices":[{"data":"Accuracy","floor":10,"key":"SMITH"},{"floor":15,"key":"REST"}],"circlet_count":0,"master_deck":["AscendersBane","Strike_G","Strike_G","Defend_G","Defend_G+1","Defend_G+1","Defend_G","Survivor","Neutralize","Accuracy+1","Cloak And Dagger","Cloak And Dagger","Acrobatics","PiercingWail","Acrobatics"],"relics":["Ring of the Snake","Molten Egg 2"],"acts_visited":["Exordium"],"potions_floor_usage":[16],"damage_taken":[{"damage":18,"enemies":"Jaw Worm","floor":1,"turns":6},{"damage":1,"enemies":"Small Slimes","floor":3,"turns":4},{"damage":0,"enemies":"Cultist","floor":5,"turns":3},{"damage":9,"enemies":"Exordium Thugs","floor":6,"turns":6},{"damage":2,"enemies":"Looter","floor":7,"turns":5},{"damage":11,"enemies":"Exordium Wildlife","floor":8,"turns":5},{"damage":0,"enemies":"Lots of Slimes","floor":14,"turns":8},{"damage":25,"enemies":"Hexaghost","floor":16,"turns":11}],"seed_played":"-7629522405689219946","potions_obtained":[{"floor":1,"key":"SteroidPotion"},{"floor":7,"key":"Weak Potion"}],"is_trial":false,"path_per_floor":["M","?","M","?","M","M","M","M","T","R","?","?","?","M","R","B"],"character_chosen":"THE_SILENT","items_purchased":[],"campfire_rested":1,"item_purchase_floors":[],"current_hp_per_floor":[45,45,44,44,44,35,33,22,22,22,15,1,1,1,22,0,0],"gold":209,"neow_bonus":"TRANSFORM_CARD","is_daily":false,"chose_seed":false,"campfire_upgraded":1,"win_rate":0.0,"timestamp":1609888277,"path_taken":["M","?","M","?","M","M","M","M","T","R","?","?","?","M","R","BOSS"],"items_purchased_type":[],"build_version":"2020-12-22","purchased_purges":0,"victory":false,"max_hp_per_floor":[70,70,70,70,70,70,70,70,70,70,70,70,70,70,70,70,70],"card_choices":[{"not_picked":["Dash","Acrobatics"],"picked":"Cloak And Dagger","floor":1},{"not_picked":["Flying Knee","Distraction","Slice"],"picked":"SKIP","floor":3},{"not_picked":["Noxious Fumes","Eviscerate"],"picked":"Cloak And Dagger","floor":5},{"not_picked":["Slice","Infinite Blades"],"picked":"Acrobatics","floor":6},{"not_picked":["Poisoned Stab","Dodge and Roll"],"picked":"PiercingWail","floor":7},{"not_picked":["Flying Knee","Bane","Sucker Punch"],"picked":"SKIP","floor":8},{"not_picked":["Prepared","Dodge and Roll"],"picked":"Acrobatics","floor":14}],"player_experience":87908,"relics_obtained":[{"floor":9,"key":"Molten Egg 2"}],"event_choices":[{"damage_healed":0,"gold_gain":0,"player_choice":"Ignored","damage_taken":0,"max_hp_gain":0,"max_hp_loss":0,"event_name":"Liars Game","floor":2,"gold_loss":0},{"cards_removed":["Strike_G"],"damage_healed":0,"gold_gain":0,"player_choice":"Forget","damage_taken":0,"max_hp_gain":0,"max_hp_loss":0,"event_name":"Living Wall","floor":4,"gold_loss":0},{"cards_removed":["Strike_G"],"damage_healed":0,"gold_gain":0,"player_choice":"Card Removal","damage_taken":7,"max_hp_gain":0,"max_hp_loss":0,"event_name":"Golden Wing","floor":11,"gold_loss":0},{"damage_healed":0,"gold_gain":0,"player_choice":"Entered Light","damage_taken":14,"max_hp_gain":0,"max_hp_loss":0,"event_name":"Shining Light","floor":12,"gold_loss":0,"cards_upgraded":["Defend_G","Defend_G"]},{"cards_removed":["Strike_G"],"damage_healed":0,"gold_gain":0,"player_choice":"Purged","damage_taken":0,"max_hp_gain":0,"max_hp_loss":0,"event_name":"Purifier","floor":13,"gold_loss":0}],"is_beta":false,"boss_relics":[],"items_purged_floors":[],"is_endless":false,"potions_floor_spawned":[1,7,14],"killed_by":"Hexaghost","ascension_level":11}}