{"host":"o5or1zybx7au40zl","time":1609881397,"event":{"mods":["Act Like it!","BaseMod","Better Third Choice","Conspire","Dota2Spire","Hubris","Minty Spire (QoL Compilation)","Replay The Spire","StSLib"],"gold_per_floor":[215,390,400,419,432,432,467,467,540,568,602,618,634,653,653,758,758,770,785,502,519,530,565,585,585,585,599,612,627,644,644,644],"floor_reached":31,"playtime":1020,"items_purged":["Doubt"],"score":352,"play_id":"e1429c50-4c7b-457a-b5b2-150edc9c4e04","local_time":"20210105221637","is_ascension_mode":false,"campfire_choices":[{"data":"Infinite Blades","floor":6,"key":"SMITH"},{"data":"Infinite Blades","floor":8,"key":"SMITH"},{"floor":15,"key":"REST"}],"circlet_count":0,"master_deck":["Strike_G","Strike_G","Strike_G","Strike_G","Strike_G","Defend_G","Defend_G","Defend_G","Defend_G","Defend_G","Survivor","Neutralize","Infinite Blades+1","Infinite Blades","Infinite Blades+1","Grand Finale","Pot Of Greed","Cloak And Dagger","Flying Knee","Infinite Blades","Atom Bomb","Crippling Poison+1","Blade Dance","Blur+1","Pot Of Greed","After Image","Atom Bomb","SpiritShield","ReplayTheSpireMod:Shiv Toss","Backstab"],"relics":["Replay:Wanted Poster","Dota2Spire:PowerTreads","hubris:SphereOfDissonance","Grinning Jar","Blood Vial","Replay:Bronze Core","Bronze Scales","White Beast Statue"],"acts_visited":["Exordium","TheCity"],"potions_floor_usage":[7,19,23,28,28,29,31,31],"damage_taken":[{"damage":10,"enemies":"Small Slimes","floor":1,"turns":9},{"damage":2,"enemies":"2 Louse","floor":3,"turns":3},{"damage":3,"enemies":"Jaw Worm","floor":4,"turns":5},{"damage":6,"enemies":"Lots of Slimes","floor":5,"turns":5},{"damage":10,"enemies":"3 Sentries","floor":7,"turns":8},{"damage":10,"enemies":"Lagavulin","floor":10,"turns":4},{"damage":8,"enemies":"conspire:MimicChest","floor":11,"turns":4},{"damage":10,"enemies":"Exordium Wildlife","floor":12,"turns":3},{"damage":3,"enemies":"conspire:2 RoseBushes","floor":13,"turns":4},{"damage":0,"enemies":"Exordium Thugs","floor":14,"turns":3},{"damage":0,"enemies":"Slime Boss","floor":16,"turns":3},{"damage":12,"enemies":"conspire:FuzzyDice","floor":18,"turns":4},{"damage":19,"enemies":"Shell Parasite","floor":19,"turns":4},{"damage":4,"enemies":"Snecko","floor":21,"turns":3},{"damage":0,"enemies":"Snake Plant","floor":22,"turns":1},{"damage":19,"enemies":"Gremlin Leader","floor":23,"turns":5},{"damage":13,"enemies":"Cultist and Chosen","floor":24,"turns":3},{"damage":0,"enemies":"Centurion and Healer","floor":27,"turns":4},{"damage":6,"enemies":"Snake Plant","floor":28,"turns":2},{"damage":0,"enemies":"3 Cultists","floor":29,"turns":4},{"damage":10,"enemies":"Centurion and Healer","floor":30,"turns":4},{"damage":7,"enemies":"Replay:Snechameleon","floor":31,"turns":1}],"seed_played":"-140761850472081079","potions_obtained":[{"floor":1,"key":"SkillPotion"},{"floor":3,"key":"LifebloodPotion"},{"floor":5,"key":"SpeedPotion"},{"floor":12,"key":"CunningPotion"},{"floor":22,"key":"FearPotion"},{"floor":23,"key":"LiquidBronze"},{"floor":27,"key":"Reflective Coating"},{"floor":28,"key":"AttackPotion"},{"floor":29,"key":"ColorlessPotion"},{"floor":30,"key":"Elixir"}],"is_trial":false,"path_per_floor":["M","?","M","M","M","R","E","R","T","E","?","M","M","M","R","B",null,"M","M","$","M","M","E","M","?","T","M","M","M","M","E"],"character_chosen":"THE_SILENT","items_purchased":["Bronze Scales","Blade Dance"],"campfire_rested":1,"item_purchase_floors":[20,20],"current_hp_per_floor":[60,60,58,55,49,49,39,39,39,29,21,13,12,14,35,37,70,58,41,41,39,41,24,13,13,13,15,11,13,5,0,0],"gold":644,"neow_bonus":"BOSS_RELIC","is_daily":false,"chose_seed":false,"campfire_upgraded":2,"win_rate":0.0,"timestamp":1609881397,"path_taken":["M","?","M","M","M","R","E","R","T","E","?","M","M","?","R","BOSS","M","M","$","M","M","E","?","?","T","M","M","M","M","E"],"items_purchased_type":["Relic","Card"],"build_version":"2020-12-22","purchased_purges":1,"victory":false,"max_hp_per_floor":[70,70,70,70,70,70,70,70,70,70,70,70,70,70,70,70,70,70,70,70,70,70,70,70,70,70,70,70,70,70,70,70],"card_choices":[{"not_picked":["Expertise","Sneak Up","hubris:TrickCloak"],"picked":"SKIP","floor":1},{"not_picked":["Finisher","Backflip"],"picked":"Infinite Blades","floor":3},{"not_picked":["Endless Agony","Caltrops"],"picked":"Infinite Blades","floor":4},{"not_picked":["Blur","Setup"],"picked":"Infinite Blades","floor":5},{"not_picked":["Poisoned Stab","Distraction"],"picked":"Grand Finale","floor":7},{"not_picked":["hubris:SlightOfHand","Noxious Fumes","Quick Slash"],"picked":"SKIP","floor":10},{"not_picked":["Dodge and Roll","Hidden Blade"],"picked":"Cloak And Dagger","floor":11},{"not_picked":["Underhanded Strike","Concentrate"],"picked":"Flying Knee","floor":12},{"not_picked":["Footwork","hubris:Counter"],"picked":"Infinite Blades","floor":13},{"not_picked":["Dodge and Roll","Endless Agony","Setup"],"picked":"SKIP","floor":14},{"not_picked":["ReplayTheSpireMod:From All Sides","Venomology"],"picked":"Atom Bomb","floor":16},{"not_picked":["Acrobatics","Prepared","Flechettes"],"picked":"SKIP","floor":18},{"not_picked":["Noxious Fumes","Escape Plan"],"picked":"Crippling Poison+1","floor":19},{"not_picked":["Sucker Punch+1","hubris:SlightOfHand"],"picked":"Blur+1","floor":21},{"not_picked":["Tactician","Deadly Poison"],"picked":"After Image","floor":22},{"not_picked":["Terror+1","Reflex"],"picked":"Atom Bomb","floor":23},{"not_picked":["Hidden Blade+1","Replay:Poison Smokescreen","conspire:DoublingDagger"],"picked":"SKIP","floor":24},{"not_picked":["Noxious Fumes","Acrobatics"],"picked":"ReplayTheSpireMod:Shiv Toss","floor":27},{"not_picked":["Prepared+1","Slice","Outmaneuver"],"picked":"SKIP","floor":28},{"not_picked":["Slice","Quick Slash+1","Hidden Blade"],"picked":"SKIP","floor":29},{"not_picked":["Quick Slash","hubris:SlightOfHand"],"picked":"Backstab","floor":30}],"player_experience":921920,"relics_obtained":[{"floor":7,"key":"Dota2Spire:PowerTreads"},{"floor":9,"key":"hubris:SphereOfDissonance"},{"floor":10,"key":"Grinning Jar"},{"floor":11,"key":"Blood Vial"},{"floor":23,"key":"White Beast Statue"}],"event_choices":[{"damage_healed":0,"gold_gain":175,"player_choice":"AGREE","damage_taken":215,"max_hp_gain":0,"max_hp_loss":0,"event_name":"betterThird:BetterSerpent","floor":2,"gold_loss":0},{"cards_removed":["Pot Of Greed"],"damage_healed":0,"gold_gain":0,"player_choice":"Took Card","damage_taken":0,"max_hp_gain":0,"max_hp_loss":0,"event_name":"NoteForYourself","floor":25,"gold_loss":0,"cards_obtained":["SpiritShield"]}],"is_beta":false,"boss_relics":[{"not_picked":["hubris:CrackedHourglass","Philosopher\u0027s Stone"],"picked":"Replay:Bronze Core"}],"items_purged_floors":[20],"is_endless":false,"potions_floor_spawned":[1,3,5,12,14,16,22,23,24,27,28,29,30],"killed_by":"Replay:Snechameleon","ascension_level":0}}