{"host":"sl4rf9j4s63ev6os","time":1609845335,"event":{"mods":["AchievementEnabler","BaseMod","Colored Map","Colored Powertips","DeckTracker","Minty Spire (QoL Compilation)","Relic Sorter"],"gold_per_floor":[117,217,69,89,105,125,158,158,183,183,213,213,213,213,213,213,213],"floor_reached":16,"playtime":693,"items_purged":[],"score":113,"play_id":"ae6b7693-7291-49f3-a515-c32fc26ee23a","local_time":"20210105211535","is_ascension_mode":true,"campfire_choices":[{"data":"BattleHymn","floor":10,"key":"SMITH"},{"floor":13,"key":"RECALL"},{"floor":15,"key":"REST"}],"circlet_count":0,"master_deck":["Strike_R","Strike_R","Strike_R","Strike_R","Strike_R","Defend_R","Defend_R","Defend_R","Defend_R","Bash","BattleHymn+1","Parasite"],"relics":["Burning Blood","NeowsBlessing","PrismaticShard","Pen Nib","Anchor","Juzu Bracelet"],"acts_visited":["Exordium"],"potions_floor_usage":[6,11,16,16],"damage_taken":[{"damage":0,"enemies":"2 Louse","floor":1,"turns":1},{"damage":0,"enemies":"Cultist","floor":4,"turns":1},{"damage":0,"enemies":"Small Slimes","floor":5,"turns":1},{"damage":55,"enemies":"Gremlin Gang","floor":6,"turns":8},{"damage":28,"enemies":"Gremlin Nob","floor":7,"turns":4},{"damage":8,"enemies":"Lagavulin","floor":11,"turns":6},{"damage":51,"enemies":"The Guardian","floor":16,"turns":9}],"seed_played":"454505684182353485","potions_obtained":[{"floor":4,"key":"DistilledChaos"},{"floor":6,"key":"SkillPotion"},{"floor":8,"key":"DistilledChaos"},{"floor":8,"key":"SteroidPotion"}],"is_trial":false,"path_per_floor":["M","?","$","M","M","M","E","?","T","R","E","?","R","?","R","B"],"character_chosen":"IRONCLAD","items_purchased":["PrismaticShard"],"campfire_rested":1,"item_purchase_floors":[3],"current_hp_per_floor":[80,80,80,80,80,31,9,9,9,9,7,7,7,27,51,0,0],"gold":213,"neow_bonus":"THREE_ENEMY_KILL","is_daily":false,"chose_seed":false,"campfire_upgraded":1,"win_rate":0.0,"timestamp":1609845335,"path_taken":["M","?","$","M","M","?","E","?","T","R","E","?","R","?","R","BOSS"],"items_purchased_type":["Relic"],"build_version":"2020-12-22","purchased_purges":0,"victory":false,"max_hp_per_floor":[80,80,80,80,80,80,80,80,80,80,80,80,80,80,80,80,80],"card_choices":[{"not_picked":["Clash","Pommel Strike","Warcry"],"picked":"SKIP","floor":1},{"not_picked":["Beam Cell","Blade Dance","Ball Lightning"],"picked":"SKIP","floor":4},{"not_picked":["Pommel Strike","Warcry"],"picked":"Capacitor","floor":5},{"not_picked":["Tantrum","Rebound"],"picked":"BattleHymn","floor":6},{"not_picked":["Offering","Flex","Clash"],"picked":"SKIP","floor":7},{"not_picked":["Apotheosis","Consecrate","Dodge and Roll"],"picked":"SKIP","floor":11}],"player_experience":178085,"relics_obtained":[{"floor":7,"key":"Pen Nib"},{"floor":9,"key":"Anchor"},{"floor":11,"key":"Juzu Bracelet"}],"event_choices":[{"damage_healed":0,"gold_gain":100,"player_choice":"Pray","damage_taken":0,"max_hp_gain":0,"max_hp_loss":0,"event_name":"Golden Shrine","floor":2,"gold_loss":0},{"damage_healed":0,"gold_gain":0,"player_choice":"Got Potions","damage_taken":0,"max_hp_gain":0,"max_hp_loss":0,"event_name":"Lab","floor":8,"gold_loss":0},{"cards_removed":["Capacitor"],"damage_healed":0,"gold_gain":0,"player_choice":"Purged","damage_taken":0,"max_hp_gain":0,"max_hp_loss":0,"event_name":"Purifier","floor":12,"gold_loss":0},{"damage_healed":20,"gold_gain":0,"player_choice":"Healed and dodged fight","damage_taken":0,"max_hp_gain":0,"max_hp_loss":0,"event_name":"Mushrooms","floor":14,"gold_loss":0,"cards_obtained":["Parasite"]}],"is_beta":false,"boss_relics":[],"items_purged_floors":[],"is_endless":false,"potions_floor_spawned":[4,6],"killed_by":"The Guardian","ascension_level":1}}