{"host":"1fn5ivlym87f4xjq","time":1609856862,"event":{"mods":["BaseMod","BetterRewards","Colored Powertips","Minty Spire (QoL Compilation)","Shop Mod","StSLib","The Animator","The Exalted","The Forsaken","The Hierophant"],"gold_per_floor":[123,143,178,278,309,484,514,514,514,70,84,97,113,137,137,232,232,250,266,266,266,266,266],"floor_reached":22,"playtime":1300,"items_purged":[],"score":213,"play_id":"f8da1393-5260-47d3-a54f-617ebb7e5747","local_time":"20210105152742","is_ascension_mode":false,"campfire_choices":[{"floor":8,"key":"RECALL"},{"data":"animator:Sebas","floor":15,"key":"SMITH"}],"circlet_count":0,"master_deck":["animator:Strike_NoGameNoLife","animator:Strike","animator:Strike","animator:Strike","animator:Defend","animator:Defend","animator:DolaSchwi","animator:DolaCouronne","animator:Sebas+1","animator:PandorasActor","animator:Mitsurugi","animator:IzunaHatsuse","Doubt","animator:ChlammyZell","animator:PandorasActor","animator:PandorasActor","animator:Evileye","animator:FielNirvalen","animator:Hans","animator:Jibril","animator:DolaSchwi","Necronomicurse"],"relics":["animator:LivingPicture","animator:TheMissingPiece","Letter Opener","Anchor","Bromod:ArcaneNullifier","TheAbacus","animator:CursedBlade","MutagenicStrength","Necronomicon"],"acts_visited":["Exordium","TheCity"],"potions_floor_usage":[13,14,19],"damage_taken":[{"damage":2,"enemies":"2 Louse","floor":1,"turns":2},{"damage":0,"enemies":"Jaw Worm","floor":2,"turns":5},{"damage":7,"enemies":"Cultist","floor":5,"turns":5},{"damage":29,"enemies":"3 Sentries","floor":7,"turns":9},{"damage":0,"enemies":"3 Louse","floor":11,"turns":1},{"damage":0,"enemies":"Looter","floor":12,"turns":3},{"damage":1,"enemies":"Exordium Thugs","floor":13,"turns":4},{"damage":1,"enemies":"Large Slime","floor":14,"turns":7},{"damage":20,"enemies":"Hexaghost","floor":16,"turns":11},{"damage":0,"enemies":"Chosen","floor":18,"turns":6},{"damage":35,"enemies":"Spheric Guardian","floor":19,"turns":9},{"damage":43,"enemies":"Cultist and Chosen","floor":22,"turns":4}],"seed_played":"1868830406265903581","potions_obtained":[{"floor":11,"key":"Energy Potion"},{"floor":12,"key":"AttackPotion"},{"floor":18,"key":"GamblersBrew"}],"is_trial":false,"path_per_floor":["M","M","?","?","M","?","E","R","T","$","M","M","M","M","R","B",null,"M","M","?","?","M"],"character_chosen":"THE_ANIMATOR","items_purchased":["Anchor","Bromod:ArcaneNullifier","TheAbacus"],"campfire_rested":0,"item_purchase_floors":[10,10,10],"current_hp_per_floor":[64,64,64,64,57,57,29,29,29,29,29,29,29,28,28,8,68,69,34,34,18,0,0],"gold":266,"neow_bonus":"TRANSFORM_CARD","is_daily":false,"chose_seed":false,"campfire_upgraded":1,"win_rate":0.0,"timestamp":1609856862,"path_taken":["M","M","?","?","?","?","E","R","T","$","M","M","M","M","R","BOSS","M","M","?","?","?"],"items_purchased_type":["Relic","Relic","Relic"],"build_version":"2020-12-22","purchased_purges":0,"victory":false,"max_hp_per_floor":[66,66,66,66,66,66,67,67,67,67,67,67,68,68,68,68,68,69,69,69,69,69,69],"card_choices":[{"not_picked":["animator:MumenRider","animator:OrikoMikuni"],"picked":"animator:PandorasActor","floor":1},{"not_picked":["animator:Demiurge","animator:Hakurou"],"picked":"animator:Mitsurugi","floor":2},{"not_picked":["animator:SuzuneAmano","animator:YuiTsuruno"],"picked":"animator:IzunaHatsuse","floor":5},{"not_picked":["animator:Tet","animator:DolaRiku"],"picked":"animator:ChlammyZell","floor":7},{"not_picked":["animator:IrohaTamaki","animator:LizardPriest"],"picked":"animator:PandorasActor","floor":11},{"not_picked":["animator:KyokoSakura","animator:CowGirl"],"picked":"animator:PandorasActor","floor":12},{"not_picked":["animator:OrikoMikuni","animator:Benimaru"],"picked":"animator:Evileye","floor":13},{"not_picked":["animator:Tet","animator:IzunaHatsuse"],"picked":"animator:FielNirvalen","floor":14},{"not_picked":["animator:Saitama","animator:SwordMaiden"],"picked":"animator:Hans","floor":16},{"not_picked":["animator:YachiyoNanami","animator:ChlammyZell"],"picked":"animator:Jibril","floor":18},{"not_picked":["animator:YunYun+1","animator:HighElfArcher"],"picked":"animator:DolaSchwi","floor":19}],"player_experience":104473,"relics_obtained":[{"floor":7,"key":"Letter Opener"},{"floor":21,"key":"Necronomicon"}],"event_choices":[{"damage_healed":0,"gold_gain":100,"player_choice":"Gold","damage_taken":0,"max_hp_gain":0,"max_hp_loss":0,"event_name":"Wheel of Change","floor":4,"gold_loss":0},{"damage_healed":0,"gold_gain":175,"player_choice":"AGREE","damage_taken":0,"max_hp_gain":0,"max_hp_loss":0,"event_name":"Liars Game","floor":6,"gold_loss":0,"cards_obtained":["Doubt"]},{"damage_healed":0,"gold_gain":0,"player_choice":"Inject Mutagens","damage_taken":0,"relics_obtained":["MutagenicStrength"],"max_hp_gain":0,"max_hp_loss":0,"event_name":"Drug Dealer","floor":20,"gold_loss":0},{"damage_healed":0,"gold_gain":0,"player_choice":"Obtained Book","damage_taken":16,"max_hp_gain":0,"max_hp_loss":0,"event_name":"Cursed Tome","floor":21,"gold_loss":0}],"is_beta":false,"boss_relics":[{"not_picked":["Black Star","Empty Cage"],"picked":"animator:CursedBlade"}],"items_purged_floors":[],"is_endless":false,"potions_floor_spawned":[11,12,18],"killed_by":"Cultist and Chosen","ascension_level":0}}