{"host":"m6aaltr68g9tvoay","time":1609844439,"event":{"mods":["AchievementEnabler","BaseMod","Colored Map","Minty Spire (QoL Compilation)","StSLib"],"gold_per_floor":[112,138,63,75,75,75,109,124,151,151,151,177,177,177,177,256,256,266,266,266],"floor_reached":19,"playtime":550,"items_purged":["Strike_R"],"score":329,"play_id":"f9ea6cc0-062e-4555-9979-1bc89960a70d","local_time":"20210105030039","is_ascension_mode":true,"campfire_choices":[{"data":"Twin Strike","floor":6,"key":"SMITH"},{"floor":11,"key":"REST"},{"data":"Flex","floor":15,"key":"SMITH"}],"circlet_count":0,"master_deck":["AscendersBane","Strike_R","Strike_R","Strike_R","Strike_R","Defend_R","Defend_R","Defend_R","Defend_R","Bash","Twin Strike+1","Iron Wave+1","Intimidate","Heavy Blade","Flex+1","Fiend Fire"],"relics":["Black Blood","Akabeko","Dead Branch","Ancient Tea Set","Bronze Scales","Blood Vial","MealTicket"],"acts_visited":["Exordium","TheCity"],"potions_floor_usage":[16,19,19],"damage_taken":[{"damage":6,"enemies":"Cultist","floor":1,"turns":3},{"damage":0,"enemies":"Small Slimes","floor":4,"turns":2},{"damage":42,"enemies":"Gremlin Nob","floor":7,"turns":5},{"damage":0,"enemies":"2 Louse","floor":8,"turns":2},{"damage":20,"enemies":"3 Sentries","floor":12,"turns":5},{"damage":45,"enemies":"Hexaghost","floor":16,"turns":9},{"damage":33,"enemies":"2 Thieves","floor":18,"turns":3},{"damage":30,"enemies":"Masked Bandits","floor":19,"turns":4}],"seed_played":"-2750672260275388252","potions_obtained":[{"floor":7,"key":"GamblersBrew"},{"floor":8,"key":"SkillPotion"},{"floor":18,"key":"Block Potion"}],"is_trial":false,"path_per_floor":["M","T","$","M","?","R","E","M","T","?","R","E","T","?","R","B",null,"M","?"],"character_chosen":"IRONCLAD","items_purchased":[],"campfire_rested":1,"item_purchase_floors":[],"current_hp_per_floor":[68,68,68,74,74,74,38,44,44,39,61,47,47,47,47,10,59,40,12,12],"gold":266,"neow_bonus":"THREE_CARDS","is_daily":false,"chose_seed":false,"campfire_upgraded":2,"win_rate":0.0,"timestamp":1609844439,"path_taken":["M","?","$","M","?","R","E","?","T","?","R","E","?","?","R","BOSS","M","?"],"items_purchased_type":[],"build_version":"2020-12-22","purchased_purges":1,"victory":false,"max_hp_per_floor":[75,75,75,75,75,75,75,75,75,75,75,75,75,75,75,75,75,75,75,75],"card_choices":[{"not_picked":["Thunderclap","Flex"],"picked":"Twin Strike","floor":0},{"not_picked":["Perfected Strike","Pommel Strike"],"picked":"Iron Wave","floor":1},{"not_picked":["Sever Soul","Wild Strike"],"picked":"Intimidate","floor":4},{"not_picked":["Flex","Perfected Strike"],"picked":"Heavy Blade","floor":7},{"not_picked":["Thunderclap","Sentinel","Armaments"],"picked":"SKIP","floor":8},{"not_picked":["Bloodletting","Perfected Strike"],"picked":"Flex","floor":12},{"not_picked":["Demon Form","Juggernaut"],"picked":"Fiend Fire","floor":16},{"not_picked":["Blood for Blood","Flex+1","Hemokinesis"],"picked":"SKIP","floor":18}],"player_experience":1341580,"relics_obtained":[{"floor":2,"key":"Akabeko"},{"floor":7,"key":"Dead Branch"},{"floor":9,"key":"Ancient Tea Set"},{"floor":12,"key":"Blood Vial"},{"floor":13,"key":"MealTicket"}],"event_choices":[{"damage_healed":0,"gold_gain":0,"player_choice":"Upgraded","damage_taken":0,"max_hp_gain":0,"max_hp_loss":0,"event_name":"Upgrade Shrine","floor":5,"gold_loss":0,"cards_upgraded":["Iron Wave"]},{"damage_healed":0,"gold_gain":0,"player_choice":"Success","damage_taken":5,"relics_obtained":["Bronze Scales"],"max_hp_gain":0,"max_hp_loss":0,"event_name":"Scrap Ooze","floor":10,"gold_loss":0},{"damage_healed":0,"gold_gain":0,"player_choice":"Ignored","damage_taken":0,"max_hp_gain":0,"max_hp_loss":0,"event_name":"Liars Game","floor":14,"gold_loss":0},{"damage_healed":0,"gold_gain":0,"player_choice":"Fought Bandits","damage_taken":0,"max_hp_gain":0,"max_hp_loss":0,"event_name":"Masked Bandits","floor":19,"gold_loss":0}],"is_beta":false,"boss_relics":[{"not_picked":["Calling Bell","Busted Crown"],"picked":"Black Blood"}],"items_purged_floors":[3],"is_endless":false,"potions_floor_spawned":[7,8,18],"killed_by":"Masked Bandits","ascension_level":18}}