{"host":"1a3cjta80tad0aqj","time":1609837401,"event":{"mods":["2.2 Compatiblity","AchievementEnabler","BaseMod","Colored Map","DeckTracker","KOR Keyword Fix","Keyboard Shortcuts","Minty Spire (QoL Compilation)","Permanent Neow","Quick Restart","Random Character Button","StSLib","SuperFastMode","everything is the same but u backflip on backflip"],"gold_per_floor":[110,35,55,69,69,69,69,88,88,100,111,111,125,138,138,241,241,252,269,285,384,309,343,343,357,357,357,374,394,119,135,135,233,233,244,254,271,271,298,298,311,330,330,345,345,345,345,365,365,365],"floor_reached":51,"playtime":3807,"items_purged":["Defend_G","Defend_G+1"],"score":669,"play_id":"f1b5d3ef-b854-4f54-8b10-6b276a082fa0","local_time":"20210105180321","is_ascension_mode":false,"campfire_choices":[{"data":"Underhanded Strike","floor":6.0,"key":"SMITH"},{"data":"Dagger Spray","floor":12.0,"key":"SMITH"},{"data":"Finisher","floor":15.0,"key":"SMITH"},{"floor":24.0,"key":"REST"},{"floor":32.0,"key":"REST"},{"floor":40.0,"key":"REST"},{"floor":45.0,"key":"REST"},{"floor":47.0,"key":"REST"},{"floor":49.0,"key":"REST"}],"circlet_count":0,"master_deck":["Strike_G+1","Strike_G+1","Strike_G+1","Strike_G+1","Defend_G+1","Defend_G+1","Survivor","Neutralize","Underhanded Strike+1","Dagger Spray+1","Flying Knee","Dagger Spray+1","Blade Dance","Blade Dance","Slice","Finisher+1","Burst","Distraction","Prepared+1","Cloak And Dagger+1","Well Laid Plans","Outmaneuver","Accuracy","Backstab","After Image","Accuracy+1","Blade Dance"],"relics":["Ring of the Snake","Question Card","WristBlade","White Beast Statue","Tiny Chest","Busted Crown","Toy Ornithopter","Kunai"],"acts_visited":["Exordium","TheCity","TheBeyond"],"potions_floor_usage":[50],"damage_taken":[{"damage":1.0,"enemies":"Cultist","floor":1.0,"turns":4.0},{"damage":1.0,"enemies":"Jaw Worm","floor":3.0,"turns":5.0},{"damage":0.0,"enemies":"2 Louse","floor":4.0,"turns":2.0},{"damage":2.0,"enemies":"Blue Slaver","floor":8.0,"turns":3.0},{"damage":0.0,"enemies":"2 Fungi Beasts","floor":10.0,"turns":2.0},{"damage":5.0,"enemies":"Looter","floor":11.0,"turns":3.0},{"damage":2.0,"enemies":"Blue Slaver","floor":13.0,"turns":3.0},{"damage":7.0,"enemies":"Large Slime","floor":14.0,"turns":4.0},{"damage":0.0,"enemies":"Slime Boss","floor":16.0,"turns":3.0},{"damage":0.0,"enemies":"Spheric Guardian","floor":18.0,"turns":1.0},{"damage":0.0,"enemies":"Shell Parasite","floor":19.0,"turns":1.0},{"damage":16.0,"enemies":"Cultist and Chosen","floor":20.0,"turns":4.0},{"damage":29.0,"enemies":"Gremlin Leader","floor":23.0,"turns":4.0},{"damage":0.0,"enemies":"Sentry and Sphere","floor":25.0,"turns":3.0},{"damage":22.0,"enemies":"Shelled Parasite and Fungi","floor":28.0,"turns":3.0},{"damage":0.0,"enemies":"Snecko","floor":29.0,"turns":3.0},{"damage":0.0,"enemies":"Chosen and Byrds","floor":31.0,"turns":1.0},{"damage":42.0,"enemies":"Automaton","floor":33.0,"turns":5.0},{"damage":5.0,"enemies":"Orb Walker","floor":35.0,"turns":3.0},{"damage":9.0,"enemies":"3 Darklings","floor":36.0,"turns":6.0},{"damage":17.0,"enemies":"Sphere and 2 Shapes","floor":37.0,"turns":4.0},{"damage":11.0,"enemies":"4 Shapes","floor":41.0,"turns":2.0},{"damage":12.0,"enemies":"Spire Growth","floor":42.0,"turns":3.0},{"damage":26.0,"enemies":"Writhing Mass","floor":44.0,"turns":4.0},{"damage":0.0,"enemies":"Jaw Worm Horde","floor":48.0,"turns":2.0},{"damage":74,"enemies":"Awakened One","floor":50,"turns":12}],"seed_played":"-8024148596150182821","potions_obtained":[{"floor":0.0,"key":"EssenceOfSteel"},{"floor":0.0,"key":"Weak Potion"},{"floor":0.0,"key":"LiquidMemories"},{"floor":1.0,"key":"SpeedPotion"},{"floor":3.0,"key":"DuplicationPotion"},{"floor":11.0,"key":"FearPotion"},{"floor":13.0,"key":"Energy Potion"},{"floor":16.0,"key":"Poison Potion"},{"floor":19.0,"key":"CunningPotion"},{"floor":20.0,"key":"SteroidPotion"},{"floor":25.0,"key":"Weak Potion"},{"floor":28.0,"key":"Ancient Potion"},{"floor":31.0,"key":"Strength Potion"},{"floor":33.0,"key":"Poison Potion"},{"floor":35.0,"key":"GhostInAJar"},{"floor":36.0,"key":"Weak Potion"},{"floor":37.0,"key":"Swift Potion"},{"floor":44.0,"key":"SmokeBomb"}],"is_trial":false,"path_per_floor":["M","$","M","M","?","R","?","M","T","M","M","R","M","M","R","B",null,"M","M","M","?","?","E","R","M","T","?","M","M","$","M","R","B",null,"M","M","M","?","T","R","M","M","T","M","R","?","R","M","R","B",null],"character_chosen":"THE_SILENT","items_purchased":["Accuracy","FairyPotion"],"campfire_rested":6,"item_purchase_floors":[30,30],"current_hp_per_floor":[69,69,68,68,68,68,68,66,66,66,61,61,59,52,52,52,70,70,70,54,54,54,25,46,46,46,46,24,24,24,24,45,3,70,65,56,39,39,39,60,49,37,37,11,32,32,53,53,70,22],"gold":365,"neow_bonus":"THREE_SMALL_POTIONS","is_daily":false,"chose_seed":false,"campfire_upgraded":3,"win_rate":0.0,"timestamp":1609837401,"path_taken":["M","$","M","?","?","R","?","M","T","M","M","R","M","M","R","BOSS","M","M","M","?","?","E","R","M","T","?","M","M","?","M","R","BOSS","M","M","M","?","?","R","M","M","T","?","R","?","R","M","R","BOSS"],"items_purchased_type":["Card","Potion"],"build_version":"2020-12-22","purchased_purges":2,"victory":true,"max_hp_per_floor":[70,70,70,70,70,70,70,70,70,70,70,70,70,70,70,70,70,70,70,70,70,70,70,70,70,70,70,70,70,70,70,70,70,70,70,70,70,70,70,70,70,70,70,70,70,70,70,70,70,70],"card_choices":[{"not_picked":["Accuracy","Flechettes"],"picked":"Underhanded Strike","floor":1.0},{"not_picked":["Outmaneuver","Calculated Gamble"],"picked":"Dagger Spray","floor":3.0},{"not_picked":["Backflip","Bane"],"picked":"Flying Knee","floor":4.0},{"not_picked":["Burst","Quick Slash"],"picked":"Dagger Spray","floor":8.0},{"not_picked":["Escape Plan","Dodge and Roll","Choke"],"picked":"Blade Dance","floor":10.0},{"not_picked":["All Out Attack","Blur","Well Laid Plans"],"picked":"Blade Dance","floor":11.0},{"not_picked":["Deadly Poison","Underhanded Strike","Malaise"],"picked":"Slice","floor":13.0},{"not_picked":["Flying Knee","Deadly Poison","Dagger Throw"],"picked":"Finisher","floor":14.0},{"not_picked":["Bullet Time","A Thousand Cuts","Corpse Explosion"],"picked":"Burst","floor":16.0},{"not_picked":["Skewer","Bane","Endless Agony"],"picked":"Distraction","floor":18.0},{"not_picked":["Sucker Punch","PiercingWail+1","All Out Attack","Quick Slash"],"picked":"SKIP","floor":19.0},{"not_picked":["Slice","Sucker Punch","Deflect","Poisoned Stab"],"picked":"SKIP","floor":20.0},{"not_picked":["Outmaneuver","Venomology","Finisher"],"picked":"Prepared+1","floor":23.0},{"not_picked":["PiercingWail+1","Endless Agony+1","All Out Attack"],"picked":"Cloak And Dagger+1","floor":25.0},{"not_picked":["Quick Slash","Masterful Stab","Flying Knee+1"],"picked":"Well Laid Plans","floor":28.0},{"not_picked":["Bouncing Flask","Masterful Stab","PiercingWail+1"],"picked":"Outmaneuver","floor":29.0},{"not_picked":["Malaise","Quick Slash","Slice+1"],"picked":"Backstab","floor":31.0},{"not_picked":["Die Die Die","Bullet Time","Envenom"],"picked":"After Image","floor":33.0},{"not_picked":["Dagger Throw+1","Noxious Fumes+1"],"picked":"SKIP","floor":35.0},{"not_picked":["Deflect","Endless Agony+1"],"picked":"SKIP","floor":36.0},{"not_picked":["Dagger Spray"],"picked":"Accuracy+1","floor":37.0},{"not_picked":["Sucker Punch+1","Flying Knee+1"],"picked":"SKIP","floor":41.0},{"not_picked":["PiercingWail+1"],"picked":"Blade Dance","floor":42.0},{"not_picked":["Dodge and Roll+1","Leg Sweep"],"picked":"SKIP","floor":44.0},{"not_picked":["Skewer+1","Infinite Blades"],"picked":"SKIP","floor":48.0}],"player_experience":124820,"relics_obtained":[{"floor":9.0,"key":"Question Card"},{"floor":23.0,"key":"White Beast Statue"},{"floor":26.0,"key":"Tiny Chest"},{"floor":39.0,"key":"Toy Ornithopter"},{"floor":43.0,"key":"Kunai"}],"event_choices":[{"damage_healed":0.0,"max_hp_gain":0.0,"max_hp_loss":0.0,"gold_gain":0.0,"event_name":"Living Wall","player_choice":"Grow","floor":5.0,"gold_loss":0.0,"damage_taken":0.0,"cards_upgraded":["Dagger Spray"]},{"damage_healed":0.0,"max_hp_gain":0.0,"max_hp_loss":0.0,"gold_gain":0.0,"event_name":"Shining Light","player_choice":"Ignored","floor":7.0,"gold_loss":0.0,"damage_taken":0.0},{"damage_healed":0.0,"max_hp_gain":0.0,"max_hp_loss":0.0,"gold_gain":99.0,"event_name":"Nest","player_choice":"Stole From Cult","floor":21.0,"gold_loss":0.0,"damage_taken":0.0},{"cards_removed":["Defend_G"],"damage_healed":0.0,"max_hp_gain":0.0,"max_hp_loss":0.0,"gold_gain":0.0,"event_name":"Beggar","player_choice":"Gave Gold","floor":22.0,"gold_loss":75.0,"damage_taken":0.0},{"damage_healed":0.0,"max_hp_gain":0.0,"max_hp_loss":0.0,"gold_gain":0.0,"event_name":"Back to Basics","player_choice":"Simplicity","floor":27.0,"gold_loss":0.0,"damage_taken":0.0,"cards_upgraded":["Strike_G","Strike_G","Strike_G","Strike_G","Strike_G","Defend_G","Defend_G","Defend_G"]},{"cards_removed":["Strike_G"],"damage_healed":0.0,"max_hp_gain":0.0,"max_hp_loss":0.0,"gold_gain":0.0,"event_name":"Falling","player_choice":"Removed Attack","floor":38.0,"gold_loss":0.0,"damage_taken":0.0},{"damage_healed":0.0,"max_hp_gain":0.0,"max_hp_loss":0.0,"gold_gain":0.0,"event_name":"SecretPortal","player_choice":"Ignored","floor":46.0,"gold_loss":0.0,"damage_taken":0.0}],"is_beta":false,"boss_relics":[{"not_picked":["Snecko Eye","Tiny House"],"picked":"WristBlade"},{"not_picked":["Runic Dome","Velvet Choker"],"picked":"Busted Crown"}],"items_purged_floors":[2,30],"is_endless":false,"potions_floor_spawned":[1,3,11,13,16,19,20,25,28,29,31,33,35,36,37,41,42,44,48],"ascension_level":0}}