{"host":"dcj2yvrgcvh5dl2s","time":1609832545,"event":{"mods":["BaseMod","Better Note","Block Reminder","Colored Powertips","DeckTracker","Minty Spire (QoL Compilation)","Quick Restart","Rare Cards Sparkle","Relic Stats","StSLib"],"gold_per_floor":[109,109,25,44,62,62,96,96,96,96,96,34,34,46,46,46,46],"floor_reached":16,"playtime":688,"items_purged":[],"score":191,"play_id":"98fdefe6-390d-4255-997a-2eca7fb96930","local_time":"20210105174225","is_ascension_mode":true,"campfire_choices":[{"data":"Flex","floor":6,"key":"SMITH"},{"data":"Shockwave","floor":11,"key":"SMITH"},{"floor":15,"key":"REST"}],"circlet_count":0,"master_deck":["AscendersBane","Strike_R","Strike_R","Strike_R","Strike_R","Strike_R+1","Defend_R+1","Defend_R","Defend_R","Defend_R","Bash","Chrysalis+1","Shrug It Off","Shrug It Off","Flex+1","Shockwave+1","Shockwave+1","Pommel Strike","Pummel","Cleave"],"relics":["Burning Blood","Gremlin Horn","The Courier"],"acts_visited":["Exordium"],"potions_floor_usage":[7,7],"damage_taken":[{"damage":7,"enemies":"Jaw Worm","floor":1,"turns":4},{"damage":4,"enemies":"Cultist","floor":4,"turns":5},{"damage":13,"enemies":"2 Louse","floor":5,"turns":3},{"damage":37,"enemies":"Lagavulin","floor":7,"turns":10},{"damage":8,"enemies":"Looter","floor":14,"turns":3},{"damage":53,"enemies":"The Guardian","floor":16,"turns":16}],"seed_played":"2046044735455445132","potions_obtained":[{"floor":1,"key":"Swift Potion"},{"floor":4,"key":"Energy Potion"}],"is_trial":false,"path_per_floor":["M","?","$","M","M","R","E","?","T","?","R","$","?","M","R","B"],"character_chosen":"IRONCLAD","items_purchased":["Shrug It Off","Flex","Pummel"],"campfire_rested":1,"item_purchase_floors":[3,3,12],"current_hp_per_floor":[67,67,67,68,61,61,30,52,52,52,52,52,32,30,50,0,0],"gold":46,"neow_bonus":"RANDOM_COLORLESS_2","is_daily":false,"chose_seed":false,"campfire_upgraded":2,"win_rate":0.0,"timestamp":1609832545,"path_taken":["M","?","$","M","?","R","E","?","T","?","R","$","?","M","R","BOSS"],"items_purchased_type":["Card","Card","Card"],"build_version":"2020-12-22","purchased_purges":0,"victory":false,"max_hp_per_floor":[68,68,68,68,68,68,68,68,68,68,68,68,68,68,68,68,68],"relic_stats":{"Gremlin Horn":[0,0],"counters":[6,41],"obtain_stats":[{"Gremlin Horn":7,"The Courier":9,"Burning Blood":0},{"Gremlin Horn":4,"The Courier":4,"Burning Blood":0},{"Gremlin Horn":22,"The Courier":22,"Burning Blood":0}],"Burning Blood":29},"card_choices":[{"not_picked":["Thinking Ahead","Transmutation"],"picked":"Chrysalis","floor":0},{"not_picked":["Rupture","Armaments"],"picked":"Shrug It Off","floor":1},{"not_picked":["Pommel Strike","True Grit"],"picked":"Shockwave","floor":4},{"not_picked":["Dual Wield","Havoc"],"picked":"Shockwave","floor":5},{"not_picked":["Carnage","Havoc"],"picked":"Pommel Strike","floor":7},{"not_picked":["Clothesline","Bloodletting"],"picked":"Cleave","floor":14}],"player_experience":2199988,"relics_obtained":[{"floor":7,"key":"Gremlin Horn"},{"floor":9,"key":"The Courier"}],"event_choices":[{"damage_healed":0,"gold_gain":0,"player_choice":"Upgraded","damage_taken":0,"max_hp_gain":0,"max_hp_loss":0,"event_name":"Upgrade Shrine","floor":2,"gold_loss":0,"cards_upgraded":["Chrysalis"]},{"damage_healed":22,"gold_gain":0,"player_choice":"Banana","damage_taken":0,"max_hp_gain":0,"max_hp_loss":0,"event_name":"Big Fish","floor":8,"gold_loss":0},{"damage_healed":0,"gold_gain":0,"player_choice":"Grow","damage_taken":0,"max_hp_gain":0,"max_hp_loss":0,"event_name":"Living Wall","floor":10,"gold_loss":0,"cards_upgraded":["Shockwave"]},{"damage_healed":0,"gold_gain":0,"player_choice":"Entered Light","damage_taken":20,"max_hp_gain":0,"max_hp_loss":0,"event_name":"Shining Light","floor":13,"gold_loss":0,"cards_upgraded":["Defend_R","Strike_R"]}],"is_beta":false,"boss_relics":[],"items_purged_floors":[],"is_endless":false,"potions_floor_spawned":[1,4],"killed_by":"The Guardian","ascension_level":19}}