{"host":"iyinq9z1nwwa1sts","time":1609860832,"event":{"mods":["BaseMod","Colored Map","Downfall","Minty Spire (QoL Compilation)","Replay The Spire","StSLib"],"gold_per_floor":[118,29,29,29,29,70,70,44,68,103,122,153,178,202,202,332,332,346,367,367,367,383,383,383],"floor_reached":23,"playtime":1112,"items_purged":[],"score":259,"play_id":"1d89d1b3-5a36-4c49-9aa3-ed5871901da4","local_time":"20210105233352","is_ascension_mode":false,"campfire_choices":[{"data":"Buffer","floor":7.0,"key":"SMITH"},{"floor":15,"key":"REST"}],"circlet_count":0,"master_deck":["Strike_B+1","Strike_B+1","Strike_B+1","Strike_B+1","Defend_B+1","Defend_B+1","Defend_B+1","Defend_B+1","Zap","Dualcast+1","Cold Snap","Replay:SS_fish_1+1","Injury","Regret","Buffer+1","Go for the Eyes","Coolheaded","Sweeping Beam","Echo Form","Stack","Core Surge","Creative AI","Glacier","Conserve Battery","Rebound"],"relics":["Cracked Core","NeowsBlessing","Golden Idol","Onion Ring","Pen Nib","War Paint","Darkstone Periapt","Bag of Marbles","Black Star","Lantern"],"acts_visited":["Exordium","TheCity"],"potions_floor_usage":[14,16,16,23],"damage_taken":[{"damage":0.0,"enemies":"Cultist","floor":1.0,"turns":1.0},{"damage":0.0,"enemies":"Lagavulin","floor":6.0,"turns":1.0},{"damage":0.0,"enemies":"3 Sentries","floor":10.0,"turns":2.0},{"damage":2.0,"enemies":"Jaw Worm","floor":11.0,"turns":4.0},{"damage":18.0,"enemies":"Gremlin Nob","floor":12.0,"turns":5.0},{"damage":8.0,"enemies":"Small Slimes","floor":13.0,"turns":4.0},{"damage":0,"enemies":"Exordium Wildlife","floor":14,"turns":2},{"damage":32,"enemies":"Hexaghost","floor":16,"turns":10},{"damage":25,"enemies":"Shell Parasite","floor":18,"turns":7},{"damage":27,"enemies":"3 Byrds","floor":19,"turns":6},{"damage":3,"enemies":"Snecko","floor":22,"turns":5},{"damage":27,"enemies":"Slavers","floor":23,"turns":3}],"seed_played":"7288698575449443600","potions_obtained":[{"floor":10.0,"key":"Toxic Potion"},{"floor":11.0,"key":"Strength Potion"},{"floor":12.0,"key":"DistilledChaos"},{"floor":16,"key":"DuplicationPotion"}],"is_trial":false,"path_per_floor":["M","$","?","?","?","E","R","$","T","E","M","E","M","M","R","B",null,"M","M","?","?","M","E"],"character_chosen":"DEFECT","items_purchased":["Replay:SS_fish_1","Go for the Eyes"],"campfire_rested":1,"item_purchase_floors":[2,8],"current_hp_per_floor":[75,75,75,75,60,60,60,60,60,60,58,40,32,32,54,22,75,50,23,23,23,20,0,0],"gold":383,"neow_bonus":"THREE_ENEMY_KILL","is_daily":false,"chose_seed":false,"campfire_upgraded":1,"win_rate":0.0,"timestamp":1609860832,"path_taken":["M","$","?","?","?","E","R","$","T","E","?","E","?","M","R","BOSS","M","M","?","?","M","E"],"items_purchased_type":["Card","Card"],"build_version":"2020-12-22","purchased_purges":0,"victory":false,"max_hp_per_floor":[75,75,75,75,75,75,75,75,75,75,75,75,75,75,75,75,75,75,75,75,75,75,75,75],"card_choices":[{"not_picked":["FTL","BootSequence"],"picked":"Cold Snap","floor":1.0},{"not_picked":["Panic Button","Leap"],"picked":"Buffer","floor":6.0},{"not_picked":["Gash","Go for the Eyes"],"picked":"Coolheaded","floor":10.0},{"not_picked":["Coolheaded","Hologram"],"picked":"Sweeping Beam","floor":11.0},{"not_picked":["Conserve Battery","Undo"],"picked":"Echo Form","floor":12.0},{"not_picked":["Skim","Hologram"],"picked":"Stack","floor":13},{"not_picked":["Go for the Eyes","Leap"],"picked":"Core Surge","floor":14},{"not_picked":["Rainbow","Meteor Strike"],"picked":"Creative AI","floor":16},{"not_picked":["Coolheaded","Cold Snap"],"picked":"Glacier","floor":18},{"not_picked":["Reprogram","Rebound"],"picked":"Conserve Battery","floor":19},{"not_picked":["Genetic Algorithm","Panic Button"],"picked":"Rebound","floor":22}],"player_experience":110090,"relics_obtained":[{"floor":6.0,"key":"Pen Nib"},{"floor":9.0,"key":"War Paint"},{"floor":10.0,"key":"Darkstone Periapt"},{"floor":12.0,"key":"Bag of Marbles"}],"event_choices":[{"damage_healed":0.0,"max_hp_gain":0.0,"max_hp_loss":0.0,"gold_gain":0.0,"event_name":"Golden Idol","player_choice":"Take Wound","floor":3.0,"gold_loss":0.0,"damage_taken":0.0,"relics_obtained":["Golden Idol"],"cards_obtained":["Injury"]},{"damage_healed":0.0,"max_hp_gain":0.0,"max_hp_loss":0.0,"gold_gain":0.0,"event_name":"Big Fish","player_choice":"Box","floor":4.0,"gold_loss":0.0,"damage_taken":0.0,"relics_obtained":["Onion Ring"],"cards_obtained":["Regret"]},{"damage_healed":0.0,"max_hp_gain":0.0,"max_hp_loss":0.0,"gold_gain":0.0,"event_name":"Shining Light","player_choice":"Entered Light","floor":5.0,"gold_loss":0.0,"damage_taken":15.0,"cards_upgraded":["Defend_B","Replay:SS_fish_1"]},{"damage_healed":0,"gold_gain":0,"player_choice":"Simplicity","damage_taken":0,"max_hp_gain":0,"max_hp_loss":0,"event_name":"Back to Basics","floor":20,"gold_loss":0,"cards_upgraded":["Strike_B","Strike_B","Strike_B","Strike_B","Defend_B","Defend_B"]}],"is_beta":false,"boss_relics":[{"not_picked":["Velvet Choker","Snecko Eye"],"picked":"Black Star"}],"items_purged_floors":[],"is_endless":false,"potions_floor_spawned":[10,11,12,13,16],"killed_by":"Slavers","ascension_level":0}}