{"host":"hw39lwcp0ma2fmrr","time":1609814711,"event":{"mods":["BaseMod","Minty Spire (QoL Compilation)"],"gold_per_floor":[118,138,148,162,162,162,194,206,206,222,222,233,245,271,271,271,271],"floor_reached":16,"playtime":1061,"items_purged":[],"score":162,"play_id":"0e7dd525-89b5-4099-8024-7fc637737628","local_time":"20210104204511","is_ascension_mode":true,"campfire_choices":[{"data":"Dash","floor":6,"key":"SMITH"},{"data":"Flechettes","floor":11,"key":"SMITH"},{"data":"Prepared","floor":15,"key":"SMITH"}],"circlet_count":0,"master_deck":["Strike_G","Strike_G","Strike_G","Strike_G","Defend_G","Defend_G","Defend_G","Defend_G","Defend_G","Survivor","Neutralize","Flechettes+1","Deadly Poison","Deadly Poison","Dash+1","Bane","Prepared+1","Calculated Gamble","Eviscerate","Backflip"],"relics":["Ring of the Snake","Bag of Marbles","Calipers","FossilizedHelix"],"acts_visited":["Exordium"],"potions_floor_usage":[7,16],"damage_taken":[{"damage":0,"enemies":"Small Slimes","floor":1,"turns":3},{"damage":1,"enemies":"Cultist","floor":2,"turns":4},{"damage":3,"enemies":"Jaw Worm","floor":3,"turns":3},{"damage":8,"enemies":"Blue Slaver","floor":4,"turns":4},{"damage":7,"enemies":"Lagavulin","floor":7,"turns":5},{"damage":7,"enemies":"3 Louse","floor":8,"turns":3},{"damage":1,"enemies":"2 Fungi Beasts","floor":10,"turns":3},{"damage":12,"enemies":"Lots of Slimes","floor":12,"turns":4},{"damage":3,"enemies":"3 Louse","floor":13,"turns":4},{"damage":9,"enemies":"3 Sentries","floor":14,"turns":7},{"damage":27,"enemies":"Slime Boss","floor":16,"turns":10}],"seed_played":"1513821715181543291","potions_obtained":[{"floor":1,"key":"FearPotion"},{"floor":4,"key":"Fruit Juice"},{"floor":7,"key":"SkillPotion"}],"is_trial":false,"path_per_floor":["M","M","M","M","?","R","E","M","T","M","R","M","M","E","R","B"],"character_chosen":"THE_SILENT","items_purchased":[],"campfire_rested":0,"item_purchase_floors":[],"current_hp_per_floor":[70,69,66,58,58,58,56,49,49,48,48,36,33,24,24,0,0],"gold":271,"neow_bonus":"TEN_PERCENT_HP_BONUS","is_daily":false,"chose_seed":false,"campfire_upgraded":3,"win_rate":0.0,"timestamp":1609814711,"path_taken":["M","M","M","M","?","R","E","M","T","M","R","M","?","E","R","BOSS"],"items_purchased_type":[],"build_version":"2020-12-22","purchased_purges":0,"victory":false,"max_hp_per_floor":[77,77,77,77,77,77,82,82,82,82,82,82,82,82,82,82,82],"card_choices":[{"not_picked":["Riddle With Holes","Cloak And Dagger"],"picked":"Flechettes","floor":1},{"not_picked":["Underhanded Strike","Backstab"],"picked":"Deadly Poison","floor":2},{"not_picked":["Flying Knee","Footwork"],"picked":"Deadly Poison","floor":3},{"not_picked":["Outmaneuver","Heel Hook","Quick Slash"],"picked":"SKIP","floor":4},{"not_picked":["Reflex","Endless Agony"],"picked":"Bane","floor":7},{"not_picked":["Accuracy","Leg Sweep"],"picked":"Prepared","floor":8},{"not_picked":["Quick Slash","Outmaneuver","Masterful Stab"],"picked":"SKIP","floor":10},{"not_picked":["Poisoned Stab","Dagger Throw"],"picked":"Calculated Gamble","floor":12},{"not_picked":["Deadly Poison","Endless Agony"],"picked":"Eviscerate","floor":13},{"not_picked":["Storm of Steel","Poisoned Stab"],"picked":"Backflip","floor":14}],"player_experience":307410,"relics_obtained":[{"floor":7,"key":"Bag of Marbles"},{"floor":9,"key":"Calipers"},{"floor":14,"key":"FossilizedHelix"}],"event_choices":[{"damage_healed":0,"gold_gain":0,"cards_transformed":["Strike_G"],"player_choice":"Transformed","damage_taken":0,"max_hp_gain":0,"max_hp_loss":0,"event_name":"Transmorgrifier","floor":5,"gold_loss":0,"cards_obtained":["Dash"]}],"is_beta":false,"boss_relics":[],"items_purged_floors":[],"is_endless":false,"potions_floor_spawned":[1,4,7],"killed_by":"Slime Boss","ascension_level":8}}