{"host":"2qv44oxt58ptq59r","time":1609875761,"event":{"mods":["AchievementEnabler","BaseMod","Colored Powertips","Highlight Path","Minty Spire (QoL Compilation)","Permanent Neow","StSLib"],"gold_per_floor":[112,187,187,207,207,238,252,252,252,271,295,295,311,325,325,428,428,441,454,1,1,1,1,11,11,11,11,27,27,27,38,38,142,142,157,157,3,13,13,13,28,28,28,42,42,142,142,158,158,158,158,158,6,31,31,31],"floor_reached":55,"playtime":19713,"items_purged":[],"score":667,"play_id":"5864ce64-be64-41a2-a399-4c0163ff039f","local_time":"20210105194241","is_ascension_mode":false,"campfire_choices":[{"floor":8.0,"key":"REST"},{"floor":12.0,"key":"REST"},{"floor":15.0,"key":"RECALL"},{"floor":23.0,"key":"REST"},{"data":"Bash","floor":25.0,"key":"SMITH"},{"floor":27.0,"key":"REST"},{"floor":32.0,"key":"REST"},{"data":"Uppercut","floor":40.0,"key":"SMITH"},{"data":"Reaper","floor":42.0,"key":"SMITH"},{"data":"Metallicize","floor":45.0,"key":"SMITH"},{"data":"Juggernaut","floor":47.0,"key":"SMITH"},{"floor":49,"key":"REST"},{"data":"Disarm","floor":52,"key":"SMITH"}],"circlet_count":0,"master_deck":["Strike_R","Strike_R+1","Defend_R","Defend_R","Defend_R","Defend_R","Bash+1","Heavy Blade","Headbutt+1","Carnage","Juggernaut+1","Feel No Pain","Feed","Uppercut+1","Disarm+1","Armaments+1","Reaper+1","Metallicize+1","Limit Break+1","Fire Breathing+1","Disarm+1","Exhume+1","Madness+1","Madness+1","Sword Boomerang+1","Power Through+1","Iron Wave"],"relics":["Burning Blood","White Beast Statue","Regal Pillow","Lizard Tail","Odd Mushroom","SlaversCollar","Toxic Egg 2","Self Forming Clay","Busted Crown","Lee\u0027s Waffle","Happy Flower","CaptainsWheel"],"acts_visited":["Exordium","TheCity","TheBeyond","TheEnding"],"potions_floor_usage":[50,54,55],"damage_taken":[{"damage":6.0,"enemies":"2 Louse","floor":1.0,"turns":3.0},{"damage":8.0,"enemies":"Jaw Worm","floor":4.0,"turns":3.0},{"damage":28.0,"enemies":"Gremlin Nob","floor":6.0,"turns":4.0},{"damage":0.0,"enemies":"Small Slimes","floor":7.0,"turns":3.0},{"damage":10.0,"enemies":"Looter","floor":10.0,"turns":3.0},{"damage":39.0,"enemies":"The Mushroom Lair","floor":11.0,"turns":5.0},{"damage":16.0,"enemies":"Large Slime","floor":13.0,"turns":5.0},{"damage":5.0,"enemies":"3 Louse","floor":14.0,"turns":3.0},{"damage":57.0,"enemies":"Slime Boss","floor":16.0,"turns":16.0},{"damage":31.0,"enemies":"Shell Parasite","floor":18.0,"turns":9.0},{"damage":35.0,"enemies":"Spheric Guardian","floor":19.0,"turns":6.0},{"damage":27.0,"enemies":"Snake Plant","floor":24.0,"turns":6.0},{"damage":79.0,"enemies":"3 Cultists","floor":28.0,"turns":8.0},{"damage":13.0,"enemies":"Colosseum Slavers","floor":30.0,"turns":7.0},{"damage":26.0,"enemies":"Sentry and Sphere","floor":31.0,"turns":7.0},{"damage":111.0,"enemies":"Automaton","floor":33.0,"turns":13.0},{"damage":23.0,"enemies":"Orb Walker","floor":35.0,"turns":5.0},{"damage":28.0,"enemies":"3 Darklings","floor":38.0,"turns":6.0},{"damage":14.0,"enemies":"4 Shapes","floor":41.0,"turns":6.0},{"damage":25.0,"enemies":"Writhing Mass","floor":44.0,"turns":8.0},{"damage":29,"enemies":"Sphere and 2 Shapes","floor":48,"turns":6},{"damage":46,"enemies":"Time Eater","floor":50,"turns":13},{"damage":134,"enemies":"Shield and Spear","floor":54,"turns":9},{"damage":46,"enemies":"The Heart","floor":55,"turns":4}],"seed_played":"-6946743268745079957","potions_obtained":[{"floor":6.0,"key":"Fruit Juice"},{"floor":7.0,"key":"SmokeBomb"},{"floor":10.0,"key":"PowerPotion"},{"floor":11.0,"key":"Dexterity Potion"},{"floor":13.0,"key":"Energy Potion"},{"floor":14.0,"key":"BlessingOfTheForge"},{"floor":16.0,"key":"GamblersBrew"},{"floor":18.0,"key":"GamblersBrew"},{"floor":19.0,"key":"Fruit Juice"},{"floor":24.0,"key":"FearPotion"},{"floor":31.0,"key":"GamblersBrew"},{"floor":33.0,"key":"AttackPotion"},{"floor":35.0,"key":"Swift Potion"},{"floor":38.0,"key":"SkillPotion"},{"floor":41.0,"key":"FairyPotion"},{"floor":44.0,"key":"ColorlessPotion"},{"floor":48,"key":"Swift Potion"},{"floor":54,"key":"PowerPotion"}],"is_trial":false,"path_per_floor":["M","?","?","M","T","E","M","R","T","M","?","R","M","M","R","B",null,"M","M","$","?","?","R","M","R","T","R","M","?","?","M","R","B",null,"M","?","$","M","?","R","M","R","T","M","R","?","R","M","R","B",null,"R","$","E","B"],"character_chosen":"IRONCLAD","items_purchased":["Toxic Egg 2","Reaper","ColorlessPotion","Lee\u0027s Waffle","Happy Flower"],"campfire_rested":6,"item_purchase_floors":[20,20,20,37,53],"current_hp_per_floor":[80,69,53,51,51,29,35,74,74,75,42,82,72,76,76,29,92,70,45,50,29,29,76,58,58,58,106,39,39,39,19,67,31,112,95,81,119,109,109,109,115,115,115,96,96,96,96,81,122,89,122,122,122,46,0,0],"gold":31,"neow_bonus":"THREE_CARDS","is_daily":false,"chose_seed":false,"campfire_upgraded":6,"win_rate":0.0,"timestamp":1609875761,"path_taken":["M","?","?","M","?","E","M","R","T","M","?","R","M","M","R","BOSS","M","M","$","?","?","R","M","R","T","R","M","?","?","M","R","BOSS","M","?","$","M","?","R","M","R","T","?","R","?","R","M","R","BOSS","R","$","E","BOSS"],"items_purchased_type":["Relic","Card","Potion","Relic","Relic"],"build_version":"2020-12-22","purchased_purges":0,"victory":false,"max_hp_per_floor":[80,80,80,80,80,80,80,80,80,85,85,85,85,88,88,92,92,95,99,104,109,109,109,112,112,112,112,112,112,112,112,112,112,112,112,112,119,119,119,119,119,119,119,119,119,119,119,122,122,122,122,122,122,126,126,126],"card_choices":[{"not_picked":["Thunderclap","Armaments"],"picked":"Heavy Blade","floor":0.0},{"not_picked":["Body Slam","Shrug It Off"],"picked":"Headbutt","floor":1.0},{"not_picked":["Combust","Sword Boomerang"],"picked":"Carnage","floor":4.0},{"not_picked":["Perfected Strike","Flex"],"picked":"Juggernaut","floor":6.0},{"not_picked":["Thunderclap","Wild Strike","Armaments"],"picked":"SKIP","floor":7.0},{"not_picked":["Iron Wave","Twin Strike"],"picked":"Feel No Pain","floor":10.0},{"not_picked":["Disarm","Perfected Strike"],"picked":"Feed","floor":11.0},{"not_picked":["Headbutt","Pommel Strike"],"picked":"Uppercut","floor":13.0},{"not_picked":["Havoc","Pommel Strike"],"picked":"Disarm","floor":14.0},{"not_picked":["Clash","Hemokinesis+1"],"picked":"Armaments+1","floor":18.0},{"not_picked":["Heavy Blade","Sword Boomerang","Clash"],"picked":"SKIP","floor":19.0},{"not_picked":["Carnage+1","Combust"],"picked":"Fire Breathing+1","floor":24.0},{"not_picked":["Cleave+1","Iron Wave"],"picked":"Disarm+1","floor":28.0},{"not_picked":["Dark Embrace","Hemokinesis","Carnage+1"],"picked":"SKIP","floor":31.0},{"not_picked":["Limit Break+1","Fiend Fire"],"picked":"Exhume+1","floor":33.0},{"not_picked":["Heavy Blade"],"picked":"SKIP","floor":35.0},{"not_picked":["Second Wind+1"],"picked":"SKIP","floor":38.0},{"not_picked":[],"picked":"Sword Boomerang+1","floor":41.0},{"not_picked":["Rupture"],"picked":"SKIP","floor":44.0},{"not_picked":[],"picked":"Power Through+1","floor":48},{"not_picked":[],"picked":"Iron Wave","floor":54}],"player_experience":5201345,"relics_obtained":[{"floor":5.0,"key":"White Beast Statue"},{"floor":6.0,"key":"Regal Pillow"},{"floor":9.0,"key":"Lizard Tail"},{"floor":11.0,"key":"Odd Mushroom"},{"floor":26.0,"key":"Self Forming Clay"},{"floor":54,"key":"CaptainsWheel"}],"event_choices":[{"damage_healed":0.0,"max_hp_gain":0.0,"max_hp_loss":0.0,"gold_gain":75.0,"event_name":"World of Goop","player_choice":"Gather Gold","floor":2.0,"gold_loss":0.0,"damage_taken":11.0},{"damage_healed":0.0,"max_hp_gain":0.0,"max_hp_loss":0.0,"gold_gain":0.0,"event_name":"Shining Light","player_choice":"Entered Light","floor":3.0,"gold_loss":0.0,"damage_taken":16.0,"cards_upgraded":["Headbutt","Strike_R"]},{"damage_healed":0.0,"max_hp_gain":0.0,"max_hp_loss":0.0,"gold_gain":0.0,"event_name":"Mushrooms","player_choice":"Fought Mushrooms","floor":11.0,"gold_loss":0.0,"damage_taken":0.0},{"damage_healed":0.0,"max_hp_gain":5.0,"max_hp_loss":0.0,"gold_gain":0.0,"event_name":"Forgotten Altar","player_choice":"Shed Blood","floor":21.0,"gold_loss":0.0,"damage_taken":26.0},{"damage_healed":0.0,"max_hp_gain":0.0,"max_hp_loss":0.0,"gold_gain":0.0,"cards_transformed":["Strike_R","Strike_R"],"event_name":"Drug Dealer","player_choice":"Became Test Subject","floor":22.0,"gold_loss":0.0,"damage_taken":0.0,"cards_obtained":["Metallicize","Limit Break"]},{"damage_healed":0.0,"max_hp_gain":0.0,"max_hp_loss":0.0,"gold_gain":0.0,"event_name":"Vampires","player_choice":"Ignored","floor":29.0,"gold_loss":0.0,"damage_taken":0.0},{"damage_healed":0.0,"max_hp_gain":0.0,"max_hp_loss":0.0,"gold_gain":0.0,"event_name":"Colosseum","player_choice":"Fight","floor":30.0,"gold_loss":0.0,"damage_taken":0.0},{"damage_healed":0.0,"max_hp_gain":0.0,"max_hp_loss":0.0,"gold_gain":0.0,"event_name":"Colosseum","player_choice":"Fled From Nobs","floor":30.0,"gold_loss":0.0,"damage_taken":0.0},{"damage_healed":0.0,"max_hp_gain":0.0,"max_hp_loss":0.0,"gold_gain":0.0,"event_name":"Winding Halls","player_choice":"Embrace Madness","floor":36.0,"gold_loss":0.0,"damage_taken":14.0,"cards_obtained":["Madness","Madness"]},{"cards_removed":["Strike_R"],"damage_healed":0.0,"max_hp_gain":0.0,"max_hp_loss":0.0,"gold_gain":0.0,"event_name":"Bonfire Elementals","player_choice":"Offered Basic","floor":39.0,"gold_loss":0.0,"damage_taken":0.0},{"damage_healed":0.0,"max_hp_gain":0.0,"max_hp_loss":0.0,"gold_gain":100.0,"event_name":"Golden Shrine","player_choice":"Pray","floor":46.0,"gold_loss":0.0,"damage_taken":0.0}],"is_beta":false,"boss_relics":[{"not_picked":["Philosopher\u0027s Stone","Runic Dome"],"picked":"SlaversCollar"},{"not_picked":["Black Star","Cursed Key"],"picked":"Busted Crown"}],"items_purged_floors":[],"is_endless":false,"potions_floor_spawned":[6,7,10,11,13,14,16,18,19,24,28,30,31,33,35,38,41,44,48,54],"killed_by":"The Heart","ascension_level":0}}