{"host":"yq9lr8gtbjek4ze8","time":1609822502,"event":{"mods":["Act Like it!","Arknights The Spire","BaseMod","CapriCore","Conspire","Friendly Minions","Gensokyo","GifTheSpireLib","Hallownest","Koishi","Marisa（F雨　魔理沙）","Mimic Mod","Minty Spire (QoL Compilation)","MostiFishMod","Pale of the Ancients","Quick Restart","Reimu（博丽灵梦）","Replay The Spire","StSLib","WarShipGirlsR/战舰少女R mod","Yakumo Yukari mod","【功能Mod】聪明的最终Boss"],"gold_per_floor":[118,68,68,80,80,113,113,142,142,159,172,182,59,75,102,204,204,214,214,230,330,27,62,62,74,111,111,11,11,11,28,28,124,124,142,158,177,187,62,94,94,94,125,125,136,136,166,254,254,254,254,254,68,102,102],"floor_reached":56,"playtime":2102,"items_purged":["Pain","ats:Strike S","ats:Defend"],"score":1812,"play_id":"7afce00d-30f0-4d84-9b16-5125146b3362","local_time":"20210105125502","is_ascension_mode":true,"campfire_choices":[{"floor":24.0,"key":"RECALL"},{"data":"ats:Strike V","floor":27.0,"key":"PURGE"},{"data":"ats:Defend","floor":32.0,"key":"PURGE"},{"data":"ats:Defend","floor":41.0,"key":"PURGE"},{"data":"ats:Leaping Hammer","floor":44.0,"key":"PURGE"},{"floor":49.0,"key":"DIG"},{"floor":52.0,"key":"DIG"}],"circlet_count":0,"master_deck":["ats:Strike C","ats:Armor Crushing Shot","ats:Defend","ats:Song Of Battle","ats:Roar Of Ursus","ats:Leaping Hammer","ats:Sunburst","ats:Flexible Camouflage","ats:Very Hot Blade","ats:Ignite+1","ats:Flexible Camouflage","ats:Shadow Assault+1","ats:Burning Ground","ats:Ignite+1","ats:Ignite","ats:Ignite","ats:Volcano+1","MostiFishMod:FrostNova","MostiFishMod:WinterMarkForm+1","ats:Guardian Obelisk","ats:Guardian Obelisk","ats:Volcano+1","ats:Soul Absorption","ats:Sunburst","ats:Ignite","ats:Very Hot Blade+1","Mayhem+1"],"relics":["ats:Sanity","DaveBox","PatriotShield","SynthV:TestCard","Gensokyo:Justice","ats:Originium","ats:Lavender","Gensokyo:LunaticRedEyes","ats:Industrial Water Cannon","Golden Egg","Bottled Lightning","TungstenRod","Incense Burner","BirthdayGift-Tetrahedron","BirthdayGift-Icosahedron","Peace Pipe","SynthV:C4","FrostBlade","Dream Catcher","Shovel","Replay:Bottled Snecko","Tea:ReiMu","ImprovedEquipment","CrazyTorch:ReiMu"],"acts_visited":["Gensokyo:Gensokyo","Gensokyo:Gensokyoer","Gensokyo:Gensokyoest","TheEnding"],"potions_floor_usage":[55],"damage_taken":[{"damage":0.0,"enemies":"Gensokyo:Gryphon","floor":1.0,"turns":2.0},{"damage":0.0,"enemies":"Gensokyo:2_Kodama","floor":4.0,"turns":2.0},{"damage":0.0,"enemies":"Gensokyo:Cirno","floor":6.0,"turns":6.0},{"damage":4.0,"enemies":"Gensokyo:Aya","floor":8.0,"turns":3.0},{"damage":2.0,"enemies":"Gensokyo:3_Fairies","floor":10.0,"turns":3.0},{"damage":0.0,"enemies":"Gensokyo:2_Rabbits","floor":11.0,"turns":2.0},{"damage":2.0,"enemies":"Gensokyo:3_Kodama","floor":12.0,"turns":2.0},{"damage":0.0,"enemies":"Gensokyo:VengefulSpirit","floor":14.0,"turns":2.0},{"damage":0.0,"enemies":"conspire:MimicChest","floor":15.0,"turns":3.0},{"damage":0.0,"enemies":"Gensokyo:Kokoro","floor":16.0,"turns":6.0},{"damage":5.0,"enemies":"Gensokyo:AngelMirror","floor":18.0,"turns":3.0},{"damage":0.0,"enemies":"Gensokyo:3_Dogs","floor":20.0,"turns":2.0},{"damage":0.0,"enemies":"Gensokyo:3_Dogs","floor":21.0,"turns":5.0},{"damage":0.0,"enemies":"Gensokyo:Reisen","floor":23.0,"turns":2.0},{"damage":0.0,"enemies":"Gensokyo:Swordslinger","floor":25.0,"turns":2.0},{"damage":0.0,"enemies":"Gensokyo:Wraith","floor":26.0,"turns":2.0},{"damage":0.0,"enemies":"Gensokyo:Wraith","floor":31.0,"turns":3.0},{"damage":0.0,"enemies":"Gensokyo:Kaguya","floor":33.0,"turns":4.0},{"damage":0.0,"enemies":"Gensokyo:3_Bats","floor":35.0,"turns":1.0},{"damage":0.0,"enemies":"Gensokyo:AncientGuardian","floor":36.0,"turns":2.0},{"damage":0.0,"enemies":"Gensokyo:AtlasGolem","floor":37.0,"turns":2.0},{"damage":0.0,"enemies":"Gensokyo:Sharpion","floor":38.0,"turns":1.0},{"damage":0.0,"enemies":"Gensokyo:Kasen","floor":40.0,"turns":3.0},{"damage":0.0,"enemies":"Gensokyo:4_Bats","floor":43.0,"turns":3.0},{"damage":0.0,"enemies":"Gensokyo:4_Bats","floor":45.0,"turns":1.0},{"damage":5.0,"enemies":"Gensokyo:Marisa","floor":47.0,"turns":3.0},{"damage":0.0,"enemies":"Gensokyo:Shinki","floor":50.0,"turns":6.0},{"damage":0.0,"enemies":"Shield and Spear","floor":54.0,"turns":2.0},{"damage":0,"enemies":"The Heart","floor":55,"turns":5}],"seed_played":"8729459026945356058","potions_obtained":[{"floor":4.0,"key":"Strength Potion"},{"floor":6.0,"key":"CultistPotion"},{"floor":10.0,"key":"Milkshake"},{"floor":20.0,"key":"Adrenaline Potion"},{"floor":25.0,"key":"Flashbang"},{"floor":47.0,"key":"ColorlessPotion"}],"is_trial":false,"path_per_floor":["M","?","$","M","?","E","?","E","T","M","M","M","$","M","R","B",null,"M","?","M","?","COS","E","R","M","MIM","R","$","?","T","M","R","B",null,"M","M","M","M","$","E","R","?","MIM","R","M","?","E","?","R","B",null,"R","$","E","B",null],"character_chosen":"DOCTOR_CLASS","items_purchased":["ats:Ignite","Mayhem"],"campfire_rested":0,"item_purchase_floors":[13,53],"current_hp_per_floor":[79,79,79,79,79,79,79,77,77,77,78,77,77,78,79,79,79,76,76,77,79,79,79,79,79,79,79,79,79,79,79,79,79,79,79,79,79,79,79,79,79,79,79,79,79,79,75,75,75,79,79,79,79,79,79],"gold":102,"neow_bonus":"TEN_PERCENT_HP_BONUS","is_daily":false,"chose_seed":false,"campfire_upgraded":0,"win_rate":0.0,"timestamp":1609822502,"path_taken":["M","?","$","?","?","E","?","E","T","M","M","M","?","?","R","BOSS","M","?","M","?","COS","E","R","M","MIM","R","?","?","?","M","R","BOSS","M","?","M","M","$","E","R","?","MIM","R","M","?","E","?","R","BOSS","R","$","E","BOSS"],"items_purchased_type":["Card","Card"],"build_version":"2020-12-22","purchased_purges":3,"victory":true,"max_hp_per_floor":[79,79,79,79,79,79,79,79,79,79,79,79,79,79,79,79,79,79,79,79,79,79,79,79,79,79,79,79,79,79,79,79,79,79,79,79,79,79,79,79,79,79,79,79,79,79,79,79,79,79,79,79,79,79,79],"card_choices":[{"not_picked":["ats:Powerful Strike","ats:Shell Defense"],"picked":"ats:Song Of Battle","floor":1.0},{"not_picked":[],"picked":"ats:Leaping Hammer","floor":2.0},{"not_picked":[],"picked":"ats:Roar Of Ursus","floor":2.0},{"not_picked":["ats:Cat Scratch","ats:Thermite Blade","ats:Poison Spread","ats:Closed Bolt Burst Fire"],"picked":"ats:Leaping Hammer","floor":4.0},{"not_picked":["ats:Song Of Battle","ats:Curse Doll","ats:Thermite Blade","ats:Explosion Area Strengthen"],"picked":"ats:Sunburst","floor":6.0},{"not_picked":["ats:Echo Reverb","ats:Rapid Magazine","ats:Demon Strength","ats:Blood Oath","ats:Charging Defense"],"picked":"SKIP","floor":8.0},{"not_picked":["ats:Leaping Hammer","ats:Magnetic Hammer","ats:Encircling Forest","ats:Childhood Dance","ats:Hammer On"],"picked":"SKIP","floor":10.0},{"not_picked":["ats:Cat Scratch","ats:Hammer On","ats:Curse Doll","ats:Red Shift"],"picked":"ats:Flexible Camouflage","floor":11.0},{"not_picked":["ats:Assault Order","ats:Leaping Hammer","ats:Encircling Forest","ats:Childhood Dance"],"picked":"ats:Very Hot Blade","floor":12.0},{"not_picked":["ats:Apocalypse","ats:Revitalization","ats:Charging Defense","ats:Curse Doll"],"picked":"ats:Flexible Camouflage","floor":14.0},{"not_picked":["ats:Soul Absorption","ats:LN2 Cannon","ats:Flexible Camouflage","ats:Hammer On"],"picked":"ats:Shadow Assault","floor":15.0},{"not_picked":["ats:Automatic Cover","ats:Curse Doll+1","ats:Childhood Dance","ats:Revitalization"],"picked":"ats:Burning Ground","floor":18.0},{"not_picked":["ats:Curse Doll","ats:Demon Strength","ats:Sword Rain","ats:Echo Reverb"],"picked":"ats:Ignite+1","floor":20.0},{"not_picked":["ats:LN2 Cannon","ats:Flexible Camouflage","ats:Hammer On","ats:Powerful Strike"],"picked":"ats:Ignite","floor":23.0},{"not_picked":["ats:Hammer On","ats:Shell Defense","ats:Cat Scratch","ats:Explosion Area Strengthen"],"picked":"ats:Ignite","floor":25.0},{"not_picked":["ats:Directed Diagnosis","ats:Poison Spread","ats:Beaten Up","ats:Revitalization+1","ats:Flexible Camouflage+1"],"picked":"SKIP","floor":31.0},{"not_picked":["ats:Soul Rend","ats:Disruption Kick","ats:Ambush","ats:Rat Pack"],"picked":"ats:Volcano","floor":33.0},{"not_picked":["ats:Hammer On+1","ats:Shadow Raid","ats:Explosion Area Strengthen+1","ats:Defend Order+1"],"picked":"ats:Guardian Obelisk","floor":35.0},{"not_picked":["ats:Shadow Raid+1","ats:Hammer On+1","ats:Composite Medical Shells","ats:Support Order"],"picked":"ats:Guardian Obelisk","floor":36.0},{"not_picked":["ats:Revitalization+1","ats:Assault Order+1","ats:Consecutive Shot Auto+1","ats:Cat Scratch+1","ats:Curse Doll+1"],"picked":"SKIP","floor":37.0},{"not_picked":["ats:Ignite","ats:LN2 Cannon+1","ats:Apocalypse","ats:Curse Doll"],"picked":"ats:Volcano","floor":38.0},{"not_picked":["ats:Counter Healing Mode+1","ats:Childhood Dance+1","ats:Overload+1","ats:Magnetic Hammer","ats:Revitalization"],"picked":"SKIP","floor":40.0},{"not_picked":["ats:Closed Bolt Burst Fire","ats:Childhood Dance","ats:Flexible Camouflage","ats:Powerful Strike+1"],"picked":"ats:Soul Absorption","floor":43.0},{"not_picked":["ats:Durian","ats:Poison Spread+1","ats:Directed Diagnosis+1","ats:Childhood Dance+1","ats:Flexible Camouflage"],"picked":"SKIP","floor":45.0},{"not_picked":["ats:Revitalization","ats:Mental Burst","ats:Composite Medical Shells+1","ats:Directed Diagnosis+1"],"picked":"ats:Sunburst","floor":47.0},{"not_picked":["ats:Powerful Strike+1","ats:Explosion Area Strengthen","ats:Counter Healing Mode+1","ats:Soul Rend"],"picked":"ats:Ignite","floor":48.0},{"not_picked":["ats:Curse Doll+1","ats:Flexible Camouflage+1","ats:Cat Scratch+1","ats:Song Of Battle"],"picked":"ats:Very Hot Blade+1","floor":48.0},{"not_picked":["ats:Encircling Forest","ats:Blood Oath","ats:Directed Diagnosis+1","ats:Consecutive Shot Auto+1","ats:Shell Defense"],"picked":"SKIP","floor":54.0}],"player_experience":141716,"relics_obtained":[{"floor":1.0,"key":"SynthV:TestCard"},{"floor":6.0,"key":"ats:Originium"},{"floor":6.0,"key":"ats:Lavender"},{"floor":8.0,"key":"ats:Originium"},{"floor":8.0,"key":"ats:Industrial Water Cannon"},{"floor":9.0,"key":"Golden Egg"},{"floor":15.0,"key":"Bottled Lightning"},{"floor":21.0,"key":"TungstenRod"},{"floor":21.0,"key":"Incense Burner"},{"floor":23.0,"key":"ats:Originium"},{"floor":23.0,"key":"Peace Pipe"},{"floor":30.0,"key":"SynthV:C4"},{"floor":40.0,"key":"Dream Catcher"},{"floor":43.0,"key":"Shovel"},{"floor":47.0,"key":"Replay:Bottled Snecko"},{"floor":49.0,"key":"Tea:ReiMu"},{"floor":52.0,"key":"ImprovedEquipment"},{"floor":54.0,"key":"CrazyTorch:ReiMu"}],"event_choices":[{"damage_healed":0.0,"max_hp_gain":0.0,"max_hp_loss":0.0,"gold_gain":0.0,"event_name":"conspire:Investor","player_choice":"Leave","floor":19.0,"gold_loss":0.0,"damage_taken":0.0}],"is_beta":false,"boss_relics":[{"not_picked":["ExusiaiGun","TimeKeys","Replay:Drink Me"]},{"not_picked":["Pandora\u0027s Box","Transparent"],"picked":"FrostBlade"}],"items_purged_floors":[13,28,39],"is_endless":false,"potions_floor_spawned":[4,6,10,11,16,20,25,31,35,36,47],"ascension_level":4}}