{"host":"d7qmn60fs48wu5y6","time":1609812261,"event":{"mods":["BaseMod","Downfall","Marisa????????","Minty Spire (QoL Compilation)","Shade Mod","StSLib","The Bug Knight","The Cursed","The Necromancer","The Servant 0.9.4"],"gold_per_floor":[119,119,131,231,248,281,281,306,306,306,340,340,372,395,395,493,493,512,15,16,31,47,80,80,108,108,124,124,124,157,183,183,183,183],"floor_reached":33,"playtime":1509,"items_purged":[],"score":399,"play_id":"52d640e3-2b89-4046-921c-87e350948fc9","local_time":"20210104180421","is_ascension_mode":true,"campfire_choices":[{"data":"Siphon_Strength","floor":7,"key":"SMITH"},{"data":"Epidemic","floor":10,"key":"SMITH"},{"data":"Violent_Necrosis","floor":15,"key":"SMITH"},{"floor":24,"key":"REST"},{"data":"Apotheosis","floor":32,"key":"SMITH"}],"circlet_count":0,"master_deck":["Strike_W","Strike_W","Defend_W","Defend_W","Defend_W","Defend_W","Negative_Energy_Arrows","Bone_Wall","Siphon_Strength+1","Stop_Heart","Epidemic+1","Negative_Energy_Shield","Blood_Curse+1","Violent_Necrosis+1","Pandemic","Cloudkill","Violent_Necrosis+1","Spectral_Armor","Negative_Energy_Shield","Apotheosis+1","Summon_Undead+1","Pandemic+1","Slay_Living","Stop_Heart","Stop_Heart+1"],"relics":["Vampire_Amulet","HornCleat","Dream Catcher","Singing Bowl","Turnip","Shuriken","Empty Cage","Membership Card","Eternal Feather","PreservedInsect","Centennial Puzzle","Tiny Chest","HollowMod:LifeEnderRelic","Frozen Egg 2","Red Mask"],"acts_visited":["Exordium","TheCity"],"potions_floor_usage":[13,18,22,23,31,33],"damage_taken":[{"damage":1,"enemies":"2 Louse","floor":1,"turns":3},{"damage":1,"enemies":"Cultist","floor":3,"turns":4},{"damage":0,"enemies":"Small Slimes","floor":5,"turns":3},{"damage":25,"enemies":"Gremlin Nob","floor":6,"turns":4},{"damage":9,"enemies":"3 Sentries","floor":8,"turns":5},{"damage":3,"enemies":"HollowMod:MossKnight","floor":11,"turns":6},{"damage":12,"enemies":"3 Sentries","floor":13,"turns":7},{"damage":3,"enemies":"The Guardian","floor":16,"turns":10},{"damage":5,"enemies":"Spheric Guardian","floor":18,"turns":4},{"damage":12,"enemies":"2 Thieves","floor":20,"turns":4},{"damage":19,"enemies":"Centurion and Healer","floor":21,"turns":8},{"damage":0,"enemies":"Sentry and Sphere","floor":22,"turns":5},{"damage":39,"enemies":"Slavers","floor":23,"turns":5},{"damage":11,"enemies":"Gremlin Leader","floor":25,"turns":5},{"damage":0,"enemies":"Snake Plant","floor":27,"turns":5},{"damage":13,"enemies":"Book of Stabbing","floor":30,"turns":6},{"damage":22,"enemies":"Masked Bandits","floor":31,"turns":6},{"damage":87,"enemies":"Collector","floor":33,"turns":7}],"seed_played":"4875189394535481685","potions_obtained":[{"floor":6,"key":"Swift Potion"},{"floor":11,"key":"Swift Potion"},{"floor":21,"key":"ColorlessPotion"},{"floor":22,"key":"Block Potion"},{"floor":27,"key":"hexamod:EctoCoolerPotion"},{"floor":31,"key":"champ:CounterPotion"}],"is_trial":false,"path_per_floor":["M","?","M","?","M","E","R","E","T","R","E","?","E","T","R","B",null,"M","$","M","M","M","E","R","E","T","M","?","?","E","?","R","B"],"character_chosen":"NECROMANCER","items_purchased":["Membership Card","Spectral_Armor","Eternal Feather","Negative_Energy_Shield","PreservedInsect","Apotheosis"],"campfire_rested":1,"item_purchase_floors":[19,19,19,19,19,19],"current_hp_per_floor":[75,80,80,80,80,57,57,54,54,54,55,55,51,51,51,50,82,79,79,71,58,64,31,69,64,64,66,66,66,57,41,56,0,0],"gold":183,"neow_bonus":"THREE_CARDS","is_daily":false,"chose_seed":false,"campfire_upgraded":4,"win_rate":0.0,"timestamp":1609812261,"path_taken":["M","?","M","?","?","E","R","E","T","R","E","?","E","?","R","BOSS","M","$","M","M","M","E","R","E","T","M","?","?","E","?","R","BOSS"],"items_purchased_type":["Relic","Card","Relic","Card","Relic","Card"],"build_version":"2020-12-22","purchased_purges":0,"victory":false,"max_hp_per_floor":[75,80,80,80,80,80,80,80,80,80,80,80,82,82,82,82,82,82,82,84,86,88,88,88,88,88,88,88,88,90,90,90,90,90],"card_choices":[{"not_picked":["Blood_Whip","Negative_Energy_Mist"],"picked":"Siphon_Strength","floor":0},{"not_picked":["Negative_Energy_Mist","Blood_Whip"],"picked":"Stop_Heart","floor":1},{"not_picked":["Scare","Shackles_Of_Pain"],"picked":"Epidemic","floor":3},{"not_picked":["Bone_Shift","Chill_Blood"],"picked":"Negative_Energy_Shield","floor":5},{"not_picked":["Corrupt","Negative_Energy_Bomb"],"picked":"Blood_Curse","floor":6},{"not_picked":["Acid_Javelin","Bone_Shift"],"picked":"Violent_Necrosis","floor":8},{"not_picked":["Summon_Lich","Negative_Energy_Shield"],"picked":"Pandemic","floor":11},{"not_picked":["Bones_to_Steel","Strike_from_Beyond","Death_Coil"],"picked":"Singing Bowl","floor":13},{"not_picked":["Negative_Energy_Bomb","Hellfire"],"picked":"Cloudkill","floor":16},{"not_picked":["Bone_Shift","Bones_to_Steel+1"],"picked":"Violent_Necrosis+1","floor":18},{"not_picked":["Chill_Blood","Blood_Curse","Blood_Whip"],"picked":"Singing Bowl","floor":20},{"not_picked":["Death_Coil","Exploit","Corrupt"],"picked":"Singing Bowl","floor":21},{"not_picked":["Bones_to_Steel","Chill_Blood","Blood_Curse+1"],"picked":"Singing Bowl","floor":22},{"not_picked":["Negative_Energy_Sphere","Blood_Whip"],"picked":"Summon_Undead+1","floor":23},{"not_picked":["Consume_Illness","Deaths_Shadow"],"picked":"Pandemic+1","floor":24},{"not_picked":["Strike_from_Beyond+1","Blood_Curse"],"picked":"Slay_Living","floor":25},{"not_picked":["Bone_Bullets","Grasp_Heart"],"picked":"Stop_Heart","floor":27},{"not_picked":["Deaths_Shadow+1","Strike_from_Beyond","Chill_Blood"],"picked":"Singing Bowl","floor":30},{"not_picked":["Shade_Step+1","Necrotic_Claws"],"picked":"Stop_Heart+1","floor":31}],"player_experience":917484,"relics_obtained":[{"floor":6,"key":"HornCleat"},{"floor":8,"key":"Dream Catcher"},{"floor":9,"key":"Singing Bowl"},{"floor":11,"key":"Turnip"},{"floor":13,"key":"Shuriken"},{"floor":23,"key":"Centennial Puzzle"},{"floor":25,"key":"Tiny Chest"},{"floor":26,"key":"HollowMod:LifeEnderRelic"},{"floor":30,"key":"Frozen Egg 2"},{"floor":31,"key":"Red Mask"}],"event_choices":[{"damage_healed":0,"gold_gain":0,"player_choice":"Donut","damage_taken":0,"max_hp_gain":5,"max_hp_loss":0,"event_name":"Big Fish","floor":2,"gold_loss":0},{"damage_healed":0,"gold_gain":100,"player_choice":"Pray","damage_taken":0,"max_hp_gain":0,"max_hp_loss":0,"event_name":"Golden Shrine","floor":4,"gold_loss":0},{"damage_healed":0,"gold_gain":0,"player_choice":"Grow","damage_taken":0,"max_hp_gain":0,"max_hp_loss":0,"event_name":"Living Wall","floor":12,"gold_loss":0,"cards_upgraded":["Blood_Curse"]},{"damage_healed":0,"gold_gain":0,"player_choice":"Ignored","damage_taken":0,"max_hp_gain":0,"max_hp_loss":0,"event_name":"Vampires","floor":29,"gold_loss":0},{"damage_healed":0,"gold_gain":0,"player_choice":"Fought Bandits","damage_taken":0,"max_hp_gain":0,"max_hp_loss":0,"event_name":"Masked Bandits","floor":31,"gold_loss":0}],"is_beta":false,"boss_relics":[{"not_picked":["SacredBark","Philosopher\u0027s Stone"],"picked":"Empty Cage"}],"items_purged_floors":[],"is_endless":false,"potions_floor_spawned":[6,11,21,22,27,31],"killed_by":"Collector","ascension_level":1}}