{"host":"esx1hwjnbftf3eqj","time":1609889550,"event":{"mods":["BaseMod","Colored Map","Minty Spire (QoL Compilation)","StSLib","The Jungle"],"gold_per_floor":[113,123,123,137,155,186,186,196,196,196,212,19,45,59,59,136,136,152,162,77,90,115,150,150,177,177,177,194,225,235,235,235,312,312,324,175,187,206,34,34,79,108,108,139,361,361,376,395,395,395],"floor_reached":51,"playtime":11433,"items_purged":["Strike_R","Strike_R"],"score":1264,"play_id":"db06987e-9136-4385-ae9b-d9924121f653","local_time":"20210105153230","is_ascension_mode":true,"campfire_choices":[{"data":"Bludgeon","floor":7.0,"key":"SMITH"},{"data":"Shockwave","floor":10.0,"key":"SMITH"},{"floor":15.0,"key":"REST"},{"floor":24.0,"key":"REST"},{"floor":27.0,"key":"REST"},{"floor":32.0,"key":"REST"},{"floor":40.0,"key":"REST"},{"floor":46,"key":"REST"},{"floor":49,"key":"REST"}],"circlet_count":0,"master_deck":["AscendersBane","Strike_R","Strike_R","Defend_R","Defend_R","Defend_R","Defend_R","Bash","Bludgeon+1","Rage","Shockwave+1","Shockwave","Pummel","Exhume","Dual Wield","Apotheosis","Offering","Berserk","Dark Embrace+1","Shrug It Off+1","Shrug It Off","Exhume","Metallicize","Offering","Apotheosis+1","Double Tap","Metallicize","Metallicize","Ghostly Armor+1","Whirlwind+1"],"relics":["Burning Blood","Sundial","Bottled Flame","Self Forming Clay","Singing Bowl","Velvet Choker","Vajra","Red Mask","Omamori","Pear","Matryoshka","Calipers","Snecko Eye","Ice Cream","Potion Belt","War Paint","Anchor","Bag of Preparation"],"acts_visited":["Exordium","TheCity","TheBeyond"],"potions_floor_usage":[50,50],"damage_taken":[{"damage":7.0,"enemies":"2 Louse","floor":1.0,"turns":3.0},{"damage":1.0,"enemies":"Jaw Worm","floor":2.0,"turns":2.0},{"damage":9.0,"enemies":"Small Slimes","floor":4.0,"turns":4.0},{"damage":20.0,"enemies":"3 Louse","floor":5.0,"turns":5.0},{"damage":19.0,"enemies":"3 Sentries","floor":6.0,"turns":5.0},{"damage":11.0,"enemies":"Gremlin Gang","floor":8.0,"turns":9.0},{"damage":8.0,"enemies":"Blue Slaver","floor":11.0,"turns":2.0},{"damage":19.0,"enemies":"Lagavulin","floor":13.0,"turns":7.0},{"damage":10.0,"enemies":"3 Louse","floor":14.0,"turns":3.0},{"damage":23.0,"enemies":"Hexaghost","floor":16.0,"turns":7.0},{"damage":10.0,"enemies":"Shell Parasite","floor":18.0,"turns":5.0},{"damage":28.0,"enemies":"2 Thieves","floor":19.0,"turns":4.0},{"damage":25.0,"enemies":"Snecko","floor":21.0,"turns":5.0},{"damage":15.0,"enemies":"Masked Bandits","floor":22.0,"turns":5.0},{"damage":12.0,"enemies":"Book of Stabbing","floor":23.0,"turns":5.0},{"damage":29.0,"enemies":"Gremlin Leader","floor":25.0,"turns":5.0},{"damage":11.0,"enemies":"Chosen and Byrds","floor":28.0,"turns":5.0},{"damage":35.0,"enemies":"Slavers","floor":29.0,"turns":9.0},{"damage":4.0,"enemies":"Centurion and Healer","floor":30.0,"turns":8.0},{"damage":47.0,"enemies":"Automaton","floor":33.0,"turns":9.0},{"damage":33.0,"enemies":"3 Darklings","floor":35.0,"turns":9.0},{"damage":11.0,"enemies":"3 Shapes","floor":37.0,"turns":5.0},{"damage":20.0,"enemies":"Sphere and 2 Shapes","floor":38.0,"turns":9.0},{"damage":22.0,"enemies":"2 Orb Walkers","floor":41.0,"turns":4.0},{"damage":27.0,"enemies":"Reptomancer","floor":42.0,"turns":8.0},{"damage":10.0,"enemies":"Nemesis","floor":44.0,"turns":9.0},{"damage":10,"enemies":"4 Shapes","floor":47,"turns":7},{"damage":18,"enemies":"Jaw Worm Horde","floor":48,"turns":6},{"damage":51,"enemies":"Donu and Deca","floor":50,"turns":8}],"seed_played":"2534986574420168091","potions_obtained":[{"floor":1.0,"key":"SteroidPotion"},{"floor":2.0,"key":"Swift Potion"},{"floor":6.0,"key":"GamblersBrew"},{"floor":16.0,"key":"FearPotion"},{"floor":18.0,"key":"EssenceOfSteel"},{"floor":21.0,"key":"Fruit Juice"},{"floor":23.0,"key":"LiquidMemories"},{"floor":30.0,"key":"DistilledChaos"},{"floor":33.0,"key":"LiquidBronze"},{"floor":35.0,"key":"BlessingOfTheForge"},{"floor":37.0,"key":"BloodPotion"},{"floor":47,"key":"Block Potion"}],"is_trial":false,"path_per_floor":["M","M","?","M","M","E","R","M","T","R","M","$","E","M","R","B",null,"M","M","?","M","?","E","R","E","T","R","M","E","M","?","R","B",null,"M","$","M","M","$","R","?","E","T","E","?","R","M","M","R","B",null],"character_chosen":"IRONCLAD","items_purchased":["Apotheosis","Metallicize","GamblersBrew"],"campfire_rested":7,"item_purchase_floors":[12,36,39],"current_hp_per_floor":[67,72,65,62,48,35,35,30,30,30,28,28,15,13,36,19,63,59,39,39,20,16,10,35,22,22,50,47,18,22,22,51,10,76,49,49,46,54,54,84,70,49,49,47,47,78,76,64,96,51],"gold":395,"neow_bonus":"TRANSFORM_CARD","is_daily":false,"chose_seed":false,"campfire_upgraded":2,"win_rate":0.0,"timestamp":1609889550,"path_taken":["M","M","?","M","M","E","R","M","T","R","M","$","E","M","R","BOSS","M","M","?","M","?","E","R","E","T","R","M","E","M","?","R","BOSS","M","$","M","?","$","R","?","E","T","E","?","R","M","M","R","BOSS"],"items_purchased_type":["Card","Card","Potion"],"build_version":"2020-12-22","purchased_purges":2,"victory":true,"max_hp_per_floor":[75,75,75,75,75,75,75,75,75,75,75,75,75,77,77,77,77,77,79,79,79,84,84,84,94,94,94,96,96,98,98,98,98,98,98,98,100,102,102,102,104,104,104,106,106,106,108,108,108,108],"card_choices":[{"not_picked":["Combust","Wild Strike"],"picked":"Rage","floor":1.0},{"not_picked":["Headbutt","Armaments"],"picked":"Shockwave","floor":2.0},{"not_picked":["Havoc","Cleave"],"picked":"Shockwave","floor":4.0},{"not_picked":["Perfected Strike","Thunderclap"],"picked":"Pummel","floor":5.0},{"not_picked":["Combust","Wild Strike"],"picked":"Exhume","floor":6.0},{"not_picked":["Spot Weakness","Clothesline","Hemokinesis"],"picked":"SKIP","floor":8.0},{"not_picked":["Heavy Blade","Havoc"],"picked":"Dual Wield","floor":11.0},{"not_picked":["Clothesline","Evolve"],"picked":"Offering","floor":13.0},{"not_picked":["Pummel","Dual Wield","Iron Wave"],"picked":"Singing Bowl","floor":14.0},{"not_picked":["Brutality","Immolate"],"picked":"Berserk","floor":16.0},{"not_picked":["Intimidate","Twin Strike"],"picked":"Dark Embrace+1","floor":18.0},{"not_picked":["Clash","Sever Soul","Dark Embrace"],"picked":"Singing Bowl","floor":19.0},{"not_picked":["Twin Strike","Rupture"],"picked":"Shrug It Off","floor":21.0},{"not_picked":["Clash","Warcry"],"picked":"Shrug It Off","floor":22.0},{"not_picked":["Thunderclap","Warcry+1"],"picked":"Exhume","floor":23.0},{"not_picked":["Clash","Sword Boomerang+1"],"picked":"Metallicize","floor":25.0},{"not_picked":["Pommel Strike","Armaments","Warcry"],"picked":"Singing Bowl","floor":28.0},{"not_picked":["Thunderclap","Shrug It Off"],"picked":"Offering","floor":29.0},{"not_picked":["Dual Wield","Headbutt","Heavy Blade"],"picked":"Singing Bowl","floor":30.0},{"not_picked":["Fiend Fire","Immolate"],"picked":"Double Tap","floor":33.0},{"not_picked":["True Grit","Blood for Blood"],"picked":"Metallicize","floor":35.0},{"not_picked":["Headbutt+1","Pommel Strike","Disarm"],"picked":"Singing Bowl","floor":37.0},{"not_picked":["Thunderclap","Wild Strike","Anger+1"],"picked":"Singing Bowl","floor":38.0},{"not_picked":["Flex","Inflame","Havoc"],"picked":"Singing Bowl","floor":41.0},{"not_picked":["Wild Strike","Corruption"],"picked":"Ghostly Armor+1","floor":42.0},{"not_picked":["Clothesline","Sever Soul+1","Body Slam"],"picked":"Singing Bowl","floor":44},{"not_picked":["Body Slam+1","Sever Soul+1","Sword Boomerang"],"picked":"Singing Bowl","floor":47},{"not_picked":["Rampage","Perfected Strike"],"picked":"Whirlwind+1","floor":48}],"player_experience":656351,"relics_obtained":[{"floor":6.0,"key":"Bottled Flame"},{"floor":9.0,"key":"Self Forming Clay"},{"floor":13.0,"key":"Singing Bowl"},{"floor":22.0,"key":"Red Mask"},{"floor":23.0,"key":"Omamori"},{"floor":25.0,"key":"Pear"},{"floor":26.0,"key":"Matryoshka"},{"floor":29.0,"key":"Calipers"},{"floor":41.0,"key":"Ice Cream"},{"floor":42.0,"key":"Potion Belt"},{"floor":43.0,"key":"War Paint"},{"floor":43.0,"key":"Anchor"},{"floor":44,"key":"Bag of Preparation"}],"event_choices":[{"damage_healed":0.0,"max_hp_gain":0.0,"max_hp_loss":0.0,"gold_gain":0.0,"event_name":"Scrap Ooze","player_choice":"Success","floor":3.0,"gold_loss":0.0,"damage_taken":7.0,"relics_obtained":["Sundial"]},{"damage_healed":0.0,"max_hp_gain":0.0,"max_hp_loss":0.0,"gold_gain":0.0,"event_name":"Addict","player_choice":"Obtained Relic","floor":20.0,"gold_loss":85.0,"damage_taken":0.0,"relics_obtained":["Vajra"]},{"damage_healed":0.0,"max_hp_gain":0.0,"max_hp_loss":0.0,"gold_gain":0.0,"event_name":"Masked Bandits","player_choice":"Fought Bandits","floor":22.0,"gold_loss":0.0,"damage_taken":0.0},{"damage_healed":0.0,"max_hp_gain":0.0,"max_hp_loss":0.0,"gold_gain":0.0,"event_name":"Duplicator","player_choice":"Copied","floor":31.0,"gold_loss":0.0,"damage_taken":0.0,"cards_obtained":["Apotheosis"]},{"damage_healed":0.0,"max_hp_gain":0.0,"max_hp_loss":0.0,"gold_gain":0.0,"event_name":"Mysterious Sphere","player_choice":"Fight","floor":41.0,"gold_loss":0.0,"damage_taken":0.0},{"damage_healed":0,"gold_gain":222,"player_choice":"Wore Mask","damage_taken":0,"max_hp_gain":0,"max_hp_loss":0,"event_name":"Tomb of Lord Red Mask","floor":45,"gold_loss":0}],"is_beta":false,"boss_relics":[{"not_picked":["Mark of Pain","Tiny House"],"picked":"Velvet Choker"},{"not_picked":["Busted Crown","Coffee Dripper"],"picked":"Snecko Eye"}],"items_purged_floors":[36,39],"is_endless":false,"potions_floor_spawned":[1,2,6,16,18,21,23,30,33,35,37,41,47],"ascension_level":14}}