{"host":"97feeoqujgl2pi7v","time":1609835274,"event":{"mods":["AchievementEnabler","Act Like it!","Aspiration","Bard","BaseMod","Better Third Choice","Colored Map","Colored Powertips","Conspire","DeckTracker","Downfall","Duelist Mod","Gensokyo","GifTheSpireLib","Gremlin Mod","Halation","Hallownest","Hermit","Hubris","Infinite Spire","Jorbs\u0027s Wanderer Trilogy","Koishi","Mad Scientist","Marisa（霧雨　魔理沙）","Minty Spire (QoL Compilation)","Rare Cards Sparkle","Reimu（博丽灵梦）","Replay The Spire","Robot Space Explorer","Shop Mod","StSLib","Td1madao Mod","The Administrix","The Animator","The Blackbeard","The Bladedancer","The Bug Knight","The Construct","The Cursed","The Disciple","The Dragon Tamer","The Marked","The Mystic","The Necromancer","The Runesmith","The Saiyan","The Senshi","The Servant 0.9.4","TheBandit","Yuri Mod"],"gold_per_floor":[118,132,132,132,132,167,195,226,226,252,268,294,294,314,314,419,419,430,390,409,409,409,438,462,478,478,498,498,202,253,308,308,449,449,504,576,36,89,130,193,193,252,252,252,315,368,451,451,451,612,612,668,484,484,529,577,577,577,653,653,653,725,786,553,631,631,761,761,831,855,417,460,514,575,575,638,638,725,791,873,973,1047,1047,1226,1226,1330,1428,828,903,982,1073,1073,1186,1186,1294,1423,1562,1562,1702,1702,1702,1702],"floor_reached":101,"playtime":12619,"items_purged":[],"score":2826,"play_id":"f3144cb4-f9c5-49f2-9c0c-ce739f6a2c95","local_time":"20210105032754","daily_mods":["Draft","Hoarder","Vintage","Heirloom","DeadlyEvents","Elite Swarm"],"is_ascension_mode":false,"campfire_choices":[{"floor":13.0,"key":"REST"},{"floor":15.0,"key":"REST"},{"floor":28.0,"key":"REST"},{"floor":41.0,"key":"REST"},{"data":"hubris:SlightOfHand","floor":44.0,"key":"PURGE"},{"floor":49.0,"key":"DIG"},{"data":"Doubt","floor":57.0,"key":"PURGE"},{"data":"Doubt","floor":61.0,"key":"PURGE"},{"data":"hubris:SlightOfHand","floor":66.0,"key":"PURGE"},{"data":"ReplayTheSpireMod:Speed Training","floor":75.0,"key":"PURGE"},{"data":"ReplayTheSpireMod:Speed Training","floor":83.0,"key":"PURGE"},{"data":"Bouncing Flask","floor":92.0,"key":"PURGE"},{"data":"Bouncing Flask","floor":98.0,"key":"PURGE"},{"data":"Bouncing Flask","floor":100.0,"key":"PURGE"}],"circlet_count":0,"master_deck":["Cloak And Dagger","Cloak And Dagger","Cloak And Dagger","Flying Knee","Flying Knee","Flying Knee","Backstab","Backflip","Backflip","Backflip","Infinite Blades","Infinite Blades","Infinite Blades","hubris:Sniper","hubris:Sniper","hubris:SlightOfHand","Cloak And Dagger","Cloak And Dagger","Cloak And Dagger","Footwork","Footwork","Footwork","Deflect","Deflect","Deflect","Noxious Fumes","Noxious Fumes","Noxious Fumes","Deadly Poison","Deadly Poison","Deadly Poison","Backflip","Backflip","Backflip","infinitespire:Neurotoxin","Envenom","Envenom","Envenom","Storm of Steel+1","Storm of Steel+1","Storm of Steel+1","Glass Knife","Glass Knife","Glass Knife","Burst","Burst","Burst","ReplayTheSpireMod:??????????????????????","ReplayTheSpireMod:??????????????????????","ReplayTheSpireMod:??????????????????????","Poison Darts+1","Poison Darts+1","Poison Darts+1","Replay:Bag of Tricks+1","Replay:Bag of Tricks+1","Replay:Bag of Tricks+1","Phantasmal Killer+1","Phantasmal Killer+1","Phantasmal Killer+1","Pot Of Greed","Pot Of Greed","Pot Of Greed","Pot Of Greed","Pot Of Greed","Pot Of Greed","Pot Of Greed","Pot Of Greed","Pot Of Greed","Pot Of Greed","Pot Of Greed","Pot Of Greed","Pot Of Greed","Pot Of Greed","Pot Of Greed","Pot Of Greed","Pot Of Greed","Pot Of Greed","Demon Form+1","Demon Form+1","Demon Form+1","AbeCurse","AbeCurse","Pot Of Greed","Pot Of Greed","Pot Of Greed","Accuracy+1","Accuracy+1","Accuracy+1","Juggernaut+1","Juggernaut+1","Juggernaut+1","infinitespire:SevenWalls+1","infinitespire:SevenWalls+1","infinitespire:SevenWalls+1","Double Tap+1","Double Tap+1","Double Tap+1","CurseOfTheBell","CurseOfTheBell","CurseOfTheBell","Gensokyo:BlemishedSteel","Gensokyo:BlemishedSteel","Gensokyo:BlemishedSteel","Gensokyo:Shovel","Offering+1","Offering+1","Offering+1","Barricade+1","Barricade+1","Barricade+1","hubris:DuctTapeCard"],"relics":["Ring of the Snake","infinitespire:CursedDice","Gremlin Horn","halation:AfternoonTea","Strawberry","Darkstone Periapt","Basket Of Snakes","hubris:SphereOfDissonance","Molten Egg 2","Quantum Egg","Question Card","infinitespire:PuzzleCube","Fusion Hammer","Golden Egg","ZunR:ReiMu","hubris:BottledRain","Medical Kit","hubris:HollowSoul","TungstenRod","Bag of Preparation","Letter Opener","construct:FoamFinger","Replay:Bandana","Happy Flower","MerchantsRug","Dream Catcher","infinitespire:EvilPickle","aspiration:IroncladSkillbook","Blue Candle","Pet Ghost","Bronze Scales","Sling","Thread and Needle","Pen Nib","Blood Vial","Replay:Mystery Machine","Peace Pipe","yuri:PortableGlitches","halation:Trompette","hubris:TenFootPole","hubris:Icosahedron","Abe\u0027s Treasure","hubris:ToyBattleship","Regal Pillow","ReplayTheSpireMod:Ring of Addiction","Ring of Fangs","hubris:EmptyBottle","SacredBark","Lantern","infinitespire:CheckeredPen","Mirror","aspiration:FetidBarrel","Orichalcum","aspiration:Lifesprig","halation:Sosunser","Tough Bandages","Calling Bell","Centennial Puzzle","Replay:PocketPolymizer","infinitespire:BottledMercury","ReplayTheSpireMod:Ninjato","HollowMod:PaleOreRelic","ClockworkSouvenir","aspiration:Nostalgia","Sizzling Blood","Bottled Lightning","halation:QuantumPhysicsTextbook","Oddly Smooth Stone","theSenshi:FeatherClipsRelic","Replay:Wax Seal","hubris:DuctTape","hexamod:BolsterEngine","Tiny Chest","FossilizedHelix","aspiration:VileToxins","Replay:Bottled Eggs","Eternal Feather","construct:ClawGrip","infinitespire:Lucky Rock","conspire:DecoderRing","halation:PenCase","Akabeko","halation:Jellyphish","Snake Skull","Omamori","Replay:Arrowhead","hubris:Teleporter","aspiration:SeaSaltIceCream","PureWater","ReplayTheSpireMod:TigerMarble","hubris:BundleOfHerbs","infinitespire:WardingShard","hubris:DeckOfHolding","Du-Vu Doll"],"acts_visited":["Exordium","TheCity","TheBeyond","Exordium","Gensokyo:Gensokyoer","Gensokyo:Gensokyoest"],"potions_floor_usage":[],"damage_taken":[{"damage":0.0,"enemies":"Small Slimes","floor":1.0,"turns":1.0},{"damage":0.0,"enemies":"Cultist","floor":2.0,"turns":2.0},{"damage":11.0,"enemies":"3 Sentries","floor":6.0,"turns":5.0},{"damage":16.0,"enemies":"Replay:BlueRogue","floor":7.0,"turns":4.0},{"damage":34.0,"enemies":"Gremlin Nob","floor":8.0,"turns":4.0},{"damage":0.0,"enemies":"HollowMod:MossKnight","floor":10.0,"turns":2.0},{"damage":0.0,"enemies":"Jaw Worm","floor":11.0,"turns":1.0},{"damage":0.0,"enemies":"Lagavulin","floor":12.0,"turns":2.0},{"damage":0.0,"enemies":"2 Fungi Beasts","floor":14.0,"turns":1.0},{"damage":12.0,"enemies":"The Guardian","floor":16.0,"turns":3.0},{"damage":0.0,"enemies":"Chosen","floor":18.0,"turns":1.0},{"damage":0.0,"enemies":"3 Byrds","floor":20.0,"turns":3.0},{"damage":5.0,"enemies":"theDuelist:KaibaA2","floor":23.0,"turns":4.0},{"damage":0.0,"enemies":"Centurion and Healer","floor":25.0,"turns":2.0},{"damage":0.0,"enemies":"Shelled Parasite and Fungi","floor":27.0,"turns":1.0},{"damage":0.0,"enemies":"Sentry and Sphere","floor":30.0,"turns":2.0},{"damage":0.0,"enemies":"Nightmare","floor":31.0,"turns":3.0},{"damage":4.0,"enemies":"Pondfish","floor":33.0,"turns":5.0},{"damage":0.0,"enemies":"Orb Walker","floor":35.0,"turns":1.0},{"damage":0.0,"enemies":"3 Shapes","floor":36.0,"turns":1.0},{"damage":1.0,"enemies":"Jaw Worm Horde","floor":38.0,"turns":2.0},{"damage":5.0,"enemies":"Spire Growth","floor":39.0,"turns":2.0},{"damage":0.0,"enemies":"Giant Head","floor":40.0,"turns":3.0},{"damage":0.0,"enemies":"HollowMod:StalkingDevout","floor":42.0,"turns":2.0},{"damage":1.0,"enemies":"Giant Head","floor":45.0,"turns":5.0},{"damage":0.0,"enemies":"3 Darklings","floor":46.0,"turns":2.0},{"damage":0.0,"enemies":"Transient","floor":47.0,"turns":5.0},{"damage":22.0,"enemies":"hubris:GrandSnecko","floor":50.0,"turns":4.0},{"damage":0.0,"enemies":"Cultist","floor":52.0,"turns":1.0},{"damage":0.0,"enemies":"conspire:RoseBush","floor":55.0,"turns":1.0},{"damage":0.0,"enemies":"2 Louse","floor":56.0,"turns":1.0},{"damage":0.0,"enemies":"3 Sentries","floor":59.0,"turns":2.0},{"damage":0.0,"enemies":"Lagavulin","floor":62.0,"turns":2.0},{"damage":0.0,"enemies":"Blue Slaver","floor":63.0,"turns":1.0},{"damage":0.0,"enemies":"Gremlin Nob","floor":65.0,"turns":1.0},{"damage":0.0,"enemies":"Fading Forest","floor":67.0,"turns":5.0},{"damage":3.0,"enemies":"Gensokyo:AngelMirror","floor":69.0,"turns":1.0},{"damage":0.0,"enemies":"conspire:MimicChest","floor":70.0,"turns":2.0},{"damage":0.0,"enemies":"Gensokyo:CosmicMonolith","floor":72.0,"turns":1.0},{"damage":0.0,"enemies":"Gensokyo:Chomper_and_Gloop","floor":73.0,"turns":1.0},{"damage":0.0,"enemies":"Gensokyo:Tenshi","floor":74.0,"turns":1.0},{"damage":0.0,"enemies":"Gensokyo:Koishi","floor":76.0,"turns":2.0},{"damage":0.0,"enemies":"Gensokyo:Reisen","floor":78.0,"turns":1.0},{"damage":0.0,"enemies":"Gensokyo:Slime_Group","floor":79.0,"turns":1.0},{"damage":0.0,"enemies":"Gensokyo:Tenshi","floor":80.0,"turns":1.0},{"damage":0.0,"enemies":"Gensokyo:Koishi","floor":81.0,"turns":1.0},{"damage":0.0,"enemies":"Gensokyo:3_Gloops","floor":82.0,"turns":1.0},{"damage":0.0,"enemies":"Gensokyo:Eternal_Rivals","floor":84.0,"turns":2.0},{"damage":0.0,"enemies":"Gensokyo:AncientGuardian","floor":86.0,"turns":1.0},{"damage":0.0,"enemies":"Gensokyo:3_Bats","floor":87.0,"turns":1.0},{"damage":0.0,"enemies":"Gensokyo:SeedOfUnknown","floor":89.0,"turns":1.0},{"damage":0.0,"enemies":"Gensokyo:4_Bats","floor":90.0,"turns":1.0},{"damage":0.0,"enemies":"Gensokyo:Doremy","floor":91.0,"turns":1.0},{"damage":0.0,"enemies":"Gensokyo:Kasen","floor":93.0,"turns":1.0},{"damage":0.0,"enemies":"Gensokyo:Doremy","floor":95.0,"turns":1.0},{"damage":0.0,"enemies":"Gensokyo:Kasen","floor":96.0,"turns":1.0},{"damage":0.0,"enemies":"Gensokyo:Marisa","floor":97.0,"turns":1.0},{"damage":0.0,"enemies":"Gensokyo:Doremy","floor":99.0,"turns":1.0},{"damage":0,"enemies":"Gensokyo:Shinki","floor":101,"turns":1}],"seed_played":"2217931315595733398","potions_obtained":[{"floor":2.0,"key":"Strength Potion"},{"floor":6.0,"key":"ColorlessPotion"},{"floor":7.0,"key":"Energy Potion"},{"floor":12.0,"key":"Fire Potion"},{"floor":14.0,"key":"infinitespire:BlackPotion"},{"floor":16.0,"key":"Guardian:BlockOnCardUsePotion"},{"floor":20.0,"key":"EssenceOfSteel"},{"floor":23.0,"key":"GrandPatriotsElixir:ReiMu"},{"floor":30.0,"key":"Doom Potion"},{"floor":32.0,"key":"AttackPotion"},{"floor":32.0,"key":"Adrenaline Potion"},{"floor":33.0,"key":"Fire Potion"},{"floor":35.0,"key":"FearPotion"},{"floor":36.0,"key":"Fire Potion"},{"floor":40.0,"key":"Strength Potion"},{"floor":42.0,"key":"hexamod:EctoCoolerPotion"},{"floor":47.0,"key":"Energy Potion"},{"floor":52.0,"key":"SpeedPotion"},{"floor":54.0,"key":"DistilledChaos"},{"floor":54.0,"key":"Poison Potion"},{"floor":54.0,"key":"GrandPatriotsElixir:ReiMu"},{"floor":55.0,"key":"ColorlessPotion"},{"floor":62.0,"key":"champ:CounterPotion"},{"floor":67.0,"key":"Adrenaline Potion"},{"floor":74.0,"key":"Slimebound:ThreeZeroPotion"},{"floor":91.0,"key":"LifebloodPotion"},{"floor":93.0,"key":"Adrenaline Potion"},{"floor":96.0,"key":"Weak Potion"}],"is_trial":true,"path_per_floor":["M","M","?","?","$","E","E","E","T","E","M","E","R","M","R","B",null,"M","?","M","AVR","?","E","T","M","T","M","R","$","M","NM","R_BF","B",null,"M","M","$","M","M","E","R","E","T","R","E","M","M","?","R_BF","B",null,"M","$","?","M","M","R","?","E","T","R","E","M","$","E","R","B",null,"M","?","COS","M","M","E","R","E","T","E","M","E","E","M","R","B",null,"M","M","$","M","M","E","R","E","T","E","E","E","R","E","R","B"],"character_chosen":"THE_SILENT","items_purchased":["Happy Flower","MerchantsRug","Bronze Scales","Sling","Thread and Needle","Regal Pillow","Accuracy","aspiration:Lifesprig","halation:Sosunser","halation:PenCase","Akabeko","halation:Jellyphish"],"campfire_rested":4,"item_purchase_floors":[29,29,37,37,37,53,53,64,64,88,88,88],"current_hp_per_floor":[70,70,70,70,70,66,50,16,16,16,16,16,39,39,62,59,77,77,77,77,77,63,58,58,58,58,58,82,82,82,82,82,78,82,82,82,82,82,81,82,82,82,82,82,82,82,82,82,82,64,100,100,100,118,118,118,118,116,116,116,116,116,114,114,114,112,112,130,130,130,132,132,132,130,130,130,128,128,128,126,126,126,124,124,124,124,124,122,122,122,120,120,120,118,118,118,116,116,116,116,116,116],"gold":1702,"neow_bonus":"","is_daily":false,"chose_seed":false,"campfire_upgraded":0,"win_rate":0.0,"timestamp":1609835274,"path_taken":["M","M","?","?","$","E","?","E","T","E","M","E","R","M","R","BOSS","M","?","M","AVR","?","E","?","M","T","?","R","$","M","NM","R_BF","BOSS","M","M","$","M","M","E","R","E","T","R","E","M","M","?","R_BF","BOSS","M","$","?","M","M","R","?","E","T","R","E","M","$","E","R","BOSS","M","?","COS","M","M","E","R","E","T","E","M","E","?","M","R","BOSS","M","M","$","M","M","E","R","E","T","E","E","E","R","E","R","BOSS"],"items_purchased_type":["Relic","Relic","Relic","Relic","Relic","Relic","Card","Relic","Relic","Relic","Relic","Relic"],"build_version":"2020-12-22","purchased_purges":0,"victory":false,"max_hp_per_floor":[70,70,70,70,70,77,77,77,77,77,77,77,77,77,77,77,77,77,77,77,77,82,82,82,82,82,82,82,82,82,82,82,82,82,82,82,82,82,82,82,82,82,82,82,82,82,82,82,82,82,100,100,100,118,118,118,118,116,116,116,116,116,114,114,114,112,112,130,130,130,132,132,132,130,130,130,128,128,128,126,126,126,124,124,124,124,124,122,122,122,120,120,120,118,118,118,116,116,116,116,116,116],"card_choices":[{"not_picked":["Flying Knee","Underhanded Strike"],"picked":"Cloak And Dagger","floor":0.0},{"not_picked":["hubris:SlightOfHand","hubris:Counter"],"picked":"Flying Knee","floor":0.0},{"not_picked":["Dodge and Roll","Leg Sweep"],"picked":"Bouncing Flask","floor":0.0},{"not_picked":["Blade Dance","Replay:Poison Smokescreen"],"picked":"Backstab","floor":0.0},{"not_picked":["Hidden Blade","Flechettes"],"picked":"Backflip","floor":0.0},{"not_picked":["Heel Hook","Backflip"],"picked":"ReplayTheSpireMod:Speed Training","floor":0.0},{"not_picked":["Backflip","Bane"],"picked":"Infinite Blades","floor":0.0},{"not_picked":["Hidden Blade","Cloak And Dagger"],"picked":"hubris:Sniper","floor":0.0},{"not_picked":["Outmaneuver","Tactician"],"picked":"hubris:SlightOfHand","floor":0.0},{"not_picked":["Finisher","Expertise"],"picked":"Cloak And Dagger","floor":0.0},{"not_picked":["Deadly Poison","ReplayTheSpireMod:Speed Training"],"picked":"Footwork","floor":0.0},{"not_picked":["Prepared","Choke"],"picked":"Deflect","floor":0.0},{"not_picked":["conspire:DoublingDagger","Eviscerate"],"picked":"Noxious Fumes","floor":0.0},{"not_picked":["Dagger Throw","Acrobatics"],"picked":"Deadly Poison","floor":0.0},{"not_picked":["Quick Slash","hubris:SlightOfHand"],"picked":"Backflip","floor":0.0},{"not_picked":["Malaise","ReplayTheSpireMod:Necrosis"],"picked":"infinitespire:Neurotoxin","floor":6.0},{"not_picked":["A Thousand Cuts","Atom Bomb"],"picked":"Envenom","floor":7.0},{"not_picked":["Night Terror","Unload"],"picked":"Storm of Steel","floor":8.0},{"not_picked":["Venomology","Bullet Time"],"picked":"Glass Knife","floor":10.0},{"not_picked":["Malaise","Unload+1","infinitespire:Neurotoxin"],"picked":"SKIP","floor":12.0},{"not_picked":["Unload+1","Atom Bomb+1","Glass Knife+1"],"picked":"Burst","floor":16.0},{"not_picked":["Burst","Storm of Steel","Glass Knife+1","Doppelganger"],"picked":"SKIP","floor":23.0},{"not_picked":["infinitespire:Neurotoxin","Adrenaline","Burst"],"picked":"Poison Darts","floor":31.0},{"not_picked":["Tools of the Trade","Poison Darts","After Image"],"picked":"Replay:Bag of Tricks","floor":33.0},{"not_picked":["Glass Knife+1","Unload+1","infinitespire:Neurotoxin","Night Terror"],"picked":"Phantasmal Killer","floor":40.0},{"not_picked":["Bludgeon+1","Brutality","Corpse Explosion","Burst","Replay:Bag of Tricks"],"picked":"SKIP","floor":42.0},{"not_picked":["Bludgeon+1","hubris:StunningStrike+1","Poison Darts","Demonic Infusion","Night Terror"],"picked":"SKIP","floor":45.0},{"not_picked":["Exhume","Doppelganger","Fiend Fire+1","Hemogenesis+1"],"picked":"Demon Form","floor":50.0},{"not_picked":["Corpse Explosion","Doppelganger","Atom Bomb+1","Adrenaline"],"picked":"Juggernaut","floor":59.0},{"not_picked":["Brutality","Exhume","Night Terror","Immolate+1","Demon Form"],"picked":"SKIP","floor":62.0},{"not_picked":["Unload+1","Poison Darts","After Image","Juggernaut","Replay:Bag of Tricks"],"picked":"SKIP","floor":65.0},{"not_picked":["infinitespire:Menacing","infinitespire:NeuralNetwork"],"picked":"infinitespire:SevenWalls","floor":67.0},{"not_picked":["Impervious","Replay:Bag of Tricks","Demon Form","Corpse Explosion"],"picked":"Double Tap","floor":67.0},{"not_picked":["Eclipse","Limit Break","Reaper+1","Venomology","conspire:HitWhereItHurts+1"],"picked":"SKIP","floor":74.0},{"not_picked":["Brutality","aspiration:Lunge+1","Fiend Fire+1","Unload+1","Eclipse"],"picked":"SKIP","floor":76.0},{"not_picked":["Glass Knife+1","After Image","Exhume","Reaper+1","Offering"],"picked":"SKIP","floor":78.0},{"not_picked":["Envenom","Demonic Infusion","Doppelganger","Night Terror","Brutality"],"picked":"SKIP","floor":80.0},{"not_picked":["Eclipse","Atom Bomb+1","Burst","Wraith Form v2","Phantasmal Killer"],"picked":"SKIP","floor":81.0},{"not_picked":["Demonic Infusion","After Image","Night Terror","Berserk","conspire:Purge"],"picked":"SKIP","floor":91.0},{"not_picked":["Offering","Exhume","Bludgeon+1","After Image","Limit Break"],"picked":"SKIP","floor":93.0},{"not_picked":["Venomology","After Image","Die Die Die+1","Immolate+1"],"picked":"Barricade","floor":95.0},{"not_picked":["Demon Form","Malaise","Double Tap","Barricade","ReplayTheSpireMod:Necrosis"],"picked":"SKIP","floor":96.0},{"not_picked":["Unload+1","conspire:Purge","Replay:Bag of Tricks","Double Tap","Eclipse"],"picked":"SKIP","floor":97.0},{"not_picked":["Fiend Fire+1","Corruption","Demonic Infusion","Bludgeon+1","hubris:StunningStrike+1"],"picked":"SKIP","floor":99.0}],"player_experience":415749,"relics_obtained":[{"floor":1.0,"key":"Gremlin Horn"},{"floor":2.0,"key":"halation:AfternoonTea"},{"floor":6.0,"key":"Strawberry"},{"floor":7.0,"key":"Darkstone Periapt"},{"floor":8.0,"key":"Basket Of Snakes"},{"floor":9.0,"key":"hubris:SphereOfDissonance"},{"floor":10.0,"key":"Molten Egg 2"},{"floor":11.0,"key":"Quantum Egg"},{"floor":12.0,"key":"Question Card"},{"floor":14.0,"key":"infinitespire:PuzzleCube"},{"floor":18.0,"key":"Golden Egg"},{"floor":20.0,"key":"hubris:BottledRain"},{"floor":23.0,"key":"TungstenRod"},{"floor":24.0,"key":"Bag of Preparation"},{"floor":25.0,"key":"Letter Opener"},{"floor":26.0,"key":"construct:FoamFinger"},{"floor":27.0,"key":"Replay:Bandana"},{"floor":30.0,"key":"Dream Catcher"},{"floor":31.0,"key":"Replay:Arrowhead"},{"floor":35.0,"key":"Blue Candle"},{"floor":36.0,"key":"Pet Ghost"},{"floor":38.0,"key":"Pen Nib"},{"floor":39.0,"key":"Blood Vial"},{"floor":40.0,"key":"Replay:Mystery Machine"},{"floor":42.0,"key":"Peace Pipe"},{"floor":43.0,"key":"yuri:PortableGlitches"},{"floor":45.0,"key":"halation:Trompette"},{"floor":46.0,"key":"hubris:TenFootPole"},{"floor":47.0,"key":"halation:PrussianBluePaint"},{"floor":49.0,"key":"Grinning Jar"},{"floor":52.0,"key":"hubris:ToyBattleship"},{"floor":54.0,"key":"ReplayTheSpireMod:Ring of Addiction"},{"floor":54.0,"key":"Ring of Fangs"},{"floor":54.0,"key":"hubris:EmptyBottle"},{"floor":54.0,"key":"SacredBark"},{"floor":55.0,"key":"Lantern"},{"floor":56.0,"key":"infinitespire:CheckeredPen"},{"floor":60.0,"key":"Mirror"},{"floor":62.0,"key":"aspiration:FetidBarrel"},{"floor":63.0,"key":"Orichalcum"},{"floor":65.0,"key":"Tough Bandages"},{"floor":68.0,"key":"Centennial Puzzle"},{"floor":68.0,"key":"Replay:PocketPolymizer"},{"floor":68.0,"key":"infinitespire:BottledMercury"},{"floor":69.0,"key":"ReplayTheSpireMod:Ninjato"},{"floor":70.0,"key":"HollowMod:PaleOreRelic"},{"floor":72.0,"key":"Bottled Lightning"},{"floor":73.0,"key":"halation:QuantumPhysicsTextbook"},{"floor":74.0,"key":"Oddly Smooth Stone"},{"floor":76.0,"key":"theSenshi:FeatherClipsRelic"},{"floor":77.0,"key":"Replay:Wax Seal"},{"floor":78.0,"key":"hubris:DuctTape"},{"floor":79.0,"key":"hexamod:BolsterEngine"},{"floor":80.0,"key":"Tiny Chest"},{"floor":81.0,"key":"FossilizedHelix"},{"floor":82.0,"key":"Replay:Bottled Eggs"},{"floor":86.0,"key":"infinitespire:Lucky Rock"},{"floor":87.0,"key":"conspire:DecoderRing"},{"floor":89.0,"key":"Snake Skull"},{"floor":90.0,"key":"Omamori"},{"floor":91.0,"key":"Replay:Arrowhead"},{"floor":93.0,"key":"hubris:Teleporter"},{"floor":94.0,"key":"aspiration:SeaSaltIceCream"},{"floor":95.0,"key":"ReplayTheSpireMod:TigerMarble"},{"floor":96.0,"key":"hubris:BundleOfHerbs"},{"floor":97.0,"key":"infinitespire:WardingShard"},{"floor":99.0,"key":"hubris:DeckOfHolding"}],"event_choices":[{"damage_healed":0.0,"max_hp_gain":0.0,"max_hp_loss":0.0,"gold_gain":0.0,"event_name":"conspire:Investor","player_choice":"Leave","floor":3.0,"gold_loss":0.0,"damage_taken":0.0},{"cards_removed":["hubris:Sniper"],"damage_healed":0.0,"max_hp_gain":0.0,"max_hp_loss":0.0,"gold_gain":0.0,"event_name":"Bonfire Elementals","player_choice":"Offered Uncommon","floor":4.0,"gold_loss":0.0,"damage_taken":0.0},{"damage_healed":0.0,"max_hp_gain":0.0,"max_hp_loss":0.0,"gold_gain":0.0,"event_name":"ZunEvent","player_choice":"Keep O-miki","floor":19.0,"gold_loss":40.0,"damage_taken":0.0,"relics_obtained":["ZunR:ReiMu"]},{"damage_healed":0.0,"max_hp_gain":5.0,"max_hp_loss":0.0,"gold_gain":0.0,"event_name":"Forgotten Altar","player_choice":"Shed Blood","floor":22.0,"gold_loss":0.0,"damage_taken":19.0},{"cards_removed":["Doubt"],"damage_healed":0.0,"max_hp_gain":0.0,"max_hp_loss":0.0,"gold_gain":0.0,"event_name":"Living Wall","player_choice":"Forget","floor":58.0,"gold_loss":0.0,"damage_taken":0.0}],"is_beta":false,"boss_relics":[{"not_picked":["Philosopher\u0027s Stone","hubris:RunicObelisk"],"picked":"Fusion Hammer"},{"not_picked":["Runic Pyramid","Cursed Key"],"picked":"aspiration:IroncladSkillbook"},{"not_picked":["Snecko Scales","halation:PlatinumPhoenix"],"picked":"Abe\u0027s Treasure"},{"not_picked":["hubris:VirtuousBlindfold","Busted Crown"],"picked":"Calling Bell"},{"not_picked":["sneckomod:SneckoTalon","halation:SmartPhone"],"picked":"construct:ClawGrip"}],"items_purged_floors":[],"is_endless":true,"potions_floor_spawned":[2,6,7,12,14,16,20,23,30,33,35,36,40,42,47,52,55,62,63,67,74,78,79,80,81,91,93,96,97,99],"killed_by":"Gensokyo:Shinki","ascension_level":0}}