{"host":"l84l8xigz5v5foa2","time":1609823567,"event":{"mods":["2.2 Compatiblity","AchievementEnabler","BaseMod","Better Note","Better Vampires","Card Filter","Colored Map","DeckTracker","Downfall","Gremlin Skip","Highlight Path","Keyboard Shortcuts","Minty Spire (QoL Compilation)","Permanent Neow","Quick Restart","Relic Filter","Relic Stats","StSLib","SuperFastMode","Transform Curses","Unknown Chances"],"gold_per_floor":[99,113,113,213,223,237,306,306,306,231,247,272,272,304,319,396,396,396,412,426,426,177,193,217,231,231,241,241,260,260,285,296,373,373,223,241,97,114,124,176,176,176,205,230,230,230,258,91,106,106,106,134,9,9,9],"floor_reached":56,"playtime":5902,"items_purged":["champ:Strike","Slimebound:Icky","champ:Shatter+1"],"score":2322,"play_id":"241794ec-436a-47fa-8293-94f9b52f90a9","local_time":"20210105141247","is_ascension_mode":true,"campfire_choices":[{"data":"champ:Execute","floor":1.0,"key":"SMITH"},{"data":"champ:Backstep","floor":8.0,"key":"SMITH"},{"data":"champ:BringItOn","floor":10.0,"key":"SMITH"},{"data":"champ:AdrenalArmor","floor":18.0,"key":"SMITH"},{"floor":26.0,"key":"RECALL"},{"data":"champ:FocusedDefense","floor":35.0,"key":"SMITH"},{"data":"champ:SkillfulDodge","floor":46,"key":"SMITH"},{"data":"champ:Backstep","floor":54,"key":"SMITH"}],"circlet_count":0,"master_deck":["AscendersBane","champ:Execute+1","champ:Taunt+1","champ:BringItOn+1","champ:Backstep+1","champ:Encircle+1","champ:AdrenalArmor+1","champ:Duel+1","champ:VampiricStrike+1","champ:DefensiveStyle+1","champ:BerserkerStyle","champ:RapidStrikes+1","champ:RisingSlash+1","champ:GutPunch+1","champ:Backstep+1","champ:Circumvent+1","champ:CheapShot+1","champ:CheapShot+1","champ:FocusedDefense+1","champ:Backstep","champ:BerserkerStyle","champ:SkillfulDodge+1","champ:AdrenalArmor","champ:DefensiveStyle","champ:DefensiveStyle","champ:Circumvent+1","expansioncontent:CaCaw"],"relics":["champ:ChampionCrown","downfall:ShatteredFragment","Molten Egg 2","downfall:HeartBlessingBlue","Guardian:GemstoneGun","sneckomod:BlankCard","SlaversCollar","Art of War","Enchiridion","Nunchaku","Pandora\u0027s Box","downfall:HeartBlessingRed","downfall:HeartBlessingGreen","Ice Cream","champ:GladiatorsBookOfMartialProwess","CaptainsWheel","champ:FightingForDummies","Pocketwatch","Strawberry","Guardian:BottledAnomaly","Happy Flower"],"acts_visited":["Exordium","TheCity","TheBeyond","TheEnding"],"potions_floor_usage":[47,55,55],"damage_taken":[{"damage":5.0,"enemies":"Cultist","floor":2.0,"turns":3.0},{"damage":7.0,"enemies":"2 Louse","floor":5.0,"turns":2.0},{"damage":5.0,"enemies":"Jaw Worm","floor":6.0,"turns":2.0},{"damage":5.0,"enemies":"2 Fungi Beasts","floor":11.0,"turns":3.0},{"damage":20.0,"enemies":"Lagavulin","floor":12.0,"turns":6.0},{"damage":9.0,"enemies":"3 Sentries","floor":14.0,"turns":8.0},{"damage":9.0,"enemies":"Lots of Slimes","floor":15.0,"turns":4.0},{"damage":35.0,"enemies":"downfall:Silent","floor":16.0,"turns":9.0},{"damage":23.0,"enemies":"3 Byrds","floor":19.0,"turns":6.0},{"damage":7.0,"enemies":"Snake Plant","floor":20.0,"turns":4.0},{"damage":7.0,"enemies":"downfall:FleeingMerchant","floor":22.0,"turns":4.0},{"damage":9.0,"enemies":"3 Cultists","floor":23.0,"turns":5.0},{"damage":28.0,"enemies":"Cultist and Chosen","floor":25.0,"turns":4.0},{"damage":29.0,"enemies":"Centurion and Healer","floor":27.0,"turns":8.0},{"damage":21.0,"enemies":"Snake Plant","floor":29.0,"turns":4.0},{"damage":61.0,"enemies":"Slavers","floor":31.0,"turns":4.0},{"damage":20.0,"enemies":"Snecko","floor":32.0,"turns":4.0},{"damage":71.0,"enemies":"downfall:Watcher","floor":33.0,"turns":8.0},{"damage":16.0,"enemies":"3 Darklings","floor":36.0,"turns":5.0},{"damage":51.0,"enemies":"downfall:FleeingMerchant","floor":37.0,"turns":6.0},{"damage":2.0,"enemies":"Orb Walker","floor":38.0,"turns":2.0},{"damage":59.0,"enemies":"Writhing Mass","floor":39.0,"turns":7.0},{"damage":53.0,"enemies":"2 Orb Walkers","floor":40.0,"turns":5.0},{"damage":37,"enemies":"Giant Head","floor":43,"turns":8},{"damage":53,"enemies":"Mind Bloom Boss Battle","floor":44,"turns":8},{"damage":25,"enemies":"Nemesis","floor":47,"turns":7},{"damage":62,"enemies":"Maw","floor":49,"turns":6},{"damage":58,"enemies":"downfall:Ironclad","floor":50,"turns":10},{"damage":130,"enemies":"downfall:CharBossMerchant","floor":52,"turns":8},{"damage":104,"enemies":"downfall:NeowBoss","floor":55,"turns":25}],"seed_played":"-8683000794172245666","potions_obtained":[{"floor":2.0,"key":"Energy Potion"},{"floor":6.0,"key":"DistilledChaos"},{"floor":14.0,"key":"Block Potion"},{"floor":19.0,"key":"GamblersBrew"},{"floor":29.0,"key":"hexamod:EctoCoolerPotion"},{"floor":33.0,"key":"PowerPotion"},{"floor":38.0,"key":"GamblersBrew"},{"floor":44,"key":"Weak Potion"},{"floor":47,"key":"SpeedPotion"}],"is_trial":false,"path_per_floor":["R","M","?","?","M","M","T","R","T","R","M","E","?","E","M","B",null,"R","M","M","?","$","M","T","M","R","M","?","M","?","E","M","B",null,"R","M","$","M","M","?","T","?","E","?","?","R","E","$","M","B",null,"E","$","R","B",null],"character_chosen":"THE_CHAMP","items_purchased":["champ:BerserkerStyle","champ:RapidStrikes+1","Ice Cream","champ:DefensiveStyle","Guardian:BottledAnomaly"],"campfire_rested":0,"item_purchase_floors":[22,22,37,37,48],"current_hp_per_floor":[73,73,46,46,44,44,44,44,44,54,54,47,57,57,57,52,89,89,83,95,60,72,82,82,94,94,101,80,74,74,77,79,67,96,96,106,106,106,106,94,94,94,94,106,96,96,101,101,113,113,113,67,67,67,90],"gold":9,"neow_bonus":"UPGRADE_CARD","is_daily":false,"chose_seed":false,"campfire_upgraded":7,"win_rate":0.0,"timestamp":1609823567,"path_taken":["R","M","?","?","M","M","T","R","?","R","M","E","?","E","M","BOSS","R","M","M","?","$","M","T","M","R","?","?","M","?","E","M","BOSS","R","M","$","M","M","?","T","?","E","?","?","R","E","$","M","BOSS","E","$","R","BOSS"],"items_purchased_type":["Card","Card","Relic","Card","Relic"],"build_version":"2020-12-22","purchased_purges":3,"victory":true,"max_hp_per_floor":[81,81,81,81,81,81,81,81,81,91,91,91,101,101,101,101,101,101,101,101,101,101,101,101,101,101,101,101,101,101,106,106,106,106,106,106,106,106,106,106,106,106,106,106,106,106,113,113,113,113,113,113,113,113,113],"relic_stats":{"Nunchaku":[29],"Happy Flower":[8],"counters":[30,185],"Pandora\u0027s Box":["champ:Aggression","champ:CheapShot","champ:FocusedDefense","champ:Backstep","champ:BerserkerStyle","champ:SkillfulDodge","champ:AdrenalArmor"],"Art of War":[3],"obtain_stats":[{"Ice Cream":37,"downfall:ShatteredFragment":3,"downfall:HeartBlessingRed":35,"Happy Flower":52,"Guardian:GemstoneGun":12,"sneckomod:BlankCard":14,"Enchiridion":28,"champ:ChampionCrown":0,"downfall:HeartBlessingGreen":35,"champ:GladiatorsBookOfMartialProwess":40,"SlaversCollar":17,"Nunchaku":31,"CaptainsWheel":41,"downfall:HeartBlessingBlue":10,"Strawberry":47,"Molten Egg 2":7,"Pandora\u0027s Box":34,"Art of War":24,"champ:FightingForDummies":43,"Guardian:BottledAnomaly":48,"Pocketwatch":44},{"Ice Cream":20,"downfall:ShatteredFragment":1,"downfall:HeartBlessingRed":18,"Happy Flower":29,"Guardian:GemstoneGun":5,"sneckomod:BlankCard":6,"Enchiridion":14,"champ:ChampionCrown":0,"downfall:HeartBlessingGreen":18,"champ:GladiatorsBookOfMartialProwess":23,"SlaversCollar":8,"Nunchaku":16,"CaptainsWheel":23,"downfall:HeartBlessingBlue":3,"Strawberry":26,"Molten Egg 2":3,"Pandora\u0027s Box":18,"Art of War":12,"champ:FightingForDummies":24,"Guardian:BottledAnomaly":26,"Pocketwatch":25},{"Ice Cream":99,"downfall:ShatteredFragment":3,"downfall:HeartBlessingRed":88,"Happy Flower":160,"Guardian:GemstoneGun":16,"sneckomod:BlankCard":24,"Enchiridion":68,"champ:ChampionCrown":0,"downfall:HeartBlessingGreen":88,"champ:GladiatorsBookOfMartialProwess":113,"SlaversCollar":37,"Nunchaku":76,"CaptainsWheel":113,"downfall:HeartBlessingBlue":7,"Strawberry":136,"Molten Egg 2":7,"Pandora\u0027s Box":88,"Art of War":56,"champ:FightingForDummies":121,"Guardian:BottledAnomaly":136,"Pocketwatch":129}],"Pocketwatch":[24]},"card_choices":[{"not_picked":["champ:TornadoPunch","champ:IronFortress"],"picked":"champ:BringItOn","floor":2.0},{"not_picked":["champ:Haymaker","champ:GladiatorsShout","champ:IronFortress"],"picked":"SKIP","floor":5.0},{"not_picked":["champ:FanOfKnives","champ:Haymaker"],"picked":"champ:Backstep","floor":6.0},{"not_picked":["champ:PerfectedStrike+1","champ:FlashCut+1"],"picked":"champ:Encircle+1","floor":11.0},{"not_picked":["champ:FanOfKnives+1","champ:IgnorePain"],"picked":"champ:AdrenalArmor","floor":12.0},{"not_picked":["champ:RisingSlash+1","champ:PreciseThrust+1","champ:DefensiveShout"],"picked":"SKIP","floor":14.0},{"not_picked":["champ:TornadoPunch+1","champ:ShieldSigil"],"picked":"champ:Duel+1","floor":15.0},{"not_picked":["champ:Devastate+1","champ:ShieldSlam+1"],"picked":"champ:VampiricStrike+1","floor":16.0},{"not_picked":["champ:CrookedStrike+1","champ:Haymaker+1"],"picked":"champ:DefensiveStyle+1","floor":19.0},{"not_picked":["champ:FlashCut+1","champ:Encircle+1"],"picked":"champ:Shatter+1","floor":20.0},{"not_picked":["champ:Shatter+1","champ:PerfectedStrike+1","champ:Encircle+1"],"picked":"SKIP","floor":22.0},{"not_picked":["champ:Control","champ:DefensiveShout"],"picked":"champ:RisingSlash+1","floor":23.0},{"not_picked":["champ:Circumvent","champ:GladiatorsShout"],"picked":"champ:GutPunch+1","floor":25.0},{"not_picked":["champ:TornadoPunch+1","champ:EnchantShield"],"picked":"champ:FightOn","floor":27.0},{"not_picked":["champ:TornadoPunch+1","champ:Haymaker+1","champ:RapidStrikes+1"],"picked":"SKIP","floor":29.0},{"not_picked":["champ:PerfectedStrike+1","champ:SkillfulDodge"],"picked":"champ:Backstep","floor":31.0},{"not_picked":["champ:PreciseThrust+1","champ:BladeFlurry+1"],"picked":"champ:Circumvent+1","floor":32.0},{"not_picked":["champ:HeavySlash+1","champ:StrikeOfGenius"],"picked":"champ:CheapShot+1","floor":33.0},{"not_picked":["champ:RageSigil","champ:EnGarde","champ:Backstep"],"picked":"SKIP","floor":36.0},{"not_picked":["champ:Backstep+1","champ:DefensiveShout","champ:FanOfKnives+1"],"picked":"SKIP","floor":37.0},{"not_picked":["champ:CheapShot+1","champ:ShieldWall","champ:DefensiveShout"],"picked":"SKIP","floor":38.0},{"not_picked":["champ:Circumvent","champ:RecklessLeap+1"],"picked":"champ:DefensiveStyle","floor":39.0},{"not_picked":["champ:AdrenalArmor","champ:PerfectedStrike+1"],"picked":"champ:Circumvent+1","floor":40.0},{"not_picked":["champ:BerserkerStyle","champ:Balance","champ:SwordThrow+1"],"picked":"SKIP","floor":43},{"not_picked":["expansioncontent:DecasProtection","expansioncontent:AwakenDeath"],"picked":"expansioncontent:CaCaw","floor":45},{"not_picked":["champ:CalledShot","champ:TornadoPunch+1","champ:Circumvent"],"picked":"SKIP","floor":47},{"not_picked":["champ:CrookedStrike+1","champ:ShieldWall","champ:Control"],"picked":"SKIP","floor":49},{"not_picked":["champ:FocusedDefense","champ:RisingSlash+1","champ:TornadoPunch+1"],"picked":"SKIP","floor":52}],"player_experience":2857979,"relics_obtained":[{"floor":7.0,"key":"Molten Egg 2"},{"floor":12.0,"key":"Guardian:GemstoneGun"},{"floor":14.0,"key":"sneckomod:BlankCard"},{"floor":24.0,"key":"Art of War"},{"floor":28.0,"key":"Enchiridion"},{"floor":31.0,"key":"Nunchaku"},{"floor":40.0,"key":"champ:GladiatorsBookOfMartialProwess"},{"floor":41,"key":"CaptainsWheel"},{"floor":43,"key":"champ:FightingForDummies"},{"floor":44,"key":"Pocketwatch"},{"floor":47,"key":"Strawberry"},{"floor":52,"key":"Happy Flower"}],"event_choices":[{"damage_healed":0.0,"max_hp_gain":0.0,"max_hp_loss":0.0,"gold_gain":0.0,"event_name":"Mysterious Sphere","player_choice":"Fight","floor":40.0,"gold_loss":0.0,"damage_taken":0.0},{"cards_removed":["champ:Aggression"],"damage_healed":0,"gold_gain":0,"player_choice":"Removed Skill","damage_taken":0,"max_hp_gain":0,"max_hp_loss":0,"event_name":"Falling","floor":42,"gold_loss":0}],"is_beta":false,"boss_relics":[{"not_picked":["champ:PowerArmor","Astrolabe"],"picked":"SlaversCollar"},{"not_picked":["Fusion Hammer","Calling Bell"],"picked":"Pandora\u0027s Box"}],"items_purged_floors":[22,37,53],"is_endless":false,"potions_floor_spawned":[2,6,14,16,19,29,33,38,39,44,47],"ascension_level":19}}