{"host":"dgf4n6lo35jtjz0c","time":1609889488,"event":{"mods":["BaseMod","Bestiary","Colored Powertips","Minty Spire (QoL Compilation)"],"gold_per_floor":[447,447,447,447,497,497,497,497],"floor_reached":7,"playtime":247,"items_purged":[],"score":62,"play_id":"cde3c0d1-7caa-4cf1-aedc-aa349a1a34ee","local_time":"20210106103128","daily_mods":["Hoarder","Specialized","Vintage","Heirloom","Time Dilation","Flight","DeadlyEvents","Midas"],"is_ascension_mode":false,"campfire_choices":[{"floor":6,"key":"REST"}],"circlet_count":0,"master_deck":["Demon Form","Echo Form","DevaForm","Strike_B","Strike_B","Strike_B","Strike_B","Defend_B","Defend_B","Defend_B","Defend_B","Zap","Dualcast","Self Repair","Self Repair","Self Repair","Self Repair","Self Repair","Self Repair","Self Repair","Self Repair","Self Repair","Self Repair","Self Repair","Self Repair","Self Repair","Self Repair","Self Repair"],"relics":["Unceasing Top","Old Coin","Prayer Wheel","Golden Idol","Toxic Egg 2","Nunchaku"],"acts_visited":["Exordium"],"potions_floor_usage":[],"damage_taken":[{"damage":16,"enemies":"Small Slimes","floor":1,"turns":6},{"damage":36,"enemies":"Gremlin Nob","floor":7,"turns":5}],"seed_played":"2824227132763996970","potions_obtained":[],"is_trial":true,"path_per_floor":["M","?","?","?","T","R","E"],"character_chosen":"DEFECT","items_purchased":[],"campfire_rested":1,"item_purchase_floors":[],"current_hp_per_floor":[75,57,45,45,45,67,31,31],"gold":497,"neow_bonus":"","is_daily":false,"chose_seed":false,"campfire_upgraded":0,"win_rate":0.0,"timestamp":1609889488,"path_taken":["M","?","?","?","?","R","?"],"items_purchased_type":[],"build_version":"2020-12-22","purchased_purges":0,"victory":false,"max_hp_per_floor":[75,75,75,75,75,75,75,75],"card_choices":[],"player_experience":85577,"relics_obtained":[{"floor":1,"key":"Prayer Wheel"},{"floor":5,"key":"Nunchaku"}],"event_choices":[{"damage_healed":0,"gold_gain":0,"player_choice":"Take Damage","damage_taken":18,"relics_obtained":["Golden Idol"],"max_hp_gain":0,"max_hp_loss":0,"event_name":"Golden Idol","floor":2,"gold_loss":0},{"damage_healed":0,"gold_gain":0,"player_choice":"Success","damage_taken":12,"relics_obtained":["Toxic Egg 2"],"max_hp_gain":0,"max_hp_loss":0,"event_name":"Scrap Ooze","floor":3,"gold_loss":0},{"cards_removed":["Wraith Form v2"],"damage_healed":0,"gold_gain":0,"player_choice":"Forget","damage_taken":0,"max_hp_gain":0,"max_hp_loss":0,"event_name":"Living Wall","floor":4,"gold_loss":0}],"is_beta":false,"boss_relics":[],"items_purged_floors":[],"is_endless":false,"potions_floor_spawned":[],"killed_by":"Gremlin Nob","ascension_level":0}}