{"host":"tiwza2kisyyrpq7h","time":1609853378,"event":{"mods":["BaseMod","BetterRewards","Colored Powertips","Minty Spire (QoL Compilation)","Quick Restart","Rare Cards Sparkle","StSLib","SuperFastMode","The Servant 0.9.4","óô»ðÖ¸ÄÏ"],"gold_per_floor":[10,30,40,40,40,74,74,90,90,90,101,111,111,111,111,187,187,207,387,5,5,18,53,53,91,91,141,184,211,1,21,21,104,113,127,127,142,142,142,142],"floor_reached":39,"playtime":1092,"items_purged":["Sucker Punch"],"score":1074,"play_id":"6fd41aef-8864-4c13-9e35-0e84ff346e9b","local_time":"20210105212938","is_ascension_mode":true,"campfire_choices":[{"data":"Footwork","floor":7.0,"key":"SMITH"},{"data":"Storm of Steel","floor":10.0,"key":"SMITH"},{"floor":13.0,"key":"REST"},{"data":"Terror","floor":15.0,"key":"SMITH"},{"floor":24,"key":"REST"},{"data":"Accuracy","floor":32,"key":"SMITH"}],"circlet_count":0,"master_deck":["AscendersBane","Survivor","Neutralize","Storm of Steel+1","Footwork+1","Terror+1","Acrobatics","Blade Dance","Venomology","Slice","Blade Dance","Corpse Explosion","PiercingWail","Calculated Gamble","Doppelganger","Doppelganger","Bouncing Flask","Distraction","Adrenaline","Infinite Blades","Backflip+1","Backflip","PiercingWail","Accuracy+1","Blur","Ghostly","Ghostly","Ghostly","Escape Plan+1","Storm of Steel","CurseOfTheBell"],"relics":["Ring of the Snake","StrikeDummy","Turnip","Question Card","Shuriken","Pandora\u0027s Box","PreservedInsect","TwistedFunnel","Art of War","CeramicFish","Sundial","MealTicket","Nunchaku","Membership Card","Calling Bell","Anchor","Eternal Feather","Ginger"],"acts_visited":["Exordium","TheCity","TheBeyond"],"potions_floor_usage":[23,23,23,31,31,33,35,37,39],"damage_taken":[{"damage":0.0,"enemies":"Cultist","floor":1.0,"turns":4.0},{"damage":9.0,"enemies":"Small Slimes","floor":2.0,"turns":5.0},{"damage":1.0,"enemies":"2 Louse","floor":3.0,"turns":3.0},{"damage":50.0,"enemies":"3 Sentries","floor":6.0,"turns":15.0},{"damage":2.0,"enemies":"Large Slime","floor":8.0,"turns":3.0},{"damage":1.0,"enemies":"Exordium Thugs","floor":11.0,"turns":4.0},{"damage":0.0,"enemies":"3 Louse","floor":12.0,"turns":4.0},{"damage":0.0,"enemies":"Slime Boss","floor":16.0,"turns":5.0},{"damage":9.0,"enemies":"Chosen","floor":18.0,"turns":3.0},{"damage":5.0,"enemies":"2 Thieves","floor":22.0,"turns":2.0},{"damage":9,"enemies":"Book of Stabbing","floor":23,"turns":3},{"damage":0,"enemies":"Slavers","floor":25,"turns":1},{"damage":0,"enemies":"Book of Stabbing","floor":28,"turns":3},{"damage":3,"enemies":"Cultist and Chosen","floor":31,"turns":5},{"damage":10,"enemies":"Automaton","floor":33,"turns":8},{"damage":2,"enemies":"3 Darklings","floor":35,"turns":4},{"damage":0,"enemies":"3 Shapes","floor":37,"turns":5},{"damage":29,"enemies":"Spire Growth","floor":39,"turns":3}],"seed_played":"-5310775057902869043","potions_obtained":[{"floor":1.0,"key":"Regen Potion"},{"floor":6.0,"key":"AttackPotion"},{"floor":8.0,"key":"Dexterity Potion"},{"floor":12.0,"key":"Ancient Potion"},{"floor":18.0,"key":"Weak Potion"},{"floor":25,"key":"SneckoOil"},{"floor":31,"key":"Poison Potion"},{"floor":35,"key":"BlessingOfTheForge"},{"floor":36,"key":"Swift Potion"}],"is_trial":false,"path_per_floor":["M","M","M","?","?","E","R","M","T","R","M","M","R","?","R","B",null,"M","?","$","T","M","E","R","E","T","?","E","?","$","M","R","B",null,"M","?","M","?","M"],"character_chosen":"THE_SILENT","items_purchased":["PreservedInsect","TwistedFunnel","Backflip","Membership Card"],"campfire_rested":2,"item_purchase_floors":[20,20,20,30],"current_hp_per_floor":[59,50,49,49,44,9,9,7,7,7,6,6,25,18,18,18,54,45,26,26,26,21,12,31,31,31,31,31,31,33,30,30,20,30,28,28,28,28,0,0],"gold":142,"neow_bonus":"THREE_RARE_CARDS","is_daily":false,"chose_seed":false,"campfire_upgraded":4,"win_rate":0.0,"timestamp":1609853378,"path_taken":["M","?","M","?","?","E","R","M","T","R","M","M","R","?","R","BOSS","M","?","$","?","M","E","R","E","T","?","E","?","$","M","R","BOSS","M","?","?","?","M"],"items_purchased_type":["Relic","Relic","Card","Relic"],"build_version":"2020-12-22","purchased_purges":1,"victory":false,"max_hp_per_floor":[66,66,66,66,66,66,66,66,66,66,66,66,66,66,66,66,66,66,66,66,66,66,66,66,66,66,66,66,33,33,33,33,33,33,33,33,33,33,33,33],"card_choices":[{"not_picked":["Unload","A Thousand Cuts"],"picked":"Storm of Steel","floor":0.0},{"not_picked":["PiercingWail","Cloak And Dagger"],"picked":"Footwork","floor":1.0},{"not_picked":["Blade Dance","Quick Slash"],"picked":"Terror","floor":2.0},{"not_picked":["Skewer","Eviscerate"],"picked":"Acrobatics","floor":3.0},{"not_picked":["Dodge and Roll","Poisoned Stab"],"picked":"Blade Dance","floor":6.0},{"not_picked":["Blade Dance","Dagger Spray","Deflect"],"picked":"Venomology","floor":8.0},{"not_picked":["Sucker Punch","Deadly Poison","Poisoned Stab"],"picked":"Slice","floor":11.0},{"not_picked":["Skewer","Flechettes","Setup"],"picked":"Blade Dance","floor":12.0},{"not_picked":["Doppelganger","Grand Finale","Malaise"],"picked":"Corpse Explosion","floor":16.0},{"not_picked":["Flying Knee","Blur","Cloak And Dagger"],"picked":"Backflip+1","floor":18.0},{"not_picked":["Tactician","Bane+1","Backflip","Eviscerate"],"picked":"SKIP","floor":22.0},{"not_picked":["Underhanded Strike+1","Deadly Poison","Dagger Spray"],"picked":"PiercingWail","floor":23},{"not_picked":["Expertise","Choke","Tools of the Trade"],"picked":"Accuracy","floor":25},{"not_picked":["All Out Attack","Backflip","Terror"],"picked":"Blur","floor":28},{"not_picked":["Slice","Sucker Punch","Escape Plan+1","Dagger Spray+1"],"picked":"SKIP","floor":31},{"not_picked":["Slice","Sucker Punch","Dagger Spray+1"],"picked":"Escape Plan+1","floor":31},{"not_picked":["Adrenaline","Bullet Time","Malaise"],"picked":"Storm of Steel","floor":33},{"not_picked":["Backflip","Quick Slash","Deflect+1","Dodge and Roll"],"picked":"SKIP","floor":35},{"not_picked":["Prepared","Heel Hook","Corpse Explosion","Slice+1"],"picked":"SKIP","floor":37}],"player_experience":950025,"relics_obtained":[{"floor":6.0,"key":"Question Card"},{"floor":9.0,"key":"Shuriken"},{"floor":21.0,"key":"Art of War"},{"floor":23,"key":"CeramicFish"},{"floor":25,"key":"Sundial"},{"floor":26,"key":"MealTicket"},{"floor":28,"key":"Nunchaku"},{"floor":34,"key":"Anchor"},{"floor":34,"key":"Eternal Feather"},{"floor":34,"key":"Ginger"}],"event_choices":[{"damage_healed":0.0,"max_hp_gain":0.0,"max_hp_loss":0.0,"gold_gain":0.0,"event_name":"Big Fish","player_choice":"Box","floor":4.0,"gold_loss":0.0,"damage_taken":0.0,"relics_obtained":["StrikeDummy"],"cards_obtained":["Regret"]},{"damage_healed":0.0,"max_hp_gain":0.0,"max_hp_loss":0.0,"gold_gain":0.0,"event_name":"Scrap Ooze","player_choice":"Success","floor":5.0,"gold_loss":0.0,"damage_taken":5.0,"relics_obtained":["Turnip"]},{"cards_removed":["Regret"],"damage_healed":0.0,"max_hp_gain":0.0,"max_hp_loss":0.0,"gold_gain":0.0,"event_name":"Golden Wing","player_choice":"Card Removal","floor":14.0,"gold_loss":0.0,"damage_taken":7.0},{"damage_healed":0.0,"max_hp_gain":0.0,"max_hp_loss":0.0,"gold_gain":180.0,"event_name":"Knowing Skull","player_choice":"GOLD GOLD ","floor":19.0,"potions_obtained":[],"gold_loss":0.0,"damage_taken":19.0,"cards_obtained":[]},{"damage_healed":0,"gold_gain":50,"player_choice":"Stole From Cult","damage_taken":0,"max_hp_gain":0,"max_hp_loss":0,"event_name":"Nest","floor":27,"gold_loss":0},{"damage_healed":0,"gold_gain":0,"player_choice":"Became a Ghost","damage_taken":0,"max_hp_gain":0,"max_hp_loss":33,"event_name":"Ghosts","floor":29,"gold_loss":0,"cards_obtained":["Ghostly","Ghostly","Ghostly"]},{"damage_healed":0,"gold_gain":0,"player_choice":"Got Potions","damage_taken":0,"max_hp_gain":0,"max_hp_loss":0,"event_name":"Lab","floor":36,"gold_loss":0},{"cards_removed":["Poisoned Stab"],"damage_healed":0,"gold_gain":0,"player_choice":"Card Removal","damage_taken":0,"max_hp_gain":0,"max_hp_loss":0,"event_name":"Wheel of Change","floor":38,"gold_loss":0}],"is_beta":false,"boss_relics":[{"not_picked":["SacredBark","Ectoplasm"],"picked":"Pandora\u0027s Box"},{"not_picked":["Tiny House","Philosopher\u0027s Stone"],"picked":"Calling Bell"}],"items_purged_floors":[30],"is_endless":false,"potions_floor_spawned":[1,6,8,12,18,25,31,35],"killed_by":"Spire Growth","ascension_level":20}}