{"host":"qswkx8hggytna0kc","time":1609821623,"event":{"mods":["Aspiration","BaseMod","BetterRewards","Colored Map","Colored Powertips","Highlight Path","Hubris","Mimic Mod","Minty Spire (QoL Compilation)","Quick Restart","Replay The Spire","StSLib","SuperFastMode"],"gold_per_floor":[119,130,130,97,110,238,238,413,413,413,113,130,145,178,178,273,273,284,294,312,330,350,385,385,420,420,420,420,44,72,84,84,187,187,207,237,237,237,254,281,299,299,329,360,123,157,157,184,184,184],"floor_reached":51,"playtime":2390,"items_purged":["Doubt","Strike_B"],"score":1369,"play_id":"6bd2e8cf-e4be-4f8c-be77-eb545a15aef7","local_time":"20210105124023","is_ascension_mode":true,"campfire_choices":[{"data":"Chaos","floor":7.0,"key":"SMITH"},{"data":"Zap","floor":10.0,"key":"SMITH"},{"data":"Dualcast","floor":15.0,"key":"SMITH"},{"data":"Scrape","floor":24.0,"key":"SMITH"},{"data":"Turbo","floor":27,"key":"SMITH"},{"data":"Mirror Shield","floor":32,"key":"SMITH"},{"data":"Fission","floor":42,"key":"SMITH"},{"data":"White Noise","floor":47,"key":"SMITH"},{"data":"Recycle","floor":49,"key":"SMITH"}],"circlet_count":0,"master_deck":["Defend_B","Defend_B","Defend_B","Defend_B","Zap+1","Dualcast+1","hubris:Defend_Merchant","Strike_R","All For One","Chaos+1","Glacier","Beam Cell","Scrape+1","Go for the Eyes","Stack","Gash","Mirror Shield+1","Beam Cell+1","Sunder","ReplaySort+1","Chill","Turbo+1","Redo+1","Gash","Fission+1","CurseOfTheBell","Go for the Eyes+1","ReplayTheSpireMod:Splinters","Panic Button+1","Panic Button+1","Steam+1","Recycle+1","White Noise+1","Turbo+1","Panic Button+1"],"relics":["Cracked Core","hubris:Icosahedron","Replay:Bottled Steam","Akabeko","Replay:Antivirus Software","aspiration:EnhancedActuators","Replay:Drink Me","hubris:ToyBattleship","hubris:FunFungus","Replay:Bottled Flurry","MawBank","HandDrill","Boot","Ancient Tea Set","Prayer Wheel","Calling Bell","Regal Pillow","Blue Candle","Replay:Multitool","hubris:MedicalManual","aspiration:StickyExplosives_weak","hubris:64BitClover","Bronze Scales","PreservedInsect","Replay:Bottled Snecko","Vajra"],"acts_visited":["Exordium","TheCity","TheBeyond"],"potions_floor_usage":[],"damage_taken":[{"damage":0.0,"enemies":"Small Slimes","floor":1.0,"turns":3.0},{"damage":0.0,"enemies":"Jaw Worm","floor":2.0,"turns":3.0},{"damage":9.0,"enemies":"2 Louse","floor":4.0,"turns":2.0},{"damage":5.0,"enemies":"Blue Slaver","floor":5.0,"turns":5.0},{"damage":24.0,"enemies":"Replay:BlueRogue","floor":6.0,"turns":7.0},{"damage":10.0,"enemies":"2 Fungi Beasts","floor":12.0,"turns":3.0},{"damage":0.0,"enemies":"Large Slime","floor":13.0,"turns":4.0},{"damage":2.0,"enemies":"Exordium Thugs","floor":14.0,"turns":3.0},{"damage":38.0,"enemies":"Fading Forest","floor":16.0,"turns":11.0},{"damage":13.0,"enemies":"2 Thieves","floor":18.0,"turns":2.0},{"damage":3.0,"enemies":"Shell Parasite","floor":19.0,"turns":2.0},{"damage":0.0,"enemies":"Snecko","floor":20.0,"turns":2.0},{"damage":3.0,"enemies":"Chosen and Byrds","floor":21.0,"turns":5.0},{"damage":0.0,"enemies":"Centurion and Healer","floor":22.0,"turns":6.0},{"damage":16.0,"enemies":"Slavers","floor":23.0,"turns":6.0},{"damage":8,"enemies":"Gremlin Leader","floor":25,"turns":6},{"damage":0,"enemies":"Slavers","floor":30,"turns":3},{"damage":0,"enemies":"Snake Plant","floor":31,"turns":3},{"damage":11,"enemies":"Champ","floor":33,"turns":7},{"damage":1,"enemies":"Orb Walker","floor":35,"turns":2},{"damage":23,"enemies":"3 Darklings","floor":39,"turns":5},{"damage":2,"enemies":"Nemesis","floor":40,"turns":5},{"damage":2,"enemies":"Maw","floor":41,"turns":5},{"damage":2,"enemies":"Writhing Mass","floor":43,"turns":5},{"damage":3,"enemies":"Giant Head","floor":44,"turns":6},{"damage":2,"enemies":"Reptomancer","floor":46,"turns":4},{"damage":2,"enemies":"Giant Head","floor":48,"turns":5},{"damage":3,"enemies":"Awakened One","floor":50,"turns":9}],"seed_played":"7586607705256531438","potions_obtained":[{"floor":1.0,"key":"Energy Potion"},{"floor":2.0,"key":"PowerPotion"},{"floor":5.0,"key":"Fire Potion"},{"floor":12.0,"key":"ColorlessPotion"},{"floor":20.0,"key":"Swift Potion"},{"floor":21.0,"key":"LiquidBronze"},{"floor":31,"key":"FocusPotion"},{"floor":35,"key":"SneckoOil"},{"floor":38,"key":"LiquidBronze"},{"floor":40,"key":"LiquidMemories"}],"is_trial":false,"path_per_floor":["M","M","?","M","M","E","R","?","T","R","$","M","M","MIM","R","B",null,"M","M","M","M","M","E","R","E","T","R","?","$","E","M","R","B",null,"M","?","?","?","M","E","M","R","MIM","E","$","E","R","E","R_BF","B",null],"character_chosen":"DEFECT","items_purchased":["Replay:Antivirus Software","Scrape","HandDrill","Boot","White Noise","PreservedInsect"],"campfire_rested":0,"item_purchase_floors":[11,11,29,29,45,45],"current_hp_per_floor":[75,75,75,73,75,58,58,58,58,58,58,55,55,60,60,45,54,41,45,45,49,56,47,47,46,46,46,46,46,46,54,54,46,54,53,53,53,53,36,37,35,35,39,38,38,38,38,41,41,57],"gold":184,"neow_bonus":"THREE_RARE_CARDS","is_daily":false,"chose_seed":false,"campfire_upgraded":9,"win_rate":0.0,"timestamp":1609821623,"path_taken":["M","M","?","M","M","E","R","?","T","R","$","M","M","?","R","BOSS","M","M","M","M","M","E","R","E","T","R","?","$","E","M","R","BOSS","M","?","?","?","M","E","M","R","MIM","E","$","E","R","E","R_BF","BOSS"],"items_purchased_type":["Relic","Card","Relic","Relic","Card","Relic"],"build_version":"2020-12-22","purchased_purges":2,"victory":true,"max_hp_per_floor":[75,75,75,75,75,75,75,75,75,75,75,75,75,75,75,75,57,57,57,57,57,57,57,57,57,57,57,57,57,57,57,57,57,57,57,57,57,57,57,57,57,57,57,57,57,57,57,57,57,57],"card_choices":[{"not_picked":["Seek","Biased Cognition"],"picked":"All For One","floor":0.0},{"not_picked":["Doom and Gloom","Static Discharge"],"picked":"Chaos","floor":1.0},{"not_picked":["Steam","Hologram"],"picked":"Self Repair","floor":2.0},{"not_picked":["Blizzard","Cold Snap"],"picked":"Glacier","floor":4.0},{"not_picked":["Auto Shields","Steam Power"],"picked":"Beam Cell","floor":5.0},{"not_picked":["hubris:SpecializedCircuitry","Sweeping Beam","Streamline"],"picked":"SKIP","floor":6.0},{"not_picked":["hubris:SpecializedCircuitry","Sweeping Beam","Streamline"],"picked":"SKIP","floor":6.0},{"not_picked":["Ball Lightning","Rebound"],"picked":"Go for the Eyes","floor":12.0},{"not_picked":["Reprogram","Barrage"],"picked":"Stack","floor":13.0},{"not_picked":["Mirror Shield","Fusion"],"picked":"Gash","floor":14.0},{"not_picked":["ReplayTheSpireMod:Omega Cannon","Hyperbeam"],"picked":"Mirror Shield","floor":16.0},{"not_picked":["BasicCrystalCard","Coolheaded"],"picked":"Beam Cell+1","floor":18.0},{"not_picked":["Consume","Lockon+1"],"picked":"Sunder","floor":19.0},{"not_picked":["Sweeping Beam","Compile Driver"],"picked":"ReplaySort+1","floor":20.0},{"not_picked":["Hologram","Barrage"],"picked":"Chill","floor":21.0},{"not_picked":["Coolheaded","Capacitor","Streamline"],"picked":"SKIP","floor":22.0},{"not_picked":["Steam","Ball Lightning"],"picked":"Turbo","floor":23.0},{"not_picked":["ReplaySolidLightProjector+1","Coolheaded","Tempest"],"picked":"SKIP","floor":25},{"not_picked":["Sweeping Beam","Blizzard"],"picked":"ReplayTheSpireMod:Fabricate Wheel","floor":30},{"not_picked":["Conserve Battery","Self Repair"],"picked":"Redo+1","floor":31},{"not_picked":["Panic Button","Rebound"],"picked":"Gash","floor":31},{"not_picked":["Buffer","Creative AI"],"picked":"Fission","floor":33},{"not_picked":["Steam","Rebound+1"],"picked":"Go for the Eyes+1","floor":35},{"not_picked":["aspiration:Polymerization+1","ReplaySort","Streamline+1"],"picked":"SKIP","floor":35},{"not_picked":["Ball Lightning","Turbo"],"picked":"Panic Button+1","floor":36},{"not_picked":["Sweeping Beam+1","Beam Cell"],"picked":"Panic Button+1","floor":39},{"not_picked":["ReplayTheSpireMod:GoodbyeWorld","Defragment+1"],"picked":"Steam+1","floor":39},{"not_picked":["BasicCrystalCard+1","ReplayTheSpireMod:System Scan+1","Ball Lightning+1"],"picked":"SKIP","floor":40},{"not_picked":["Ball Lightning+1","Force Field"],"picked":"Recycle","floor":41},{"not_picked":["Steam+1","Hologram","Leap"],"picked":"SKIP","floor":41},{"not_picked":["hubris:DoWhile","Tempest","Compile Driver"],"picked":"SKIP","floor":44},{"not_picked":["Panic Button+1","Coolheaded"],"picked":"Turbo+1","floor":46},{"not_picked":["Core Surge","Fission"],"picked":"Panic Button+1","floor":48}],"player_experience":219001,"relics_obtained":[{"floor":6.0,"key":"Replay:Bottled Steam"},{"floor":9.0,"key":"Akabeko"},{"floor":14.0,"key":"aspiration:EnhancedActuators"},{"floor":23.0,"key":"hubris:ToyBattleship"},{"floor":25,"key":"hubris:FunFungus"},{"floor":26,"key":"Replay:Bottled Flurry"},{"floor":30,"key":"Ancient Tea Set"},{"floor":34,"key":"Regal Pillow"},{"floor":34,"key":"Blue Candle"},{"floor":34,"key":"Replay:Multitool"},{"floor":36,"key":"hubris:MedicalManual"},{"floor":40,"key":"aspiration:StickyExplosives_weak"},{"floor":43,"key":"hubris:64BitClover"},{"floor":44,"key":"Bronze Scales"},{"floor":46,"key":"Replay:Bottled Snecko"},{"floor":48,"key":"Vajra"}],"event_choices":[{"damage_healed":0.0,"max_hp_gain":0.0,"max_hp_loss":0.0,"gold_gain":175.0,"event_name":"Liars Game","player_choice":"AGREE","floor":8.0,"gold_loss":0.0,"damage_taken":0.0,"cards_obtained":["Doubt"]},{"damage_healed":0,"gold_gain":0,"player_choice":"Opened","damage_taken":0,"relics_obtained":["MawBank"],"max_hp_gain":0,"max_hp_loss":0,"event_name":"The Mausoleum","floor":28,"gold_loss":0},{"cards_removed":["Self Repair"],"damage_healed":0,"gold_gain":0,"player_choice":"Removed Power","damage_taken":0,"max_hp_gain":0,"max_hp_loss":0,"event_name":"Falling","floor":37,"gold_loss":0},{"damage_healed":0,"gold_gain":0,"player_choice":"Got Potions","damage_taken":0,"max_hp_gain":0,"max_hp_loss":0,"event_name":"Lab","floor":38,"gold_loss":0}],"is_beta":false,"boss_relics":[{"not_picked":["SlaversCollar","hubris:TerracottaHorce"],"picked":"Replay:Drink Me"},{"not_picked":["aspiration:WatcherSkillbook","Philosopher\u0027s Stone"],"picked":"Calling Bell"}],"items_purged_floors":[11,29],"is_endless":false,"potions_floor_spawned":[1,2,5,12,16,20,21,31,35,40,44],"ascension_level":5}}