{"host":"1zjc08c6hob33401","time":1609885781,"event":{"mods":["AchievementEnabler","Act Like it!","Aspiration","BaseMod","Downfall","Energized Spire","Evolution","GifTheSpireLib","Hubris","Infinite Spire","Jedi Mod","Minty Spire (QoL Compilation)","Pale of the Ancients","Quick Restart","Replay The Spire","Retaliation","Shop Mod","StSLib","Stuff the Spire","The Blue Laboratory","Wandering Minibosses","vexMod"],"gold_per_floor":[118,131,56,107,107,107,142,142,142,155,166,185,210,230,230,334,334,354,373,373,81,81,81,93,93,93,126,126,126,158,168,185,214,214,315,315,353,390,390,432,473,473,521,521,572,629,703,767,848,922,922,922,996,1077,1077,434,434,474,474,7,7,7],"floor_reached":63,"playtime":13558,"items_purged":["Slimebound:Defend_Slimebound","Slimebound:Defend_Slimebound"],"score":1599,"play_id":"67be574b-8c22-47f7-bf38-19b4c6e463c9","local_time":"20210106002941","is_ascension_mode":true,"campfire_choices":[{"data":"Slimebound:GoopSpray","floor":6,"key":"SMITH"},{"data":"Slimebound:RejuvenatingLick","floor":8,"key":"SMITH"},{"data":"Slimebound:Grow","floor":15,"key":"SMITH"},{"data":"Perfected Strike","floor":23,"key":"SMITH"},{"data":"Slimebound:LeechLife","floor":29,"key":"SMITH"},{"data":"Replay:Fractal Strike","floor":34,"key":"SMITH"},{"data":"Slimebound:FirmFortitude","floor":42,"key":"SMITH"},{"data":"Slimebound:Gluttony","floor":44,"key":"SMITH"},{"data":"Slimebound:OozeBath","floor":51,"key":"SMITH"},{"data":"Slimebound:GoopTackle","floor":57,"key":"SMITH"},{"data":"Slimebound:SlimeBarrage","floor":59,"key":"SMITH"}],"circlet_count":0,"master_deck":["Slimebound:Strike_Slimebound","Slimebound:Strike_Slimebound","Slimebound:Strike_Slimebound","Slimebound:Tackle","Slimebound:Defend_Slimebound","Slimebound:Split","Slimebound:CorrosiveSpit+1","Slimebound:GoopSpray+1","Slimebound:FlameTackle","Slimebound:SplitMire","Slimebound:RejuvenatingLick+1","Slimebound:SlimeBarrage+1","Slimebound:RejuvenatingLick+1","Slimebound:FirmFortitude+1","Slimebound:Recycling","Slimebound:Grow+1","Slimebound:OozeBath+1","Slimebound:DisruptingSlam+1","Slimebound:LeadByExample+1","Replay:Fractal Strike+1","ReplayTheSpireMod:LeadingStrike","WindmillStrike","DDmod:RapidStrikeAttack","ReplayTheSpireMod:Strike From Hell","Perfected Strike+1","Slimebound:Replication","Slimebound:GoopTackle+1","Slimebound:LeadByExample+1","Slimebound:LeechLife+1","Slimebound:ViciousTackle+1","Slimebound:FinishingTackle+1","Slimebound:RejuvenatingLick+1","Slimebound:RejuvenatingLick+1","Slimebound:LeechLife+1","Slimebound:FormOfPuddle","Slimebound:Replication","Slimebound:BestDefense+1","Slimebound:Gluttony+1","Slimebound:ViciousTackle+1","Slimebound:GrowthPunch+1","Slimebound:WasteNot","Slimebound:GoopSpray","Slimebound:SlimeBrawl","Slimebound:ComboTackle+1","Slimebound:SplitAcid+1"],"relics":["Slimebound:AbsorbEndCombat","EVO:Axolotl","Eternal Feather","Regal Pillow","MealTicket","Slimebound:AggressiveSlimeRelic","hubris:BlackHole","Omamori","aspiration:HiddenCompartment","White Beast Statue","Matryoshka","infinitespire:Bottled Soul","Black Star","infinitespire:EvilPickle","vexMod:ImprovementManual","Dream Catcher","PreservedInsect","aspiration:FrozenJewel","StuffTheSpire:Mouthbags","hubris:MobiusCoin","StuffTheSpire:Gunfinga","paleoftheancients:Timepiece","Orichalcum","Letter Opener","paleoftheancients:SoulOfTheCollector","Slimebound:SelfDamagePreventRelic","StrikeDummy","infinitespire:Beetle Shell","Strange Spoon","vexMod:MemoryStick","vexMod:BarristanHead"],"acts_visited":["Exordium","TheCity","TheBeyond","paleoftheancients:PaleOfTheAncients"],"potions_floor_usage":[11,11,12,19,27,33,33,35,41,43,49,49,49,49,52,62,62],"damage_taken":[{"damage":7.0,"enemies":"Small Slimes","floor":1.0,"turns":4.0},{"damage":21.0,"enemies":"Jaw Worm","floor":2.0,"turns":3.0},{"damage":36,"enemies":"3 Sentries","floor":7,"turns":7},{"damage":7,"enemies":"Cultist","floor":10,"turns":2},{"damage":11,"enemies":"Looter","floor":11,"turns":2},{"damage":14,"enemies":"Lots of Slimes","floor":12,"turns":2},{"damage":16,"enemies":"Lagavulin","floor":13,"turns":5},{"damage":14,"enemies":"Exordium Wildlife","floor":14,"turns":3},{"damage":57,"enemies":"Hexaghost","floor":16,"turns":7},{"damage":0,"enemies":"Chosen","floor":18,"turns":1},{"damage":18,"enemies":"3 Byrds","floor":19,"turns":3},{"damage":7,"enemies":"3 Cultists","floor":24,"turns":2},{"damage":45,"enemies":"Nightmare","floor":27,"turns":4},{"damage":14,"enemies":"Replay:Snechameleon","floor":30,"turns":2},{"damage":32,"enemies":"Snake Plant","floor":31,"turns":3},{"damage":33,"enemies":"Chosen and Byrds","floor":32,"turns":3},{"damage":20,"enemies":"Slavers","floor":33,"turns":2},{"damage":60,"enemies":"Pondfish","floor":35,"turns":6},{"damage":7,"enemies":"3 Darklings","floor":37,"turns":1},{"damage":6,"enemies":"3 Shapes","floor":38,"turns":2},{"damage":48,"enemies":"Maw","floor":40,"turns":4},{"damage":26,"enemies":"Writhing Mass","floor":41,"turns":2},{"damage":10,"enemies":"Spire Growth","floor":43,"turns":3},{"damage":18,"enemies":"3 Darklings","floor":46,"turns":2},{"damage":23,"enemies":"Reptomancer","floor":47,"turns":2},{"damage":25,"enemies":"4 Shapes","floor":48,"turns":3},{"damage":25,"enemies":"Nemesis","floor":49,"turns":5},{"damage":19,"enemies":"Sphere and 2 Shapes","floor":50,"turns":3},{"damage":4,"enemies":"Replay:Hell Engine","floor":52,"turns":2},{"damage":4,"enemies":"Replay:Hell Engine","floor":53,"turns":1},{"damage":12,"enemies":"Replay:Hell Engine","floor":54,"turns":2},{"damage":4,"enemies":"Replay:Hell Engine","floor":58,"turns":2},{"damage":52,"enemies":"paleoftheancients:N","floor":62,"turns":7}],"seed_played":"-1236112691717437928","potions_obtained":[{"floor":1.0,"key":"blueLaboratory:BottleOfRum"},{"floor":4,"key":"jedi:mysterypotion"},{"floor":7,"key":"Toxic Potion"},{"floor":11,"key":"blueLaboratory:CorrosionFlask"},{"floor":16,"key":"blueLaboratory:EnragingPotion"},{"floor":19,"key":"DDmod:CleansePotion"},{"floor":24,"key":"Adrenaline Potion"},{"floor":30,"key":"Block Potion"},{"floor":31,"key":"Death Potion"},{"floor":32,"key":"champ:CounterPotion"},{"floor":33,"key":"Venom Potion"},{"floor":35,"key":"BlessingOfTheForge"},{"floor":37,"key":"Explosive Potion"},{"floor":38,"key":"Reflective Coating"},{"floor":40,"key":"LifebloodPotion"},{"floor":41,"key":"SteroidPotion"},{"floor":43,"key":"EntropicBrew"},{"floor":49,"key":"SteroidPotion"},{"floor":53,"key":"jedi:wingpotion"}],"is_trial":false,"path_per_floor":["M","M","$","?","?","R","E","R","T","M","M","M","E","M","R","B",null,"M","M","?","$","?","R","M","PTL","PTL","NM","T","R","E","M","M","E","R","B",null,"M","M","AVR","M","M","R","M","R","T","M","E","M","E","M","R","B","M","M","?","$","R","M","R","$","?","B",null],"character_chosen":"SLIMEBOUND","items_purchased":["Slimebound:Replication","Slimebound:GoopTackle","Omamori","Slimebound:SelfDamagePreventRelic","StrikeDummy","infinitespire:Beetle Shell","Strange Spoon","vexMod:MemoryStick","vexMod:BarristanHead"],"campfire_rested":0,"item_purchase_floors":[21,21,21,56,56,56,60,60,60],"current_hp_per_floor":[60,51,51,42,42,48,36,42,42,47,42,34,42,42,51,48,66,66,52,52,66,66,66,63,63,63,43,43,61,66,46,49,45,63,60,66,66,66,66,63,52,66,62,66,66,66,59,53,62,58,66,72,72,72,72,72,72,72,72,72,72,72],"gold":7,"neow_bonus":"UPGRADE_CARD","is_daily":false,"chose_seed":false,"campfire_upgraded":11,"win_rate":0.0,"timestamp":1609885781,"path_taken":["M","M","$","?","?","R","E","R","T","M","M","?","E","M","R","BOSS","M","M","?","$","?","R","M","PTL","PTL","NM","T","R","E","?","M","E","R","BOSS","M","M","AVR","M","M","R","M","R","T","M","E","M","E","M","R","BOSS","M","M","?","$","R","M","R","$","?","BOSS"],"items_purchased_type":["Card","Card","Relic","Relic","Relic","Relic","Relic","Relic","Relic"],"build_version":"2020-12-22","purchased_purges":2,"victory":true,"max_hp_per_floor":[60,60,60,66,66,66,66,66,66,66,66,66,66,66,66,66,66,66,66,66,66,66,66,66,66,66,66,66,66,66,66,66,66,66,66,66,66,66,66,66,66,66,66,66,66,66,66,66,66,66,66,72,72,72,72,72,72,72,72,72,72,72],"card_choices":[{"not_picked":["Slimebound:SplitAcid","Slimebound:FinishingTackle"],"picked":"Slimebound:GoopSpray","floor":1.0},{"not_picked":["Slimebound:PressTheAttack","Slimebound:SlimeBrawl"],"picked":"Slimebound:FlameTackle","floor":2.0},{"not_picked":["Slimebound:SlimeSpikes","Slimebound:FinishingTackle"],"picked":"Slimebound:SplitMire","floor":4},{"not_picked":["Slimebound:Schlurp","Slimebound:HungryTackle"],"picked":"Slimebound:RejuvenatingLick","floor":7},{"not_picked":["Slimebound:SplitLeeching","Slimebound:ViciousTackle"],"picked":"Slimebound:SlimeBarrage","floor":10},{"not_picked":["Slimebound:GrowthPunch","Slimebound:SplitAcid"],"picked":"Slimebound:RejuvenatingLick","floor":11},{"not_picked":["Slimebound:ComboTackle","Slimebound:SplitLeeching"],"picked":"Slimebound:FirmFortitude","floor":12},{"not_picked":["Slimebound:LeechEnergy","Slimebound:FinishingTackle"],"picked":"Slimebound:Recycling","floor":13},{"not_picked":["Slimebound:SlimeSpikes","Slimebound:SplitBruiser"],"picked":"Slimebound:Grow","floor":14},{"not_picked":["Slimebound:RallyTheTroops","Slimebound:Teamwork"],"picked":"Slimebound:OozeBath","floor":16},{"not_picked":["Slimebound:GrowthPunch+1","Slimebound:SplitLeeching"],"picked":"Slimebound:DisruptingSlam+1","floor":18},{"not_picked":["Slimebound:ComboTackle","Slimebound:SplitAcid"],"picked":"Slimebound:LeadByExample+1","floor":19},{"not_picked":["Slimebound:SlimeSpikes","Slimebound:SplitLeeching"],"picked":"Slimebound:LeadByExample+1","floor":24},{"not_picked":["Slimebound:ComboTackle","Slimebound:RejuvenatingLick+1"],"picked":"Slimebound:LeechLife","floor":27},{"not_picked":["Slimebound:OneTwoCombo","Slimebound:Prepare+1"],"picked":"Slimebound:ViciousTackle","floor":30},{"not_picked":["Slimebound:SplitLeeching","Slimebound:PressTheAttack"],"picked":"Slimebound:FinishingTackle+1","floor":31},{"not_picked":["Slimebound:LevelUp","Slimebound:SpikyOuterGoop+1"],"picked":"Slimebound:RejuvenatingLick","floor":32},{"not_picked":["Slimebound:BestDefense","Slimebound:SamplingLick"],"picked":"Slimebound:RejuvenatingLick","floor":33},{"not_picked":["Slimebound:OozeBath","Slimebound:SelfFormingGoo"],"picked":"Slimebound:LeechLife","floor":35},{"not_picked":["Slimebound:HauntingLick","Slimebound:FinishingTackle+1"],"picked":"Slimebound:FormOfPuddle","floor":37},{"not_picked":["Slimebound:ViciousTackle+1","Slimebound:SlimeBarrage+1"],"picked":"Slimebound:Replication","floor":38},{"not_picked":["Slimebound:Recycling","Slimebound:SplitMire+1"],"picked":"Slimebound:BestDefense+1","floor":40},{"not_picked":["Slimebound:ComboTackle+1","Slimebound:SplitBruiser"],"picked":"Slimebound:Gluttony","floor":41},{"not_picked":["Slimebound:SlimeSpikes+1","Slimebound:FinishingTackle"],"picked":"Slimebound:GrowthPunch+1","floor":43},{"not_picked":["Slimebound:GrowthPunch","Slimebound:LeechEnergy+1"],"picked":"Slimebound:ViciousTackle+1","floor":46},{"not_picked":["Slimebound:Schlurp+1","Slimebound:FirmFortitude+1"],"picked":"Slimebound:WasteNot","floor":47},{"not_picked":["Slimebound:SlimeSpikes+1","Slimebound:Repurpose+1","Slimebound:GrowthPunch"],"picked":"SKIP","floor":48},{"not_picked":["Slimebound:FlameTackle","Slimebound:Dissolve"],"picked":"Slimebound:GoopSpray","floor":49},{"not_picked":["Slimebound:Prepare","Slimebound:ComboTackle+1"],"picked":"Slimebound:SlimeBrawl","floor":50},{"not_picked":["Slimebound:ViciousTackle+1","Slimebound:Recollect"],"picked":"Slimebound:ComboTackle+1","floor":53},{"not_picked":["Slimebound:RollThrough","Slimebound:FinishingTackle"],"picked":"Slimebound:SplitAcid+1","floor":54},{"not_picked":["Slimebound:SamplingLick+1","Slimebound:FormOfPuddle+1","Slimebound:ProtectTheBoss+1"],"picked":"SKIP","floor":58}],"player_experience":520770,"relics_obtained":[{"floor":4,"key":"vexMod:BerryBomb"},{"floor":7,"key":"Regal Pillow"},{"floor":9,"key":"MealTicket"},{"floor":13,"key":"Slimebound:AggressiveSlimeRelic"},{"floor":27,"key":"aspiration:HiddenCompartment"},{"floor":28,"key":"White Beast Statue"},{"floor":30,"key":"Matryoshka"},{"floor":33,"key":"infinitespire:Bottled Soul"},{"floor":45,"key":"Dream Catcher"},{"floor":45,"key":"PreservedInsect"},{"floor":47,"key":"aspiration:FrozenJewel"},{"floor":47,"key":"StuffTheSpire:Mouthbags"},{"floor":49,"key":"hubris:MobiusCoin"},{"floor":49,"key":"StuffTheSpire:Gunfinga"},{"floor":54,"key":"paleoftheancients:SoulOfTheCollector"}],"event_choices":[{"cards_removed":["Slimebound:Defend_Slimebound"],"damage_healed":0,"gold_gain":0,"player_choice":"Purged","damage_taken":0,"max_hp_gain":0,"max_hp_loss":0,"event_name":"Purifier","floor":22,"gold_loss":0}],"is_beta":false,"boss_relics":[{"not_picked":["energizedSpire:CursedPentagram","Philosopher\u0027s Stone"],"picked":"hubris:BlackHole"},{"not_picked":["Calling Bell","Painkiller Herb"],"picked":"Black Star"}],"items_purged_floors":[3,56],"is_endless":false,"potions_floor_spawned":[1,7,11,16,19,24,30,31,32,33,35,37,38,40,41,43,46,47,48,49,50,53,54,58],"ascension_level":2}}