{"host":"a7dhdzm3fda48fos","time":1609876205,"event":{"mods":["AchievementEnabler","AlwaysNeverKeys","BaseMod","Better Altar","Better Note","Better Sensory Stone","Better Skull","Better Third Choice","Block Reminder","Colored Map","Gold Saver","Minty Spire (QoL Compilation)","Quick Restart","Relic Sorter","Relic Stats","Remove Card Discount Mod","Shop Mod","Spicy Shops","StSLib"],"gold_per_floor":[999,999,422,433,433,460,471,487,487,487,214,214,228,228,228,332,332,342,18,30,48,59,59,90,102,102,102,212,212,231,231,231,333,333,344,344,359,17,30,30,30,30,57,69,69,69,69,100,100,100,100],"floor_reached":50,"playtime":2949,"items_purged":[],"score":515,"play_id":"76fd6396-6f82-45f5-af05-f6fe3a06a83e","local_time":"20210105205005","is_ascension_mode":false,"campfire_choices":[{"floor":15,"key":"REST"},{"floor":23,"key":"REST"},{"data":"Establishment","floor":27,"key":"SMITH"},{"floor":32,"key":"REST"},{"floor":40,"key":"REST"},{"floor":42,"key":"REST"},{"data":"DevaForm","floor":45,"key":"SMITH"},{"floor":49,"key":"REST"}],"circlet_count":0,"master_deck":["Strike_P","Strike_P","Strike_P+1","Strike_P","Defend_P","Defend_P+1","Defend_P+1","Defend_P","Eruption+1","Vigilance","Finesse","FlurryOfBlows","Study","FollowUp","Consecrate+1","PathToVictory","FlyingSleeves","Devotion","CurseOfTheBell","Tantrum+1","LikeWater","FollowUp","Prostrate","Establishment+1","FlyingSleeves+1","SashWhip+1","DevaForm+1","FlurryOfBlows+1","PathToVictory","Weave+1","Consecrate+1","SignatureMove+1","FlyingSleeves+1","CutThroughFate+1"],"relics":["PureWater","Mummified Hand","Lantern","MerchantsRug","Oddly Smooth Stone","Unceasing Top","Ancient Tea Set","Du-Vu Doll","Juzu Bracelet","Blue Candle","Molten Egg 2","WarpedTongs","Philosopher\u0027s Stone","Toxic Egg 2","Toolbox","Damaru","Dream Catcher","Torii"],"acts_visited":["Exordium","TheCity","TheBeyond"],"potions_floor_usage":[16,16,16,30,30,33,33,33,50],"damage_taken":[{"damage":1,"enemies":"2 Louse","floor":1,"turns":2},{"damage":0,"enemies":"Jaw Worm","floor":4,"turns":3},{"damage":20,"enemies":"Gremlin Nob","floor":6,"turns":4},{"damage":0,"enemies":"Small Slimes","floor":7,"turns":3},{"damage":0,"enemies":"Blue Slaver","floor":8,"turns":2},{"damage":6,"enemies":"3 Louse","floor":13,"turns":3},{"damage":17,"enemies":"The Guardian","floor":16,"turns":6},{"damage":8,"enemies":"2 Thieves","floor":18,"turns":3},{"damage":1,"enemies":"Chosen","floor":20,"turns":3},{"damage":11,"enemies":"Centurion and Healer","floor":21,"turns":6},{"damage":22,"enemies":"Snake Plant","floor":22,"turns":4},{"damage":2,"enemies":"Book of Stabbing","floor":24,"turns":4},{"damage":13,"enemies":"Snecko","floor":25,"turns":4},{"damage":1,"enemies":"Sentry and Sphere","floor":30,"turns":2},{"damage":27,"enemies":"Collector","floor":33,"turns":5},{"damage":6,"enemies":"Orb Walker","floor":35,"turns":4},{"damage":20,"enemies":"3 Shapes","floor":37,"turns":2},{"damage":44,"enemies":"Writhing Mass","floor":39,"turns":2},{"damage":6,"enemies":"Maw","floor":44,"turns":3},{"damage":19,"enemies":"Giant Head","floor":48,"turns":4},{"damage":99,"enemies":"Time Eater","floor":50,"turns":6}],"seed_played":"-3533294529320877465","potions_obtained":[{"floor":4,"key":"PowerPotion"},{"floor":8,"key":"Ambrosia"},{"floor":13,"key":"CultistPotion"},{"floor":16,"key":"SmokeBomb"},{"floor":18,"key":"BlessingOfTheForge"},{"floor":20,"key":"Dexterity Potion"},{"floor":22,"key":"Explosive Potion"},{"floor":30,"key":"BlessingOfTheForge"},{"floor":31,"key":"EssenceOfSteel"},{"floor":31,"key":"LiquidBronze"},{"floor":31,"key":"Explosive Potion"},{"floor":35,"key":"Block Potion"},{"floor":48,"key":"Block Potion"}],"is_trial":false,"path_per_floor":["M","?","$","M","?","E","M","M","T","?","$","?","M","T","R","B",null,"M","$","M","M","M","R","E","M","T","R","?","?","M","?","R","B",null,"M","?","M","$","M","R","$","R","T","M","R","?","?","E","R","B"],"character_chosen":"WATCHER","items_purchased":["Lee\u0027s Waffle","Mummified Hand","Lantern","Study","MerchantsRug","Oddly Smooth Stone","Omamori","Juzu Bracelet","Blue Candle","Toxic Egg 2","Toolbox","Damaru","Consecrate+1"],"campfire_rested":6,"item_purchase_floors":[3,3,3,3,11,11,19,19,19,38,38,38,38],"current_hp_per_floor":[71,71,79,79,79,59,59,59,59,59,59,43,37,37,60,43,79,71,71,70,59,37,60,58,45,45,45,21,21,30,30,53,41,79,73,73,53,53,9,32,32,55,55,49,49,49,54,35,58,0,0],"gold":100,"neow_bonus":"RANDOM_COLORLESS","is_daily":false,"chose_seed":false,"campfire_upgraded":2,"win_rate":0.0,"timestamp":1609876205,"path_taken":["M","?","$","M","?","E","M","M","T","?","$","?","M","?","R","BOSS","M","$","M","M","M","R","E","M","T","R","?","?","M","?","R","BOSS","M","?","M","$","M","R","?","R","T","M","R","?","?","E","R","BOSS"],"items_purchased_type":["Relic","Relic","Relic","Card","Relic","Relic","Relic","Relic","Relic","Relic","Relic","Relic","Card"],"build_version":"2020-12-22","purchased_purges":0,"victory":false,"max_hp_per_floor":[72,72,79,79,79,79,79,79,79,79,79,79,79,79,79,79,79,79,79,79,79,79,79,79,79,79,79,79,79,79,79,79,79,79,79,79,79,79,79,79,79,79,79,79,79,79,79,79,79,79,79],"relic_stats":{"Dream Catcher":1,"Torii":4,"counters":[21,75],"Mummified Hand":[54],"Blue Candle":[10],"Juzu Bracelet":1,"obtain_stats":[{"Lantern":3,"Torii":48,"Juzu Bracelet":19,"Ancient Tea Set":17,"Dream Catcher":43,"Mummified Hand":3,"Toolbox":38,"Philosopher\u0027s Stone":34,"Toxic Egg 2":38,"Potion Belt":28,"MerchantsRug":11,"Lee\u0027s Waffle":3,"Blue Candle":19,"Oddly Smooth Stone":11,"Damaru":38,"Omamori":19,"War Paint":6,"White Beast Statue":17,"WarpedTongs":29,"Calling Bell":17,"Du-Vu Doll":17,"Molten Egg 2":24,"Bag of Marbles":9,"PureWater":0,"Unceasing Top":14,"Toy Ornithopter":26},{"Lantern":1,"Torii":20,"Juzu Bracelet":8,"Ancient Tea Set":7,"Dream Catcher":18,"Mummified Hand":1,"Toolbox":17,"Philosopher\u0027s Stone":15,"Toxic Egg 2":17,"Potion Belt":13,"MerchantsRug":5,"Lee\u0027s Waffle":1,"Blue Candle":8,"Oddly Smooth Stone":5,"Damaru":17,"Omamori":8,"War Paint":3,"White Beast Statue":7,"WarpedTongs":13,"Calling Bell":7,"Du-Vu Doll":7,"Molten Egg 2":12,"Bag of Marbles":5,"PureWater":0,"Unceasing Top":6,"Toy Ornithopter":13},{"Lantern":2,"Torii":69,"Juzu Bracelet":26,"Ancient Tea Set":23,"Dream Catcher":62,"Mummified Hand":2,"Toolbox":60,"Philosopher\u0027s Stone":54,"Toxic Egg 2":60,"Potion Belt":47,"MerchantsRug":14,"Lee\u0027s Waffle":2,"Blue Candle":26,"Oddly Smooth Stone":14,"Damaru":60,"Omamori":26,"War Paint":9,"White Beast Statue":23,"WarpedTongs":47,"Calling Bell":23,"Du-Vu Doll":23,"Molten Egg 2":43,"Bag of Marbles":14,"PureWater":0,"Unceasing Top":17,"Toy Ornithopter":47}],"Unceasing Top":[74],"WarpedTongs":[28]},"card_choices":[{"not_picked":["Dramatic Entrance","Enlightenment"],"picked":"Finesse","floor":0},{"not_picked":["ReachHeaven","EmptyBody"],"picked":"FlurryOfBlows","floor":1},{"not_picked":["WheelKick","Collect"],"picked":"FollowUp","floor":4},{"not_picked":["Brilliance","EmptyBody"],"picked":"Consecrate","floor":6},{"not_picked":["CutThroughFate","Prostrate"],"picked":"ThirdEye","floor":7},{"not_picked":["Conclude","WreathOfFlame"],"picked":"PathToVictory","floor":8},{"not_picked":["Protect","BattleHymn"],"picked":"FlyingSleeves","floor":13},{"not_picked":["MasterReality","Omniscience"],"picked":"Devotion","floor":16},{"not_picked":["Weave","DeceiveReality"],"picked":"Tantrum+1","floor":18},{"not_picked":["FlurryOfBlows","FollowUp+1"],"picked":"LikeWater","floor":20},{"not_picked":["Study+1","WindmillStrike"],"picked":"FollowUp","floor":21},{"not_picked":["Crescendo","EmptyFist"],"picked":"Prostrate","floor":22},{"not_picked":["CutThroughFate+1","WaveOfTheHand"],"picked":"Establishment","floor":24},{"not_picked":["Evaluate","FearNoEvil+1"],"picked":"FlyingSleeves+1","floor":25},{"not_picked":["LikeWater","ThirdEye"],"picked":"SashWhip+1","floor":30},{"not_picked":["Establishment","ConjureBlade"],"picked":"DevaForm","floor":33},{"not_picked":["FearNoEvil+1","Consecrate+1"],"picked":"FlurryOfBlows+1","floor":35},{"not_picked":["CutThroughFate+1","FollowUp+1"],"picked":"Weave+1","floor":37},{"not_picked":["FlyingSleeves+1","SandsOfTime+1"],"picked":"SignatureMove+1","floor":39},{"not_picked":["EmptyFist+1","SandsOfTime+1"],"picked":"PathToVictory+1","floor":44},{"not_picked":["Blasphemy+1","Tantrum+1"],"picked":"FlyingSleeves+1","floor":48},{"not_picked":["BowlingBash+1","SandsOfTime+1"],"picked":"CutThroughFate+1","floor":49}],"player_experience":72488,"relics_obtained":[{"floor":6,"key":"War Paint"},{"floor":9,"key":"Bag of Marbles"},{"floor":14,"key":"Unceasing Top"},{"floor":17,"key":"Ancient Tea Set"},{"floor":17,"key":"White Beast Statue"},{"floor":17,"key":"Du-Vu Doll"},{"floor":24,"key":"Molten Egg 2"},{"floor":26,"key":"Toy Ornithopter"},{"floor":43,"key":"Dream Catcher"},{"floor":48,"key":"Torii"}],"event_choices":[{"damage_healed":0,"gold_gain":0,"player_choice":"Grow","damage_taken":0,"max_hp_gain":0,"max_hp_loss":0,"event_name":"Living Wall","floor":2,"gold_loss":0,"cards_upgraded":["Eruption"]},{"damage_healed":0,"gold_gain":0,"player_choice":"Ignored","damage_taken":433,"max_hp_gain":0,"max_hp_loss":0,"event_name":"betterThird:BetterSerpent","floor":5,"gold_loss":0},{"damage_healed":0,"gold_gain":0,"player_choice":"Ignored","damage_taken":0,"max_hp_gain":0,"max_hp_loss":0,"event_name":"Golden Wing","floor":10,"gold_loss":0},{"damage_healed":59,"gold_gain":0,"player_choice":"Upgrade","damage_taken":16,"max_hp_gain":0,"max_hp_loss":79,"event_name":"betterThird:BetterShining","floor":12,"gold_loss":0,"cards_upgraded":["Strike_P","Consecrate"]},{"damage_healed":0,"gold_gain":110,"player_choice":"RE GO ","damage_taken":27,"relics_obtained":["Potion Belt"],"max_hp_gain":0,"max_hp_loss":0,"event_name":"betterSkull:BetterSkull","floor":28,"gold_loss":0,"cards_upgraded":[]},{"damage_healed":0,"gold_gain":0,"player_choice":"Rummage","damage_taken":0,"relics_obtained":["WarpedTongs"],"max_hp_gain":0,"max_hp_loss":0,"event_name":"Accursed Blacksmith","floor":29,"gold_loss":0,"cards_obtained":["Pain"]},{"damage_healed":0,"gold_gain":0,"player_choice":"Got Potions","damage_taken":0,"max_hp_gain":0,"max_hp_loss":0,"event_name":"Lab","floor":31,"gold_loss":0},{"damage_healed":0,"gold_gain":0,"player_choice":"1 cards matched","damage_taken":0,"max_hp_gain":0,"max_hp_loss":0,"event_name":"Match and Keep!","floor":36,"gold_loss":0,"cards_obtained":["PathToVictory"]},{"cards_removed":["PathToVictory"],"damage_healed":0,"gold_gain":0,"player_choice":"Removed Skill","damage_taken":0,"max_hp_gain":0,"max_hp_loss":0,"event_name":"Falling","floor":46,"gold_loss":0},{"cards_removed":["ThirdEye"],"damage_healed":5,"gold_gain":0,"player_choice":"Offered Common","damage_taken":0,"max_hp_gain":0,"max_hp_loss":0,"event_name":"Bonfire Elementals","floor":47,"gold_loss":0},{"cards_removed":["ThirdEye"],"damage_healed":5,"gold_gain":0,"player_choice":"Offered Special","damage_taken":0,"max_hp_gain":0,"max_hp_loss":0,"event_name":"Bonfire Elementals","floor":47,"gold_loss":0}],"is_beta":false,"boss_relics":[{"not_picked":["Astrolabe","Cursed Key"],"picked":"Calling Bell"},{"not_picked":["HolyWater","Runic Pyramid"],"picked":"Philosopher\u0027s Stone"}],"items_purged_floors":[],"is_endless":false,"potions_floor_spawned":[4,8,13,16,18,20,22,30,35,48],"killed_by":"Time Eater","ascension_level":0}}