{"host":"w5vfr18i2ft1pzo2","time":1609865057,"event":{"mods":["Act Like it!","Aspiration","BaseMod","Better Third Choice","BetterRewards","Colored Map","Colored Powertips","Conspire","Curses Come First","DNKmod","Defuse TimeMaze Blight","Dota2Spire","Energized Spire","Evolution","Force Act Four","Friendly Minions","Gensokyo","GifTheSpireLib","Gold Saver","Halation","Hubris","Hyrulean Relics","Infinite Spire","Jedi Mod","Marisa????????","Minty Spire (QoL Compilation)","MostiFishMod","Prisma Mod","Remilia??????","Replay The Spire","SacredBarkPlus","Small Relic Pack","Spicy Shops","Spikes Relics","StSLib","Stuff the Spire","Synergy Search","The Blue Laboratory","The Servant 0.9.4","Trackpad","Treasure Hunter","Uncapped","Wandering Minibosses","Yakumo Yukari mod","noobMod","vexMod","??????REMEMod"],"gold_per_floor":[2444,1585,1585,1597,1576,1576,1601,83,83,83,111,128,179,196,196,294,294,313,325,325,325,356,356,374,405,405,405,405,421,435,452,452,551,551,1163,1163,1163,1173,1189,1218,1218,1218,1218,1230,1230,1230,1255,1265,1265,1265,1265,1265,985,1018,1018],"floor_reached":56,"playtime":1812,"items_purged":["Defend_B","Regret","Defend_B"],"score":1780,"play_id":"db7880d3-b699-47f4-a96f-94ad52e99a8e","local_time":"20210106004417","is_ascension_mode":true,"campfire_choices":[{"floor":6.0,"key":"RECALL"},{"data":"Compile Driver","floor":10.0,"key":"SMITH"},{"data":"hubris:InfiniteBlow","floor":23,"key":"SMITH"},{"data":"hubris:InfiniteBlow+1","floor":27,"key":"SMITH"},{"data":"hubris:InfiniteBlow+3","floor":41,"key":"SMITH"},{"data":"hubris:InfiniteBlow+4","floor":46,"key":"SMITH"},{"floor":49,"key":"DIG"},{"data":"hubris:InfiniteBlow+5","floor":52,"key":"SMITH"}],"circlet_count":0,"master_deck":["Strike_B","Strike_B","Strike_B","Strike_B","Defend_B","Defend_B","Zap","Dualcast","MostiFishMod:ButterFly","BasicCrystalCard","Tempest","TH:CursedSword","Compile Driver+1","TH:TreasureMap","TH:CursedSword","Machine Learning","Sweeping Beam","TH:TreasureMap","StuffTheSpire:Plugnplay","TH:CursedSword","MostiFishMod:ReadyAimFire","Coolheaded+1","Heatsinks","hubris:InfiniteBlow+6","Tempest+1","Defragment","TH:DeckOfManyThings","ReplayRNGCard","TH:DeckOfManyThings","Heatsinks","Hologram+1","StuffTheSpire:Plugnplay","TH:CursedSword","ReplayRNGCard","Compile Driver+1","StuffTheSpire:Perfection","Capacitor+1","Hologram+1","TH:ElvenBoots","BasicCrystalCard","TH:CursedSword","TH:Mimic","BasicCrystalCard","MostiFishMod:ButterFly","Discovery","REME_PuzzleBox","TH:CursedSword","DiskWipe+1","Chaos+1","TH:DeckOfManyThings","Panic Button+1","hubris:Greed"],"relics":["FrozenCore","EVO:Axolotl","DaveBox","ice","REME_ComplimentaryCards","aspiration:Nostalgia","PureWater","SynthV:TestCard","Dota2Spire:MonkeyKingBar","ReplayTheSpireMod:TigerMarble","halation:Toothbrush","betterThird:SlimedRelic","REME_PuzzleBoxRelic","BirthdayGift-Tetrahedron","hubris:Metronome","infinitespire:Lychee Nut","halation:KoshaPiece","vexMod:FocusSash","halation:PinkSoulGem","hubris:KleinBottle","Dota2Spire:PhaseBoots","SpikesRelics:ToyHorsey","wanderingMiniBosses:CarrionFlame","halation:PapillonHeart","Snack Pack","Pantograph","aspiration:SeaSaltIceCream","Shovel","jedi:crownofsimplicity","infinitespire:EmpoweringShard","SynthV:C4"],"acts_visited":["Exordium","TheCity","TheBeyond","TheEnding"],"potions_floor_usage":[55,55,55,55,55,55,55,55,55,55],"damage_taken":[{"damage":0.0,"enemies":"Cultist","floor":1.0,"turns":3.0},{"damage":8.0,"enemies":"conspire:RoseBush","floor":4.0,"turns":2.0},{"damage":0.0,"enemies":"Gremlin Nob","floor":7.0,"turns":2.0},{"damage":2.0,"enemies":"3 Sentries","floor":11.0,"turns":2.0},{"damage":0.0,"enemies":"Jaw Worm","floor":12.0,"turns":1.0},{"damage":0.0,"enemies":"Large Slime","floor":14.0,"turns":1.0},{"damage":4,"enemies":"Slime Boss","floor":16,"turns":3},{"damage":0,"enemies":"Chosen","floor":18,"turns":1},{"damage":9,"enemies":"2 Thieves","floor":19,"turns":2},{"damage":0,"enemies":"conspire:MimicChest","floor":22,"turns":1},{"damage":6,"enemies":"Chosen and Byrds","floor":24,"turns":2},{"damage":4,"enemies":"conspire:Head Lice","floor":25,"turns":3},{"damage":0,"enemies":"Snake Plant","floor":29,"turns":1},{"damage":10,"enemies":"Cultist and Chosen","floor":30,"turns":2},{"damage":0,"enemies":"3 Cultists","floor":31,"turns":3},{"damage":6,"enemies":"conspire:MysteriousRune","floor":33,"turns":3},{"damage":2,"enemies":"Orb Walker","floor":35,"turns":2},{"damage":2,"enemies":"3 Shapes","floor":38,"turns":2},{"damage":0,"enemies":"Sphere and 2 Shapes","floor":39,"turns":1},{"damage":0,"enemies":"Reptomancer","floor":40,"turns":1},{"damage":2,"enemies":"Spire Growth","floor":44,"turns":2},{"damage":2,"enemies":"R_Hoarder","floor":47,"turns":2},{"damage":2,"enemies":"3 Darklings","floor":48,"turns":2},{"damage":11,"enemies":"hubris:GrandSnecko","floor":50,"turns":3},{"damage":7,"enemies":"Shield and Spear","floor":54,"turns":2},{"damage":8,"enemies":"The Heart","floor":55,"turns":4}],"seed_played":"5879905453135810101","potions_obtained":[{"floor":1.0,"key":"blueLaboratory:BubblePotion"},{"floor":7.0,"key":"jedi:StrikingPotion"}],"is_trial":false,"path_per_floor":["M","$","?","M","?","R","E","$","T","R","E","M","T","M","R_BF","B",null,"M","M","?","$","?","R","M","E","T","R","AVR","M","M","M","R_BF","B",null,"M","?","?","M","M","E","R","T","T","M","?","R","E","M","R","B",null,"R","$","E","B",null],"character_chosen":"DEFECT","items_purchased":["Flashbang","Dota2Spire:MonkeyKingBar","MostiFishMod:ButterFly","BasicCrystalCard","ReplayTheSpireMod:TigerMarble","BirthdayGift-Tetrahedron","hubris:Metronome","Compile Driver","hubris:KleinBottle","SynthV:C4"],"campfire_rested":0,"item_purchase_floors":[2,2,2,2,2,8,8,8,21,53],"current_hp_per_floor":[75,75,75,71,60,60,60,63,63,63,58,58,58,58,58,56,58,58,49,49,30,30,30,27,28,28,28,28,32,25,34,34,33,58,56,55,55,53,55,58,58,58,58,56,46,46,56,56,56,49,58,58,61,54,61],"gold":1018,"neow_bonus":"NOSTALGIA","is_daily":false,"chose_seed":false,"campfire_upgraded":6,"win_rate":0.0,"timestamp":1609865057,"path_taken":["M","?","?","M","?","R","E","?","T","R","E","M","?","?","R_BF","BOSS","M","M","?","?","?","R","M","E","T","R","AVR","?","M","M","R_BF","BOSS","M","?","?","?","M","E","R","?","T","M","?","R","E","M","R","BOSS","R","$","E","BOSS"],"items_purchased_type":["Potion","Relic","Card","Card","Relic","Relic","Relic","Card","Relic","Relic"],"build_version":"2020-12-22","purchased_purges":3,"victory":true,"max_hp_per_floor":[75,75,75,75,75,75,75,78,78,78,58,58,58,58,58,58,58,58,58,58,58,58,58,58,58,58,58,58,58,58,58,58,58,58,58,55,55,55,55,58,58,58,58,58,58,58,58,58,58,58,58,58,61,61,61],"card_choices":[{"not_picked":["StuffTheSpire:LoadUp","Ball Lightning","StuffTheSpire:Plugnplay"],"picked":"SKIP","floor":1.0},{"not_picked":["Cold Snap","Gash","Redo","MostiFishMod:PushDownKick"],"picked":"Tempest","floor":4.0},{"not_picked":["TH:ArmorSpikes","TH:TreasureMap","TH:Mimic"],"picked":"TH:CursedSword","floor":7.0},{"not_picked":["jedi:BurstLightning","Steam","ReplayGash","jedi:BurstDark","Barrage"],"picked":"SKIP","floor":7.0},{"not_picked":["TH:CopperCoins","TH:ArmorSpikes","TH:ElvenBoots"],"picked":"TH:TreasureMap","floor":9.0},{"not_picked":["TH:ArmorSpikes","TH:Mimic","TH:CopperCoins"],"picked":"TH:CursedSword","floor":11.0},{"not_picked":["Go for the Eyes","Cold Snap","Ball Lightning","jedi:spotbugs"],"picked":"Machine Learning","floor":11.0},{"not_picked":["Compile Driver","StuffTheSpire:Plugnplay","Static Discharge","White Noise"],"picked":"Sweeping Beam","floor":12.0},{"not_picked":["TH:Mimic","TH:ElvenBoots","TH:ArmorSpikes"],"picked":"TH:TreasureMap","floor":13.0},{"not_picked":["Beam Cell","jedi:meditation","jedi:markofdeath","BasicCrystalCard"],"picked":"StuffTheSpire:Plugnplay","floor":14.0},{"not_picked":["TH:ArmorSpikes","TH:BikiniMail","TH:DeckOfManyThings"],"picked":"TH:CursedSword","floor":16},{"not_picked":["jedi:meditation","MostiFishMod:IntelligentEquipment","MostiFishMod:ActiveDefenseSystem","StuffTheSpire:ForEach"],"picked":"MostiFishMod:ReadyAimFire","floor":16},{"not_picked":["FTL+1","Conserve Battery+1","jedi:BurstFrost+1","Ball Lightning+1"],"picked":"Coolheaded+1","floor":18},{"not_picked":["ReplayTheSpireMod:Repulse","Conserve Battery","BasicCrystalCard+1","Hello World"],"picked":"Heatsinks","floor":19},{"not_picked":["infinitespire:Oblivion","infinitespire:FutureSight"],"picked":"hubris:InfiniteBlow","floor":21},{"not_picked":["Rebound","jedi:BurstLightning+1","Loop+1","Recycle"],"picked":"Tempest","floor":22},{"not_picked":["Panic Button","MostiFishMod:IceShield","RefreshScreen+1","MostiFishMod:PushDownKick"],"picked":"Defragment","floor":24},{"not_picked":["TH:PixieDust","TH:ArmorSpikes","TH:Mimic"],"picked":"TH:DeckOfManyThings","floor":25},{"not_picked":["jedi:BurstFrost","Go for the Eyes","Chill+1","conspire:SharedLibrary"],"picked":"ReplayRNGCard","floor":25},{"not_picked":["TH:CursedSword","TH:ArmorSpikes","TH:CopperCoins"],"picked":"TH:DeckOfManyThings","floor":26},{"not_picked":["Chill","ReplayTheSpireMod:Dual Polarity","MostiFishMod:Impulse","Redo+1"],"picked":"Heatsinks","floor":29},{"not_picked":["jedi:sharpshooter","StuffTheSpire:SnapShoot+1","Cold Snap","Streamline"],"picked":"Hologram","floor":30},{"not_picked":["StuffTheSpire:LoadUp","StuffTheSpire:Plugnplay","Fusion+1","MostiFishMod:FluxCapactior","Blizzard"],"picked":"SKIP","floor":31},{"not_picked":["StuffTheSpire:LoadUp","Fusion+1","MostiFishMod:FluxCapactior","Blizzard"],"picked":"StuffTheSpire:Plugnplay","floor":31},{"not_picked":["TH:CopperCoins","TH:EnergyPotion","TH:ElvenBoots"],"picked":"TH:CursedSword","floor":33},{"not_picked":["Meteor Strike","Reboot","Hyperbeam","ReplayTheSpireMod:Omega Cannon"],"picked":"ReplayRNGCard","floor":33},{"not_picked":["Double Energy+1","StuffTheSpire:CleanHardDrive","Panic Button+1","Rip and Tear"],"picked":"Compile Driver+1","floor":35},{"not_picked":["StuffTheSpire:Ambrosia","StuffTheSpire:Vigor"],"picked":"StuffTheSpire:Perfection","floor":37},{"not_picked":["Rip and Tear","Ball Lightning","jedi:hex","Coolheaded+1"],"picked":"Capacitor+1","floor":38},{"not_picked":["Go for the Eyes+1","conspire:SharedLibrary","StuffTheSpire:ShieldGenerator+1","Darkness"],"picked":"Hologram+1","floor":39},{"not_picked":["TH:Mimic","TH:BikiniMail","TH:ArmorSpikes"],"picked":"TH:ElvenBoots","floor":40},{"not_picked":["Coolheaded+1","Self Repair","Undo+1","Consume"],"picked":"BasicCrystalCard","floor":40},{"not_picked":["TH:TreasureMap","TH:CopperCoins","TH:EnergyPotion"],"picked":"TH:CursedSword","floor":42},{"not_picked":["TH:BikiniMail","TH:TreasureMap","TH:CopperCoins"],"picked":"TH:Mimic","floor":43},{"not_picked":["jedi:BurstFrost+1","Beam Cell","ReplayTheSpireMod:GoodbyeWorld","Force Field"],"picked":"BasicCrystalCard","floor":44},{"not_picked":["Replay:Sssssssssstrike","Blind","ReplayTheSpireMod:Trickstab","Flash of Steel"],"picked":"MostiFishMod:ButterFly","floor":45},{"not_picked":["jedi:forcepush","REME_HeartOfCthun","MostiFishMod:SupremeArchaeology","Jack Of All Trades"],"picked":"Discovery","floor":45},{"not_picked":["Replay:Dark Deal","ReplayTheSpireMod:Trickstab","Thinking Ahead","StuffTheSpire:FreeRealEstate"],"picked":"REME_PuzzleBox","floor":45},{"not_picked":["TH:ArmorSpikes","TH:Mimic","TH:ElvenBoots"],"picked":"TH:CursedSword","floor":47},{"not_picked":["REME_DataAnalysis","StuffTheSpire:ShieldGenerator","StuffTheSpire:LoadUp+1","Static Discharge+1"],"picked":"DiskWipe+1","floor":47},{"not_picked":["Reprogram","Barrage","Ball Lightning+1","Turbo"],"picked":"Chaos+1","floor":48},{"not_picked":["TH:ElvenBoots","TH:CursedSword","TH:EnergyPotion"],"picked":"TH:DeckOfManyThings","floor":54},{"not_picked":["Redo+1","BootSequence+1","Hologram+1","BasicCrystalCard"],"picked":"Panic Button+1","floor":54}],"player_experience":223437,"relics_obtained":[{"floor":1.0,"key":"SynthV:TestCard"},{"floor":7.0,"key":"REME_PuzzleBoxRelic"},{"floor":11.0,"key":"infinitespire:Lychee Nut"},{"floor":13.0,"key":"halation:KoshaPiece"},{"floor":15.0,"key":"vexMod:FocusSash"},{"floor":22,"key":"infinitespire:Freezer"},{"floor":25,"key":"Dota2Spire:PhaseBoots"},{"floor":26,"key":"SpikesRelics:ToyHorsey"},{"floor":31,"key":"wanderingMiniBosses:CarrionFlame"},{"floor":40,"key":"Snack Pack"},{"floor":42,"key":"Pantograph"},{"floor":43,"key":"aspiration:SeaSaltIceCream"},{"floor":47,"key":"jedi:crownofsimplicity"},{"floor":49,"key":"infinitespire:EmpoweringShard"}],"event_choices":[{"damage_healed":0.0,"max_hp_gain":0.0,"max_hp_loss":0.0,"gold_gain":0.0,"event_name":"Big Fish","player_choice":"Box","floor":3.0,"gold_loss":0.0,"damage_taken":0.0,"relics_obtained":["halation:Toothbrush"],"cards_obtained":["Regret"]},{"damage_healed":0.0,"max_hp_gain":0.0,"max_hp_loss":0.0,"gold_gain":0.0,"event_name":"betterThird:BetterGoop","player_choice":"Slimed","floor":5.0,"gold_loss":21.0,"damage_taken":11.0},{"damage_healed":0,"gold_gain":0,"player_choice":"Leave","damage_taken":0,"max_hp_gain":0,"max_hp_loss":0,"event_name":"conspire:Investor","floor":32,"gold_loss":0},{"damage_healed":0,"gold_gain":0,"player_choice":"Memory 3","damage_taken":10,"max_hp_gain":0,"max_hp_loss":0,"event_name":"SensoryStone","floor":45,"gold_loss":0}],"is_beta":false,"boss_relics":[{"not_picked":["hubris:GrandSneckoEye","CosmicIsotope","BloodWine"]},{"not_picked":["Tiny House","Busted Crown"],"picked":"FrozenCore"}],"items_purged_floors":[2,8,53],"is_endless":false,"potions_floor_spawned":[1,7,18,19,25,30,35,44,47],"ascension_level":3}}