{"host":"Qube","time":1609837976,"event":{"mods":["AchievementEnabler","BaseMod","Colored Map","Colored Powertips","Minty Spire (QoL Compilation)","Quick Restart","Random Character Button","StSLib"],"gold_per_floor":[11,11,30,51,8,8,8,43,43,77,98,141,141,182,182,272,272,288,288,338,65,83,83,118,137,187,187,522,546,546,571,571,662,662,686,7,7,32,47,81,105,144,215,215,246,246,246,246,246,246],"floor_reached":51,"playtime":2413,"items_purged":[],"score":1480,"play_id":"1a7c15ed-49e4-4d29-9b30-6f41e2c9a72d","local_time":"20210105011256","is_ascension_mode":true,"campfire_choices":[{"floor":6.0,"key":"REST"},{"floor":13.0,"key":"REST"},{"floor":15.0,"key":"REST"},{"data":"Protect","floor":23.0,"key":"SMITH"},{"floor":30.0,"key":"REST"},{"data":"Blasphemy","floor":32.0,"key":"SMITH"},{"floor":44,"key":"REST"},{"data":"Vigilance","floor":46,"key":"SMITH"},{"data":"DevaForm","floor":49,"key":"SMITH"}],"circlet_count":0,"master_deck":["AscendersBane","Eruption+1","Vigilance+1","SignatureMove+1","Protect+1","Prostrate","WindmillStrike+1","Vault","DeusExMachina","Evaluate","Blasphemy+1","FlurryOfBlows+1","Scrawl","DeceiveReality","SandsOfTime+1","CutThroughFate+1","MasterReality","Meditate","BattleHymn+1","Conclude+1","DevaForm+1","Ragnarok+1","Scrawl","Prostrate"],"relics":["PureWater","Golden Idol","Lizard Tail","Molten Egg 2","Mummified Hand","HornCleat","Darkstone Periapt","Pandora\u0027s Box","Letter Opener","Whetstone","Regal Pillow","Old Coin","Black Star","Lantern","Singing Bowl","Incense Burner","TungstenRod","Bottled Lightning","PreservedInsect","Eternal Feather","StoneCalendar"],"acts_visited":["Exordium","TheCity","TheBeyond"],"potions_floor_usage":[40,50],"damage_taken":[{"damage":0.0,"enemies":"2 Louse","floor":1.0,"turns":3.0},{"damage":0.0,"enemies":"Small Slimes","floor":3.0,"turns":4.0},{"damage":0.0,"enemies":"Jaw Worm","floor":4.0,"turns":2.0},{"damage":19.0,"enemies":"Lagavulin","floor":8.0,"turns":7.0},{"damage":7.0,"enemies":"3 Sentries","floor":10.0,"turns":7.0},{"damage":16.0,"enemies":"Exordium Thugs","floor":11.0,"turns":5.0},{"damage":5.0,"enemies":"Lagavulin","floor":12.0,"turns":7.0},{"damage":21.0,"enemies":"Gremlin Nob","floor":14.0,"turns":4.0},{"damage":3.0,"enemies":"The Guardian","floor":16.0,"turns":11.0},{"damage":3.0,"enemies":"Shell Parasite","floor":18.0,"turns":3.0},{"damage":0.0,"enemies":"Chosen","floor":22.0,"turns":3.0},{"damage":5.0,"enemies":"Gremlin Leader","floor":24.0,"turns":4.0},{"damage":0.0,"enemies":"Snake Plant","floor":25.0,"turns":1.0},{"damage":19.0,"enemies":"Slavers","floor":28.0,"turns":4.0},{"damage":7.0,"enemies":"Centurion and Healer","floor":29.0,"turns":4.0},{"damage":0.0,"enemies":"Snecko","floor":31.0,"turns":3.0},{"damage":49.0,"enemies":"Collector","floor":33.0,"turns":8.0},{"damage":0.0,"enemies":"Orb Walker","floor":35.0,"turns":2.0},{"damage":10.0,"enemies":"3 Darklings","floor":38.0,"turns":3.0},{"damage":0,"enemies":"Spire Growth","floor":39,"turns":2},{"damage":21,"enemies":"Nemesis","floor":40,"turns":3},{"damage":18,"enemies":"4 Shapes","floor":41,"turns":2},{"damage":7,"enemies":"Giant Head","floor":42,"turns":5},{"damage":0,"enemies":"Mind Bloom Boss Battle","floor":45,"turns":3},{"damage":79,"enemies":"Donu and Deca","floor":50,"turns":7}],"seed_played":"-3554265457342152628","potions_obtained":[{"floor":1.0,"key":"Fire Potion"},{"floor":3.0,"key":"SkillPotion"},{"floor":12.0,"key":"Ancient Potion"},{"floor":14.0,"key":"CultistPotion"},{"floor":25.0,"key":"PowerPotion"},{"floor":28.0,"key":"SkillPotion"},{"floor":33.0,"key":"LiquidMemories"},{"floor":38.0,"key":"LiquidBronze"},{"floor":39,"key":"AttackPotion"},{"floor":45,"key":"Weak Potion"}],"is_trial":false,"path_per_floor":["M","?","M","M","$","R","?","E","T","E","M","E","R","E","R","B",null,"M","?","?","$","M","R","E","M","T","?","E","M","R","M","R","B",null,"M","$","?","M","M","E","M","E","T","R","?","R","?","?","R","B",null],"character_chosen":"WATCHER","items_purchased":["WindmillStrike","Scrawl","DeceiveReality","SandsOfTime+1","Ragnarok+1","Lantern","Singing Bowl","StancePotion"],"campfire_rested":5,"item_purchase_floors":[5,21,21,21,36,36,36,36],"current_hp_per_floor":[73,45,45,45,45,69,69,50,50,43,27,22,46,25,49,46,72,69,69,61,61,61,61,56,56,56,56,37,30,69,69,69,20,65,65,65,65,57,57,38,22,17,17,73,75,90,90,90,90,11],"gold":246,"neow_bonus":"TWENTY_PERCENT_HP_BONUS","is_daily":false,"chose_seed":false,"campfire_upgraded":4,"win_rate":0.0,"timestamp":1609837976,"path_taken":["M","?","M","M","$","R","?","E","T","E","M","E","R","E","R","BOSS","M","?","?","$","?","R","E","M","T","?","E","?","R","M","R","BOSS","M","$","?","M","M","E","?","E","T","R","?","R","?","?","R","BOSS"],"items_purchased_type":["Card","Card","Card","Card","Card","Relic","Relic","Potion"],"build_version":"2020-12-18","purchased_purges":0,"victory":true,"max_hp_per_floor":[80,80,80,80,80,80,80,80,80,80,80,80,80,80,80,80,80,80,80,80,80,80,80,80,80,80,80,80,80,80,80,80,80,80,80,80,80,82,82,84,86,88,88,88,90,90,90,90,90,90],"card_choices":[{"not_picked":["ThirdEye","ClearTheMind"],"picked":"SignatureMove","floor":1.0},{"not_picked":["EmptyFist","Prostrate"],"picked":"Protect","floor":3.0},{"not_picked":["BowlingBash","EmptyFist"],"picked":"Prostrate","floor":4.0},{"not_picked":["EmptyBody","Crescendo"],"picked":"Vault","floor":8.0},{"not_picked":["FlurryOfBlows+1","ReachHeaven+1"],"picked":"DeusExMachina","floor":10.0},{"not_picked":["SashWhip+1","SignatureMove+1"],"picked":"PathToVictory","floor":11.0},{"not_picked":["CrushJoints+1","Consecrate+1"],"picked":"Evaluate","floor":12.0},{"not_picked":["Wireheading","ForeignInfluence","WreathOfFlame"],"picked":"SKIP","floor":14.0},{"not_picked":["SpiritShield","Brilliance+1"],"picked":"Blasphemy","floor":16.0},{"not_picked":["FlyingSleeves+1","Crescendo"],"picked":"FlurryOfBlows+1","floor":18.0},{"not_picked":["DeceiveReality","Sanctity"],"picked":"CutThroughFate+1","floor":22.0},{"not_picked":["Evaluate+1","CarveReality+1"],"picked":"MasterReality","floor":24.0},{"not_picked":["FollowUp+1","ThirdEye"],"picked":"Meditate","floor":25.0},{"not_picked":["Perseverance","Protect"],"picked":"BattleHymn+1","floor":28.0},{"not_picked":["CrushJoints+1","CutThroughFate+1"],"picked":"Evaluate+1","floor":29.0},{"not_picked":["BowlingBash+1","Halt"],"picked":"Conclude+1","floor":31.0},{"not_picked":["Blasphemy","MasterReality"],"picked":"DevaForm","floor":33.0},{"not_picked":["EmptyFist+1","FlyingSleeves+1","Consecrate+1"],"picked":"SKIP","floor":35.0},{"not_picked":["Nirvana","ThirdEye","BowlingBash+1"],"picked":"Singing Bowl","floor":38.0},{"not_picked":["ThirdEye","FlurryOfBlows+1"],"picked":"Prostrate","floor":39},{"not_picked":["Crescendo","Pray","WheelKick+1"],"picked":"Singing Bowl","floor":40},{"not_picked":["Halt","Conclude+1","Crescendo+1"],"picked":"Singing Bowl","floor":41},{"not_picked":["DevaForm","Evaluate","Fasting2"],"picked":"Singing Bowl","floor":42},{"not_picked":["ClearTheMind+1","EmptyMind+1","SignatureMove+1"],"picked":"Singing Bowl","floor":45}],"player_experience":777072,"relics_obtained":[{"floor":8.0,"key":"Lizard Tail"},{"floor":9.0,"key":"Molten Egg 2"},{"floor":10.0,"key":"Mummified Hand"},{"floor":12.0,"key":"HornCleat"},{"floor":14.0,"key":"Darkstone Periapt"},{"floor":24.0,"key":"Letter Opener"},{"floor":26.0,"key":"Whetstone"},{"floor":27.0,"key":"Regal Pillow"},{"floor":28.0,"key":"Old Coin"},{"floor":40,"key":"Incense Burner"},{"floor":40,"key":"TungstenRod"},{"floor":42,"key":"Bottled Lightning"},{"floor":42,"key":"PreservedInsect"},{"floor":43,"key":"Eternal Feather"},{"floor":45,"key":"StoneCalendar"}],"event_choices":[{"damage_healed":0.0,"max_hp_gain":0.0,"max_hp_loss":0.0,"gold_gain":0.0,"event_name":"Golden Idol","player_choice":"Take Damage","floor":2.0,"gold_loss":0.0,"damage_taken":28.0,"relics_obtained":["Golden Idol"]},{"damage_healed":0.0,"max_hp_gain":0.0,"max_hp_loss":0.0,"gold_gain":0.0,"event_name":"Living Wall","player_choice":"Grow","floor":7.0,"gold_loss":0.0,"damage_taken":0.0,"cards_upgraded":["WindmillStrike"]},{"cards_removed":["PathToVictory"],"damage_healed":0.0,"max_hp_gain":0.0,"max_hp_loss":0.0,"gold_gain":0.0,"event_name":"Back to Basics","player_choice":"Elegance","floor":19.0,"gold_loss":0.0,"damage_taken":0.0},{"damage_healed":0.0,"max_hp_gain":0.0,"max_hp_loss":0.0,"gold_gain":50.0,"event_name":"FaceTrader","player_choice":"Touch","floor":20.0,"gold_loss":0.0,"damage_taken":8.0},{"damage_healed":0.0,"max_hp_gain":0.0,"max_hp_loss":0.0,"gold_gain":0.0,"event_name":"Wheel of Change","player_choice":"Relic","floor":27.0,"gold_loss":0.0,"damage_taken":0.0},{"damage_healed":0.0,"max_hp_gain":0.0,"max_hp_loss":0.0,"gold_gain":0.0,"event_name":"Duplicator","player_choice":"Copied","floor":37.0,"gold_loss":0.0,"damage_taken":0.0,"cards_obtained":["Scrawl"]},{"damage_healed":0,"gold_gain":0,"player_choice":"Fight","damage_taken":0,"max_hp_gain":0,"max_hp_loss":0,"event_name":"MindBloom","floor":45,"gold_loss":0},{"cards_removed":["Evaluate"],"damage_healed":0,"gold_gain":0,"player_choice":"Removed Skill","damage_taken":0,"max_hp_gain":0,"max_hp_loss":0,"event_name":"Falling","floor":47,"gold_loss":0},{"damage_healed":0,"gold_gain":0,"player_choice":"Ignored","damage_taken":0,"max_hp_gain":0,"max_hp_loss":0,"event_name":"Mysterious Sphere","floor":48,"gold_loss":0}],"is_beta":true,"boss_relics":[{"not_picked":["Astrolabe","Ectoplasm"],"picked":"Pandora\u0027s Box"},{"not_picked":["Sozu","Coffee Dripper"],"picked":"Black Star"}],"items_purged_floors":[],"is_endless":false,"potions_floor_spawned":[1,3,12,14,25,28,33,38,39,45],"ascension_level":17}}