{"host":"ig7tc0uedzltt2sr","time":1609821059,"event":{"mods":["BaseMod","Better Twitch Integration","Block Reminder","Colored Map","Colored Powertips","Communication Mod","Current Relic Mod","GifTheSpireLib","HexUI Lib","Minty Spire (QoL Compilation)","Quick Restart","Random Character Button","Rare Cards Sparkle","Relic Sorter","Relic Stats","Slay the Relics Exporter","StSLib","SuperFastMode","Synergy Search","Twitch Decklist","Twitch Utils","everything is the same but u backflip on backflip","slay the spire mod where everything is the same but ironclad has a cowboy hat"],"gold_per_floor":[114,124,4,4,15,15,34,34,111,111,111,111,111,132,132,132,132],"floor_reached":16,"playtime":55,"items_purged":[],"score":90,"play_id":"2b28101b-9365-4427-9511-9cc13843716d","local_time":"20210104203059","is_ascension_mode":false,"campfire_choices":[{"data":"Strike_R","floor":6,"key":"SMITH"},{"data":"Defend_R","floor":11,"key":"SMITH"},{"data":"Strike_R","floor":13,"key":"SMITH"},{"data":"Entrench","floor":15,"key":"SMITH"}],"circlet_count":0,"master_deck":["Strike_R+1","Strike_R+1","Strike_R","Strike_R","Strike_R","Defend_R+1","Defend_R","Defend_R","Bash","Clash","Pommel Strike","Pummel","Clash","Pommel Strike","Injury","Entrench+1"],"relics":["Burning Blood","NeowsBlessing","Golden Idol"],"acts_visited":["Exordium"],"potions_floor_usage":[],"damage_taken":[{"damage":0,"enemies":"2 Louse","floor":1,"turns":3},{"damage":0,"enemies":"Cultist","floor":2,"turns":1},{"damage":0,"enemies":"Small Slimes","floor":5,"turns":1},{"damage":8,"enemies":"Looter","floor":7,"turns":3},{"damage":16,"enemies":"Large Slime","floor":14,"turns":5},{"damage":68,"enemies":"Hexaghost","floor":16,"turns":9}],"seed_played":"-5326700229330540677","potions_obtained":[{"floor":2,"key":"CultistPotion"},{"floor":5,"key":"Dexterity Potion"},{"floor":7,"key":"BlessingOfTheForge"}],"is_trial":false,"path_per_floor":["M","M","$","?","M","R","M","?","T","$","R","?","R","M","R","B"],"character_chosen":"IRONCLAD","items_purchased":["SteroidPotion","Pummel"],"campfire_rested":0,"item_purchase_floors":[3,3],"current_hp_per_floor":[80,80,80,80,80,80,78,78,78,78,78,78,78,68,68,0,0],"gold":132,"neow_bonus":"THREE_ENEMY_KILL","is_daily":false,"chose_seed":false,"campfire_upgraded":4,"win_rate":0.0,"timestamp":1609821059,"path_taken":["M","M","$","?","?","R","M","?","T","$","R","?","R","M","R","BOSS"],"items_purchased_type":["Potion","Card"],"build_version":"2020-12-22","purchased_purges":0,"victory":false,"max_hp_per_floor":[80,80,80,80,80,80,80,80,80,80,80,80,80,80,80,80,80],"relic_stats":{"counters":[6,22],"Golden Idol":4,"obtain_stats":[{"NeowsBlessing":0,"Golden Idol":8,"Burning Blood":0},{"NeowsBlessing":0,"Golden Idol":4,"Burning Blood":0},{"NeowsBlessing":0,"Golden Idol":8,"Burning Blood":0}],"Burning Blood":12},"card_choices":[{"not_picked":["Sword Boomerang","Anger"],"picked":"Clash","floor":1},{"not_picked":["Havoc","Entrench"],"picked":"Pommel Strike","floor":2},{"not_picked":["Perfected Strike","Havoc"],"picked":"Clash","floor":5},{"not_picked":["Warcry","Armaments"],"picked":"Pommel Strike","floor":7},{"not_picked":["Bloodletting","Body Slam"],"picked":"Entrench","floor":14}],"player_experience":1422273,"relics_obtained":[],"event_choices":[{"cards_removed":["Defend_R"],"damage_healed":0,"gold_gain":0,"player_choice":"Offered Basic","damage_taken":0,"max_hp_gain":0,"max_hp_loss":0,"event_name":"Bonfire Elementals","floor":4,"gold_loss":0},{"damage_healed":0,"gold_gain":0,"player_choice":"Take Wound","damage_taken":0,"relics_obtained":["Golden Idol"],"max_hp_gain":0,"max_hp_loss":0,"event_name":"Golden Idol","floor":8,"gold_loss":0,"cards_obtained":["Injury"]},{"damage_healed":0,"gold_gain":0,"player_choice":"Ignored","damage_taken":0,"max_hp_gain":0,"max_hp_loss":0,"event_name":"Fountain of Cleansing","floor":12,"gold_loss":0}],"is_beta":false,"boss_relics":[],"items_purged_floors":[],"is_endless":false,"potions_floor_spawned":[2,5,7],"killed_by":"Hexaghost","ascension_level":0}}