{"host":"nc31xc38ptxi6d4c","time":1609815605,"event":{"mods":["BaseMod","Curses Come First","Evolution","Minty Spire (QoL Compilation)","StSLib"],"gold_per_floor":[114,42,42,42,42,42,62,62,62,100,118,45,65,88,88,88,88],"floor_reached":16,"playtime":499,"items_purged":[],"score":100,"play_id":"f4ec85d1-c002-4258-a080-6ced85fc62b0","local_time":"20210104210005","is_ascension_mode":false,"campfire_choices":[{"floor":6,"key":"REST"},{"data":"Infinite Blades","floor":8,"key":"SMITH"},{"floor":15,"key":"REST"}],"circlet_count":0,"master_deck":["Strike_G+1","Strike_G+1","Strike_G","Strike_G","Strike_G","Defend_G","Defend_G","Defend_G","Defend_G","Survivor","Neutralize","Sucker Punch","Infinite Blades+1","Sucker Punch","Flying Knee","Dagger Spray","Accuracy","Cloak And Dagger","Blade Dance"],"relics":["Ring of the Snake","EVO:Axolotl","Vajra","Golden Idol","Happy Flower","Snake Skull"],"acts_visited":["Exordium"],"potions_floor_usage":[10,13],"damage_taken":[{"damage":0,"enemies":"Cultist","floor":1,"turns":3},{"damage":5,"enemies":"2 Louse","floor":7,"turns":2},{"damage":4,"enemies":"Gremlin Nob","floor":10,"turns":3},{"damage":8,"enemies":"Jaw Worm","floor":11,"turns":3},{"damage":11,"enemies":"Exordium Wildlife","floor":13,"turns":4},{"damage":10,"enemies":"Looter","floor":14,"turns":2},{"damage":44,"enemies":"The Guardian","floor":16,"turns":13}],"seed_played":"5814461302703558608","potions_obtained":[{"floor":7,"key":"FearPotion"},{"floor":13,"key":"Fruit Juice"}],"is_trial":false,"path_per_floor":["M","$","?","?","?","R","M","R","T","E","M","$","M","M","R","B"],"character_chosen":"THE_SILENT","items_purchased":["Infinite Blades","Accuracy"],"campfire_rested":2,"item_purchase_floors":[2,12],"current_hp_per_floor":[70,70,53,46,32,53,48,48,48,44,36,36,30,20,42,0,0],"gold":88,"neow_bonus":"RANDOM_COMMON_RELIC","is_daily":false,"chose_seed":false,"campfire_upgraded":1,"win_rate":0.0,"timestamp":1609815605,"path_taken":["M","$","?","?","?","R","M","R","T","E","M","?","?","M","R","BOSS"],"items_purchased_type":["Card","Card"],"build_version":"2020-12-22","purchased_purges":0,"victory":false,"max_hp_per_floor":[70,70,70,70,70,70,70,70,70,70,70,70,75,75,75,75,75],"card_choices":[{"not_picked":["Eviscerate","Escape Plan"],"picked":"Sucker Punch","floor":1},{"not_picked":["Footwork","Noxious Fumes"],"picked":"Sucker Punch","floor":7},{"not_picked":["Dodge and Roll","Envenom"],"picked":"Flying Knee","floor":10},{"not_picked":["Blur","Expertise"],"picked":"Dagger Spray","floor":11},{"not_picked":["Prepared","Poisoned Stab"],"picked":"Cloak And Dagger","floor":13},{"not_picked":["Quick Slash","Dagger Spray"],"picked":"Blade Dance","floor":14}],"player_experience":124175,"relics_obtained":[{"floor":9,"key":"Happy Flower"},{"floor":10,"key":"Snake Skull"}],"event_choices":[{"damage_healed":0,"gold_gain":0,"player_choice":"Take Damage","damage_taken":17,"relics_obtained":["Golden Idol"],"max_hp_gain":0,"max_hp_loss":0,"event_name":"Golden Idol","floor":3,"gold_loss":0},{"cards_removed":["Defend_G"],"damage_healed":0,"gold_gain":0,"player_choice":"Card Removal","damage_taken":7,"max_hp_gain":0,"max_hp_loss":0,"event_name":"Golden Wing","floor":4,"gold_loss":0},{"damage_healed":0,"gold_gain":0,"player_choice":"Entered Light","damage_taken":14,"max_hp_gain":0,"max_hp_loss":0,"event_name":"Shining Light","floor":5,"gold_loss":0,"cards_upgraded":["Strike_G","Strike_G"]}],"is_beta":false,"boss_relics":[],"items_purged_floors":[],"is_endless":false,"potions_floor_spawned":[7,13],"killed_by":"The Guardian","ascension_level":0}}