{"host":"1a3cjta80tad0aqj","time":1609812251,"event":{"mods":["2.2 Compatiblity","AchievementEnabler","BaseMod","Colored Map","DeckTracker","KOR Keyword Fix","Keyboard Shortcuts","Minty Spire (QoL Compilation)","Permanent Neow","Quick Restart","Random Character Button","StSLib","SuperFastMode","everything is the same but u backflip on backflip"],"gold_per_floor":[114,129,144,159,159,197,47,85,85,85,104,123,142,42,42,167,167,186,205,205,220,235,235,235],"floor_reached":23,"playtime":1406,"items_purged":["Injury","Alpha"],"score":307,"play_id":"ecc00428-d637-46cd-a1e8-8df8794187ee","local_time":"20210105110411","daily_mods":["Shiny","Red Cards","Night Terrors"],"is_ascension_mode":false,"campfire_choices":[{"data":"Omniscience","floor":10,"key":"SMITH"},{"data":"Immolate","floor":15,"key":"SMITH"}],"circlet_count":0,"master_deck":["Double Tap","Demon Form","Bludgeon","Feed","Limit Break","Corruption","Barricade","Fiend Fire","Berserk","Impervious","Juggernaut","Brutality+1","Reaper","Exhume","Offering","Immolate+1","Judgement","ConjureBlade","MasterReality","Brilliance","Devotion","Blasphemy","Ragnarok","LessonLearned","Scrawl","Vault","Wish","Omniscience+1","Establishment","SpiritShield","DevaForm","DeusExMachina","EmptyFist","Infernal Blade","BowlingBash","Hemokinesis"],"relics":["PureWater","Bloody Idol","MealTicket","Kunai","Ornamental Fan","Philosopher\u0027s Stone"],"acts_visited":["Exordium","TheCity"],"potions_floor_usage":[4,23],"damage_taken":[{"damage":6,"enemies":"Small Slimes","floor":1,"turns":1},{"damage":0,"enemies":"Jaw Worm","floor":2,"turns":1},{"damage":0,"enemies":"2 Louse","floor":3,"turns":2},{"damage":6,"enemies":"Exordium Wildlife","floor":4,"turns":3},{"damage":6,"enemies":"Gremlin Nob","floor":6,"turns":2},{"damage":9,"enemies":"3 Sentries","floor":8,"turns":4},{"damage":0,"enemies":"3 Louse","floor":11,"turns":1},{"damage":23,"enemies":"Gremlin Gang","floor":12,"turns":3},{"damage":0,"enemies":"Lots of Slimes","floor":13,"turns":1},{"damage":11,"enemies":"Slime Boss","floor":16,"turns":6},{"damage":6,"enemies":"2 Thieves","floor":18,"turns":1},{"damage":14,"enemies":"Shell Parasite","floor":19,"turns":2},{"damage":43,"enemies":"Cultist and Chosen","floor":21,"turns":5},{"damage":7,"enemies":"Centurion and Healer","floor":22,"turns":2},{"damage":35,"enemies":"Book of Stabbing","floor":23,"turns":4}],"seed_played":"-8136925521176778862","potions_obtained":[{"floor":4,"key":"Fruit Juice"},{"floor":6,"key":"ColorlessPotion"},{"floor":11,"key":"SteroidPotion"}],"is_trial":false,"path_per_floor":["M","M","M","M","?","E","$","E","T","R","M","M","M","$","R","B",null,"M","M","?","M","M","E"],"character_chosen":"WATCHER","items_purchased":["StancePotion"],"campfire_rested":0,"item_purchase_floors":[7],"current_hp_per_floor":[66,66,69,68,68,62,77,72,72,72,72,57,57,72,72,78,80,74,60,60,22,20,0,0],"gold":235,"neow_bonus":"","is_daily":true,"chose_seed":false,"campfire_upgraded":2,"win_rate":0.0,"timestamp":1609812251,"path_taken":["M","M","M","M","?","E","$","E","T","R","M","M","M","$","R","BOSS","M","M","?","M","M","E"],"items_purchased_type":["Potion"],"build_version":"2020-12-22","purchased_purges":2,"victory":false,"max_hp_per_floor":[72,72,75,80,80,80,80,80,80,80,80,80,80,80,80,80,80,80,80,80,80,80,80,80],"card_choices":[{"not_picked":["Headbutt","Armaments","Clothesline"],"picked":"SKIP","floor":1},{"not_picked":["Conclude","JustLucky","MasterReality"],"picked":"SKIP","floor":2},{"not_picked":["Evaluate","Halt"],"picked":"EmptyFist","floor":3},{"not_picked":["WaveOfTheHand","Crescendo","Sword Boomerang"],"picked":"SKIP","floor":4},{"not_picked":["Worship","Clash","ReachHeaven"],"picked":"SKIP","floor":6},{"not_picked":["Wallop","Spot Weakness","Indignation"],"picked":"SKIP","floor":8},{"not_picked":["Disarm","FollowUp","Intimidate"],"picked":"SKIP","floor":11},{"not_picked":["Halt","JustLucky"],"picked":"Infernal Blade","floor":12},{"not_picked":["Rampage","Armaments"],"picked":"BowlingBash","floor":13},{"not_picked":["EmptyFist+1","TalkToTheHand","Clash"],"picked":"SKIP","floor":18},{"not_picked":["TalkToTheHand","Halt+1"],"picked":"Hemokinesis","floor":19},{"not_picked":["Blood for Blood","Entrench","Reckless Charge"],"picked":"SKIP","floor":21},{"not_picked":["EmptyBody","Consecrate","Heavy Blade"],"picked":"SKIP","floor":22}],"player_experience":106584,"relics_obtained":[{"floor":6,"key":"MealTicket"},{"floor":8,"key":"Kunai"},{"floor":9,"key":"Ornamental Fan"}],"event_choices":[{"damage_healed":0,"gold_gain":0,"player_choice":"Take Wound","damage_taken":0,"relics_obtained":["Golden Idol"],"max_hp_gain":0,"max_hp_loss":0,"event_name":"Golden Idol","floor":5,"gold_loss":0,"cards_obtained":["Injury"]},{"damage_healed":0,"gold_gain":0,"player_choice":"Gave Idol","damage_taken":0,"relics_obtained":["Bloody Idol"],"max_hp_gain":0,"max_hp_loss":0,"event_name":"Forgotten Altar","floor":20,"relics_lost":["Golden Idol"],"gold_loss":0}],"is_beta":false,"boss_relics":[{"not_picked":["Astrolabe","Snecko Eye"],"picked":"Philosopher\u0027s Stone"}],"items_purged_floors":[7,14],"is_endless":false,"potions_floor_spawned":[4,6,11,16,19],"killed_by":"Book of Stabbing","ascension_level":0}}