{"host":"mykjnfgvckiyjptv","time":1609839881,"event":{"mods":["2.2 Compatiblity","Act Like it!","Aspiration","BaseMod","Better Altar","Better Third Choice","BetterRewards","Card Forge","Custom Start","Dio Mod","Energized Spire","GifTheSpireLib","Gold Saver","Halation","Hermit","Hubris","Hyrulean Relics","Jedi Mod","Minty Spire (QoL Compilation)","Pale of the Ancients","Practice Mode","Replay The Spire","Robot Space Explorer","Shade Mod","Small Relic Pack","Spicy Shops","Spikes Relics","StSLib","Stuff the Spire","vexMod"],"gold_per_floor":[117,117,117,92,92,118,118,118,192,204,223,223,223,223,223,354,762,762,762,762,762,762,762,762,762,762,364,364,364,108,108,108,108,108,108,108,108,108,108,108,108,108,120,133,169,187,205,226,226,226,250,264,264,264,264,264,264,264,264,264,264],"floor_reached":60,"playtime":3548,"items_purged":[],"score":1295,"play_id":"f9586eda-5af1-47ba-862e-e3c692c73730","local_time":"20210105034441","is_ascension_mode":false,"campfire_choices":[{"floor":8,"key":"REST"},{"data":"RobotSpaceExplorer:LaserBurst","floor":12,"key":"SMITH"},{"data":"Injury","floor":15,"key":"PURGE"},{"floor":23,"key":"RECALL"},{"floor":32,"key":"REST"},{"data":"RobotSpaceExplorer:Comet","floor":42,"key":"SMITH"},{"floor":49,"key":"REST"},{"floor":55,"key":"REST"},{"floor":57,"key":"REST"}],"circlet_count":0,"master_deck":["RobotSpaceExplorer:Strike+1","RobotSpaceExplorer:Defend+1","RobotSpaceExplorer:Defend+1","RobotSpaceExplorer:Scan+1","RobotSpaceExplorer:MiniLasers+1","RobotSpaceExplorer:Pulsar+1","RobotSpaceExplorer:PowerGlove+1","RobotSpaceExplorer:MiniDrones+1","RobotSpaceExplorer:SurgingStrike+1","RobotSpaceExplorer:Pulsar+1","RobotSpaceExplorer:LaserBurst+1","RobotSpaceExplorer:Autoloader+1","RobotSpaceExplorer:LaserBurst+1","RobotSpaceExplorer:StarLightning+1","RobotSpaceExplorer:Blaster+1","RobotSpaceExplorer:Pulsar+1","RobotSpaceExplorer:Comet+1","RobotSpaceExplorer:RigExplosive+1","RobotSpaceExplorer:Comet+1"],"relics":["RobotSpaceExplorer:RoboCore","Hammer of Thor","Seething Fire","Anvil of the Gods","relicPack:SpireResearchBook","StuffTheSpire:ForceGauntlet","hubris:Towel","ReplayTheSpireMod:Ring of Collecting","jedi:heavyjacket","ReplayTheSpireMod:Ring of Exchange","hubris:Metronome","Mummified Hand","Golden Idol","jedi:ominousloannote","Boot","Shuriken","RobotSpaceExplorer:BottledGravity","Replay:Baseball","jedi:bottledfury","GiantMaggot","Bag of Marbles","StuffTheSpire:Saxophone","vexMod:HeadHunter","Mango","vexMod:ScavengeHelm","Bag of Preparation","Regal Pillow","paleoftheancients:Timepiece","paleoftheancients:KeyRelic","Ice Cream","paleoftheancients:SoulOfTheGuardian","ReplayTheSpireMod:Shallot","aspiration:Nostalgia","Burning Blood"],"acts_visited":["Exordium","TheCity","TheBeyond","paleoftheancients:PaleOfTheAncients"],"potions_floor_usage":[9,16,21,24,35,37,37,37,47,48,50,50,50,51,52,56,56,60],"damage_taken":[{"damage":0,"enemies":"Jaw Worm","floor":1,"turns":3},{"damage":1,"enemies":"Replay:BlueRogue","floor":6,"turns":5},{"damage":0,"enemies":"Small Slimes","floor":10,"turns":3},{"damage":0,"enemies":"Cultist","floor":11,"turns":2},{"damage":0,"enemies":"Fading Forest","floor":16,"turns":11},{"damage":0,"enemies":"Spheric Guardian","floor":18,"turns":3},{"damage":0,"enemies":"Shell Parasite","floor":19,"turns":4},{"damage":0,"enemies":"Snake Plant","floor":21,"turns":3},{"damage":0,"enemies":"Cultist and Chosen","floor":22,"turns":4},{"damage":0,"enemies":"Book of Stabbing","floor":24,"turns":3},{"damage":0,"enemies":"3 Cultists","floor":25,"turns":2},{"damage":0,"enemies":"Snake Plant","floor":28,"turns":1},{"damage":0,"enemies":"Replay:Snechameleon","floor":29,"turns":3},{"damage":0,"enemies":"Collector","floor":33,"turns":2},{"damage":0,"enemies":"3 Darklings","floor":35,"turns":1},{"damage":0,"enemies":"Orb Walker","floor":36,"turns":3},{"damage":13,"enemies":"Jaw Worm Horde","floor":37,"turns":2},{"damage":0,"enemies":"Sphere and 2 Shapes","floor":38,"turns":2},{"damage":0,"enemies":"R_Hoarder","floor":40,"turns":3},{"damage":0,"enemies":"Transient","floor":44,"turns":5},{"damage":0,"enemies":"Reptomancer","floor":45,"turns":1},{"damage":9,"enemies":"Maw","floor":46,"turns":4},{"damage":11,"enemies":"Writhing Mass","floor":47,"turns":3},{"damage":0,"enemies":"3 Darklings","floor":48,"turns":1},{"damage":0,"enemies":"hubris:GrandSnecko","floor":50,"turns":5},{"damage":29,"enemies":"hubris:GrandSnecko","floor":51,"turns":4},{"damage":27,"enemies":"hubris:GrandSnecko","floor":52,"turns":6},{"damage":108,"enemies":"hubris:GrandSnecko","floor":56,"turns":11},{"damage":104,"enemies":"paleoftheancients:N","floor":60,"turns":8}],"seed_played":"-7353071835127165869","potions_obtained":[{"floor":6,"key":"EntropicBrew"},{"floor":16,"key":"jedi:mysterypotion"},{"floor":21,"key":"Block Potion"},{"floor":24,"key":"Dexterity Potion"},{"floor":36,"key":"Strength Potion"},{"floor":44,"key":"Elixir"},{"floor":46,"key":"Explosive Potion"},{"floor":48,"key":"Fire Potion"},{"floor":52,"key":"jedi:wingpotion"}],"is_trial":false,"path_per_floor":["M","?","?","?","?","E","T","R","T","M","M","R","?","?","R","B",null,"M","M","?","M","M","R","E","M","T","$","M","E","$","T","R","B",null,"M","M","M","M","T","E","?","R","T","M","E","M","M","M","R","B","M","M","?","T","R","M","R","T","?","B"],"character_chosen":"RobotSpaceExplorer","items_purchased":["relicPack:SpireResearchBook","RobotSpaceExplorer:Pulsar","RobotSpaceExplorer:PowerGlove","RobotSpaceExplorer:MiniDrones","StuffTheSpire:ForceGauntlet","RobotSpaceExplorer:BottledGravity","Replay:Baseball","GiantMaggot"],"campfire_rested":5,"item_purchase_floors":[0,0,0,0,0,27,27,30],"current_hp_per_floor":[75,75,75,75,75,74,74,75,75,75,75,75,75,75,75,75,75,75,75,75,75,75,75,75,75,75,75,75,75,75,75,75,75,75,75,75,62,62,76,76,76,76,76,76,76,67,56,56,89,93,79,74,74,74,93,93,93,93,93,0,0],"gold":264,"neow_bonus":"","is_daily":false,"chose_seed":false,"campfire_upgraded":2,"win_rate":0.0,"timestamp":1609839881,"path_taken":["M","?","?","?","?","E","?","R","T","?","M","R","?","?","R","BOSS","M","M","?","M","?","R","E","M","T","$","M","E","$","?","R","BOSS","M","M","M","?","?","E","?","R","T","?","E","M","M","M","R","BOSS","M","M","?","T","R","M","R","T","?","BOSS"],"items_purchased_type":["Relic","Card","Card","Card","Relic","Relic","Relic","Relic"],"build_version":"2020-12-22","purchased_purges":0,"victory":false,"max_hp_per_floor":[75,75,75,75,75,75,75,75,75,75,75,75,75,75,75,75,75,75,75,75,75,75,75,75,75,75,75,75,75,75,75,75,75,75,75,75,75,75,89,89,89,89,89,89,89,89,89,89,89,93,93,93,93,93,93,93,93,93,93,93,93],"card_choices":[{"not_picked":["RobotSpaceExplorer:DoubleFind","RobotSpaceExplorer:PowerCollector","RobotSpaceExplorer:ScrapToss"],"picked":"SKIP","floor":1},{"not_picked":["RobotSpaceExplorer:SwiftStep","RobotSpaceExplorer:Ammunition"],"picked":"RobotSpaceExplorer:SurgingStrike","floor":6},{"not_picked":["RobotSpaceExplorer:Counterblock","RobotSpaceExplorer:ScrapMissile"],"picked":"RobotSpaceExplorer:Pulsar","floor":10},{"not_picked":["RobotSpaceExplorer:ImprovisedAttack","RobotSpaceExplorer:Ammunition"],"picked":"RobotSpaceExplorer:LaserBurst","floor":11},{"not_picked":["RobotSpaceExplorer:DroneSwarm","RobotSpaceExplorer:Arsenal"],"picked":"RobotSpaceExplorer:Autoloader","floor":16},{"not_picked":["RobotSpaceExplorer:Blitz","RobotSpaceExplorer:SlimeMissile+1","RobotSpaceExplorer:PowerCollector+1"],"picked":"SKIP","floor":18},{"not_picked":["RobotSpaceExplorer:FrostMissile","RobotSpaceExplorer:MetalStrike","RobotSpaceExplorer:Counterblock"],"picked":"SKIP","floor":19},{"not_picked":["RobotSpaceExplorer:Ammunition","RobotSpaceExplorer:ScrapMissile+1"],"picked":"RobotSpaceExplorer:LaserBurst","floor":21},{"not_picked":["RobotSpaceExplorer:SwiftStep","RobotSpaceExplorer:DoubleBlock"],"picked":"RobotSpaceExplorer:StarLightning","floor":22},{"not_picked":["RobotSpaceExplorer:FreezeRay+1","RobotSpaceExplorer:GlueShot"],"picked":"RobotSpaceExplorer:Blaster","floor":24},{"not_picked":["RobotSpaceExplorer:Ammunition","RobotSpaceExplorer:FrostMissile"],"picked":"RobotSpaceExplorer:Pulsar","floor":25},{"not_picked":["RobotSpaceExplorer:ScrapMissile","RobotSpaceExplorer:LuckyStrike","RobotSpaceExplorer:Scanner"],"picked":"SKIP","floor":28},{"not_picked":["RobotSpaceExplorer:ScrapMissile","RobotSpaceExplorer:Multitool","RobotSpaceExplorer:Smokescreen+1"],"picked":"SKIP","floor":29},{"not_picked":["RobotSpaceExplorer:ChargingLaser","RobotSpaceExplorer:Blaster"],"picked":"RobotSpaceExplorer:Exploration","floor":33},{"not_picked":["RobotSpaceExplorer:DoubleBlock","RobotSpaceExplorer:ImprovisedAttack+1","RobotSpaceExplorer:MetalStrike"],"picked":"SKIP","floor":35},{"not_picked":["RobotSpaceExplorer:GearShield+1","RobotSpaceExplorer:ImprovisedAttack+1","RobotSpaceExplorer:Ammunition"],"picked":"SKIP","floor":36},{"not_picked":["RobotSpaceExplorer:SelfCleaning+1","RobotSpaceExplorer:ImprovisedAttack+1","RobotSpaceExplorer:Pulsar+1"],"picked":"SKIP","floor":37},{"not_picked":["RobotSpaceExplorer:MiniDrones","RobotSpaceExplorer:SurgingStrike","RobotSpaceExplorer:Blitz+1"],"picked":"SKIP","floor":38},{"not_picked":["RobotSpaceExplorer:BlastShield","RobotSpaceExplorer:Arsenal"],"picked":"RobotSpaceExplorer:Comet","floor":40},{"not_picked":["RobotSpaceExplorer:Probe+1","RobotSpaceExplorer:MetalStrike+1","RobotSpaceExplorer:ScrapMissile+1"],"picked":"SKIP","floor":40},{"not_picked":["RobotSpaceExplorer:SlimeMissile","RobotSpaceExplorer:MiniDrones"],"picked":"RobotSpaceExplorer:RigExplosive+1","floor":44},{"not_picked":["RobotSpaceExplorer:DroneSwarm","RobotSpaceExplorer:Multitool"],"picked":"RobotSpaceExplorer:Comet","floor":45},{"not_picked":["RobotSpaceExplorer:SurgingShield","RobotSpaceExplorer:FranticSearch+1","RobotSpaceExplorer:Calculate+1"],"picked":"SKIP","floor":45},{"not_picked":["RobotSpaceExplorer:PlasmaMissile+1","RobotSpaceExplorer:Counterblock+1","RobotSpaceExplorer:Pulsar+1"],"picked":"SKIP","floor":46},{"not_picked":["RobotSpaceExplorer:MiniDrones","RobotSpaceExplorer:SelfCleaning+1","RobotSpaceExplorer:SurgingShield"],"picked":"SKIP","floor":47},{"not_picked":["RobotSpaceExplorer:Counterblock+1","RobotSpaceExplorer:FranticSearch+1","RobotSpaceExplorer:ScrapToss+1"],"picked":"SKIP","floor":48},{"not_picked":["RobotSpaceExplorer:ScrapMissile+1","RobotSpaceExplorer:RigExplosive","RobotSpaceExplorer:Electropulse"],"picked":"SKIP","floor":51},{"not_picked":["RobotSpaceExplorer:ScrapMissile","RobotSpaceExplorer:StarDust+1","RobotSpaceExplorer:StarLightning+1"],"picked":"SKIP","floor":52}],"player_experience":438009,"relics_obtained":[{"floor":5,"key":"ReplayTheSpireMod:Ring of Collecting"},{"floor":6,"key":"jedi:heavyjacket"},{"floor":7,"key":"ReplayTheSpireMod:Ring of Exchange"},{"floor":7,"key":"hubris:Metronome"},{"floor":9,"key":"Mummified Hand"},{"floor":24,"key":"Boot"},{"floor":26,"key":"Shuriken"},{"floor":29,"key":"jedi:bottledfury"},{"floor":31,"key":"Bag of Marbles"},{"floor":37,"key":"vexMod:HeadHunter"},{"floor":39,"key":"Mango"},{"floor":40,"key":"vexMod:ScavengeHelm"},{"floor":43,"key":"Bag of Preparation"},{"floor":45,"key":"Regal Pillow"},{"floor":52,"key":"paleoftheancients:SoulOfTheGuardian"},{"floor":54,"key":"ReplayTheSpireMod:Shallot"},{"floor":58,"key":"aspiration:Nostalgia"}],"event_choices":[{"damage_healed":75,"gold_gain":0,"player_choice":"Embrace Burn","damage_taken":0,"max_hp_gain":0,"max_hp_loss":75,"event_name":"betterThird:BetterShining","floor":3,"gold_loss":0},{"damage_healed":0,"gold_gain":0,"player_choice":"Take Wound","damage_taken":0,"relics_obtained":["Golden Idol"],"max_hp_gain":0,"max_hp_loss":0,"event_name":"Golden Idol","floor":13,"gold_loss":0,"cards_obtained":["Injury"]},{"damage_healed":0,"gold_gain":0,"player_choice":"Ignored","damage_taken":0,"max_hp_gain":0,"max_hp_loss":0,"event_name":"NoteForYourself","floor":20,"gold_loss":0},{"cards_removed":["RobotSpaceExplorer:Strike"],"damage_healed":0,"gold_gain":0,"player_choice":"Offered Basic","damage_taken":0,"max_hp_gain":0,"max_hp_loss":0,"event_name":"Bonfire Elementals","floor":41,"gold_loss":0}],"is_beta":false,"boss_relics":[{"not_picked":["StuffTheSpire:RunicConfusion","halation:Diary"],"picked":"jedi:ominousloannote"},{"not_picked":["halation:PlatinumPhoenix","Honey Jar"],"picked":"StuffTheSpire:Saxophone"}],"items_purged_floors":[],"is_endless":false,"potions_floor_spawned":[6,16,18,21,24,33,36,44,45,46,48,52],"killed_by":"paleoftheancients:N","ascension_level":0}}