{"host":"ig7tc0uedzltt2sr","time":1609831625,"event":{"mods":["BaseMod","Better Twitch Integration","Block Reminder","Colored Map","Colored Powertips","Communication Mod","Current Relic Mod","GifTheSpireLib","HexUI Lib","Minty Spire (QoL Compilation)","Quick Restart","Random Character Button","Rare Cards Sparkle","Relic Sorter","Relic Stats","Slay the Relics Exporter","StSLib","SuperFastMode","Synergy Search","Twitch Decklist","Twitch Utils","everything is the same but u backflip on backflip","slay the spire mod where everything is the same but ironclad has a cowboy hat"],"gold_per_floor":[113,288,300,320,275,275,287,287,338,354,366,366,366,366],"floor_reached":13,"playtime":123,"items_purged":[],"score":77,"play_id":"3f8eb93e-a014-4115-bda0-b1fb516cd866","local_time":"20210104232705","is_ascension_mode":false,"campfire_choices":[{"data":"Defend_R","floor":6,"key":"SMITH"}],"circlet_count":0,"master_deck":["Strike_R","Strike_R","Strike_R","Strike_R","Strike_R","Defend_R+1","Defend_R","Defend_R","Defend_R","Bash","Clothesline","Doubt","Havoc","Power Through","Uppercut","Ghostly Armor","Intimidate","Carnage"],"relics":["Burning Blood","NeowsBlessing","Pen Nib"],"acts_visited":["Exordium"],"potions_floor_usage":[],"damage_taken":[{"damage":0,"enemies":"Jaw Worm","floor":1,"turns":1},{"damage":0,"enemies":"Cultist","floor":3,"turns":1},{"damage":0,"enemies":"Small Slimes","floor":4,"turns":2},{"damage":7,"enemies":"Looter","floor":5,"turns":5},{"damage":51,"enemies":"Large Slime","floor":7,"turns":15},{"damage":17,"enemies":"Gremlin Gang","floor":10,"turns":10},{"damage":11,"enemies":"3 Louse","floor":11,"turns":8},{"damage":43,"enemies":"Lagavulin","floor":13,"turns":9}],"seed_played":"7149754260006717136","potions_obtained":[{"floor":7,"key":"SpeedPotion"},{"floor":8,"key":"HeartOfIron"},{"floor":8,"key":"Fire Potion"},{"floor":10,"key":"BloodPotion"},{"floor":11,"key":"FearPotion"}],"is_trial":false,"path_per_floor":["M","?","M","M","M","R","M","?","T","M","M","$","E"],"character_chosen":"IRONCLAD","items_purchased":[],"campfire_rested":0,"item_purchase_floors":[],"current_hp_per_floor":[80,80,80,80,79,79,34,34,34,23,34,34,0,0],"gold":366,"neow_bonus":"THREE_ENEMY_KILL","is_daily":false,"chose_seed":false,"campfire_upgraded":1,"win_rate":0.0,"timestamp":1609831625,"path_taken":["M","?","M","M","M","R","M","?","T","M","M","$","E"],"items_purchased_type":[],"build_version":"2020-12-22","purchased_purges":0,"victory":false,"max_hp_per_floor":[80,80,80,80,80,80,80,80,80,80,80,80,80,80],"relic_stats":{"counters":[8,51],"Pen Nib":[2],"obtain_stats":[{"NeowsBlessing":0,"Pen Nib":9,"Burning Blood":0},{"NeowsBlessing":0,"Pen Nib":5,"Burning Blood":0},{"NeowsBlessing":0,"Pen Nib":24,"Burning Blood":0}],"Burning Blood":24},"card_choices":[{"not_picked":["Thunderclap","Anger"],"picked":"Clothesline","floor":1},{"not_picked":["Cleave","Body Slam"],"picked":"Havoc","floor":3},{"not_picked":["Twin Strike","Havoc"],"picked":"Power Through","floor":4},{"not_picked":["Clothesline","Power Through"],"picked":"Uppercut","floor":5},{"not_picked":["Second Wind","True Grit"],"picked":"Ghostly Armor","floor":7},{"not_picked":["Shrug It Off","True Grit"],"picked":"Intimidate","floor":10},{"not_picked":["Warcry","Headbutt"],"picked":"Carnage","floor":11}],"player_experience":1431119,"relics_obtained":[{"floor":9,"key":"Pen Nib"}],"event_choices":[{"damage_healed":0,"gold_gain":175,"player_choice":"AGREE","damage_taken":0,"max_hp_gain":0,"max_hp_loss":0,"event_name":"Liars Game","floor":2,"gold_loss":0,"cards_obtained":["Doubt"]},{"damage_healed":0,"gold_gain":0,"player_choice":"Got Potions","damage_taken":0,"max_hp_gain":0,"max_hp_loss":0,"event_name":"Lab","floor":8,"gold_loss":0}],"is_beta":false,"boss_relics":[],"items_purged_floors":[],"is_endless":false,"potions_floor_spawned":[7,10,11],"killed_by":"Lagavulin","ascension_level":0}}