{"host":"2okas1s8lto464g9","time":1609859932,"event":{"mods":["BaseMod","Marisa£®ÏF”Í°°ƒß¿Ì…≥£©","Minty Spire (QoL Compilation)","StSLib","The Construct","The Servant 0.9.4"],"gold_per_floor":[111,123,73,73,85,120,120,195,195,214,242,242,276,276,276,371,371,391,407,32,32,50,82,82,96,120,156,190,190,211,136,136,239,266,266,266],"floor_reached":35,"playtime":1159,"items_purged":["Strike_P"],"score":460,"play_id":"59c00038-e78c-4307-b988-6c2065e6ac1f","local_time":"20210105231852","is_ascension_mode":true,"campfire_choices":[{"data":"Eruption","floor":7.0,"key":"SMITH"},{"data":"Devotion","floor":12.0,"key":"SMITH"},{"floor":15.0,"key":"REST"},{"data":"Devotion","floor":24.0,"key":"SMITH"},{"data":"Tantrum","floor":29.0,"key":"SMITH"},{"data":"Armaments","floor":32.0,"key":"SMITH"}],"circlet_count":0,"master_deck":["Defend_P","Defend_P","Defend_P","Defend_P","Eruption+1","Vigilance","MentalFortress","EmptyFist","Tantrum+1","Conclude","Devotion+1","Wallop+1","PowerUp","Forethought+1","Armaments+1","Judgement+1","InnerPeace+1","Study+1"],"relics":["PureWater","Shuriken","White Beast Statue","Meat on the Bone","Potion Belt","Coffee Dripper","PrismaticShard","Pen Nib","Nloth\u0027s Gift","Frozen Egg 2","Omamori","CeramicFish","Red Mask","Astrolabe"],"acts_visited":["Exordium","TheCity","TheBeyond"],"potions_floor_usage":[],"damage_taken":[{"damage":0.0,"enemies":"Cultist","floor":1.0,"turns":1.0},{"damage":0.0,"enemies":"Jaw Worm","floor":2.0,"turns":1.0},{"damage":0.0,"enemies":"Small Slimes","floor":5.0,"turns":2.0},{"damage":27.0,"enemies":"Gremlin Nob","floor":6.0,"turns":3.0},{"damage":13.0,"enemies":"Exordium Thugs","floor":10.0,"turns":4.0},{"damage":0.0,"enemies":"Lagavulin","floor":11.0,"turns":5.0},{"damage":10.0,"enemies":"3 Sentries","floor":13.0,"turns":4.0},{"damage":40.0,"enemies":"Hexaghost","floor":16.0,"turns":8.0},{"damage":0.0,"enemies":"Spheric Guardian","floor":18.0,"turns":2.0},{"damage":2.0,"enemies":"Chosen","floor":19.0,"turns":2.0},{"damage":0.0,"enemies":"Snake Plant","floor":22.0,"turns":1.0},{"damage":27.0,"enemies":"Gremlin Leader","floor":23.0,"turns":4.0},{"damage":4.0,"enemies":"Snecko","floor":25.0,"turns":3.0},{"damage":10.0,"enemies":"Book of Stabbing","floor":27.0,"turns":4.0},{"damage":5.0,"enemies":"Masked Bandits","floor":28.0,"turns":4.0},{"damage":14.0,"enemies":"Cultist and Chosen","floor":30.0,"turns":3.0},{"damage":27.0,"enemies":"Collector","floor":33.0,"turns":7.0},{"damage":6,"enemies":"3 Shapes","floor":35,"turns":2}],"seed_played":"72119705338819987","potions_obtained":[{"floor":5.0,"key":"Explosive Potion"},{"floor":6.0,"key":"FearPotion"},{"floor":10.0,"key":"SkillPotion"},{"floor":11.0,"key":"Block Potion"},{"floor":13.0,"key":"AttackPotion"},{"floor":16.0,"key":"LiquidMemories"},{"floor":18.0,"key":"SpeedPotion"},{"floor":19.0,"key":"BottledMiracle"},{"floor":22.0,"key":"StancePotion"},{"floor":23.0,"key":"Fire Potion"},{"floor":25.0,"key":"Ancient Potion"},{"floor":27.0,"key":"Explosive Potion"},{"floor":28.0,"key":"EntropicBrew"},{"floor":30.0,"key":"Strength Potion"},{"floor":33.0,"key":"Ancient Potion"}],"is_trial":false,"path_per_floor":["M","M","?","$","M","E","R","?","T","M","E","R","E","?","R","B",null,"M","M","$","?","M","E","R","M","T","E","?","R","M","?","R","B",null,"M"],"character_chosen":"WATCHER","items_purchased":["PrismaticShard","Pen Nib"],"campfire_rested":1,"item_purchase_floors":[20,20],"current_hp_per_floor":[72,72,72,72,72,45,45,34,34,21,21,21,23,23,44,16,72,72,70,70,70,70,43,43,39,39,41,48,48,46,46,46,31,72,66,66],"gold":266,"neow_bonus":"THREE_ENEMY_KILL","is_daily":false,"chose_seed":false,"campfire_upgraded":5,"win_rate":0.0,"timestamp":1609859932,"path_taken":["M","M","?","$","M","E","R","?","T","M","E","R","E","?","R","BOSS","M","M","$","?","?","E","R","M","T","E","?","R","M","?","R","BOSS","M"],"items_purchased_type":["Relic","Relic"],"build_version":"2020-12-22","purchased_purges":1,"victory":false,"max_hp_per_floor":[72,72,72,72,72,72,72,72,72,72,72,72,72,72,72,72,72,72,72,72,72,72,72,72,72,72,72,72,72,72,72,72,72,72,72,72],"card_choices":[{"not_picked":["Evaluate","Nirvana","EmptyBody"],"picked":"SKIP","floor":1.0},{"not_picked":["Collect","Prostrate"],"picked":"SandsOfTime","floor":2.0},{"not_picked":["ThirdEye","PathToVictory"],"picked":"MentalFortress","floor":5.0},{"not_picked":["ForeignInfluence","EmptyBody"],"picked":"EmptyFist","floor":6.0},{"not_picked":["Protect","Meditate"],"picked":"Tantrum","floor":10.0},{"not_picked":["Evaluate","InnerPeace"],"picked":"Devotion","floor":11.0},{"not_picked":["FearNoEvil","SashWhip","FlurryOfBlows"],"picked":"SKIP","floor":13.0},{"not_picked":["Omniscience","ConjureBlade"],"picked":"Devotion","floor":16.0},{"not_picked":["BowlingBash","Evaluate"],"picked":"Wallop+1","floor":18.0},{"not_picked":["Crescendo","Weave","JustLucky"],"picked":"SKIP","floor":19.0},{"not_picked":["Intimidate+1","Duplication","DarkSpark"],"picked":"SKIP","floor":22.0},{"not_picked":["Vault","StarDustReverie"],"picked":"PowerUp","floor":23.0},{"not_picked":["Consecrate","FairyDestructionRay","Quick Slash"],"picked":"SKIP","floor":25.0},{"not_picked":["construct:ScrapCannon","SuperNova+1"],"picked":"Forethought+1","floor":27.0},{"not_picked":["Reckless Charge","Coolheaded"],"picked":"Armaments","floor":30.0}],"player_experience":511034,"relics_obtained":[{"floor":6.0,"key":"Shuriken"},{"floor":9.0,"key":"White Beast Statue"},{"floor":11.0,"key":"Meat on the Bone"},{"floor":13.0,"key":"Potion Belt"},{"floor":23.0,"key":"Frozen Egg 2"},{"floor":26.0,"key":"Omamori"},{"floor":27.0,"key":"CeramicFish"},{"floor":28.0,"key":"Red Mask"}],"event_choices":[{"cards_removed":["Strike_P"],"damage_healed":0.0,"max_hp_gain":0.0,"max_hp_loss":0.0,"gold_gain":0.0,"event_name":"The Cleric","player_choice":"Card Removal","floor":3.0,"gold_loss":50.0,"damage_taken":0.0},{"damage_healed":0.0,"max_hp_gain":0.0,"max_hp_loss":0.0,"gold_gain":75.0,"event_name":"World of Goop","player_choice":"Gather Gold","floor":8.0,"gold_loss":0.0,"damage_taken":11.0},{"damage_healed":0.0,"max_hp_gain":0.0,"max_hp_loss":0.0,"gold_gain":0.0,"event_name":"Match and Keep!","player_choice":"1 cards matched","floor":14.0,"gold_loss":0.0,"damage_taken":0.0,"cards_obtained":["Conclude"]},{"damage_healed":0.0,"max_hp_gain":0.0,"max_hp_loss":0.0,"gold_gain":0.0,"event_name":"N\u0027loth","player_choice":"Traded Relic","floor":21.0,"relics_lost":["NeowsBlessing"],"gold_loss":0.0,"damage_taken":0.0,"relics_obtained":["Nloth\u0027s Gift"]},{"damage_healed":0.0,"max_hp_gain":0.0,"max_hp_loss":0.0,"gold_gain":0.0,"event_name":"Masked Bandits","player_choice":"Fought Bandits","floor":28.0,"gold_loss":0.0,"damage_taken":0.0},{"cards_removed":["Strike_P"],"damage_healed":0.0,"max_hp_gain":0.0,"max_hp_loss":0.0,"gold_gain":0.0,"event_name":"Beggar","player_choice":"Gave Gold","floor":31.0,"gold_loss":75.0,"damage_taken":0.0}],"is_beta":false,"boss_relics":[{"not_picked":["Sozu","Philosopher\u0027s Stone"],"picked":"Coffee Dripper"},{"not_picked":["construct:ClawGrip","Tiny House"],"picked":"Astrolabe"}],"items_purged_floors":[20],"is_endless":false,"potions_floor_spawned":[5,6,10,11,13,16,18,19,22,23,25,27,28,30,33],"killed_by":"3 Shapes","ascension_level":1}}