{"host":"sdl5b0uiznq00owb","time":1609820100,"event":{"mods":["BaseMod","Minty Spire (QoL Compilation)","Permanent Neow","Relic Stats"],"gold_per_floor":[114,39,52,64,64,64,104,104,151,21,21,42,67,77,77,186,186,209,51,150,159,159,159,187,187,255,255,274,293,71,97,97,201,255,274,285,285,299,43,79,79,15,15,15,15,25,25,66,66,66],"floor_reached":51,"playtime":3399,"items_purged":["Strike_G","Strike_G","Strike_G","Underhanded Strike"],"score":1208,"play_id":"1e5bc5e1-df50-4e8e-818f-0933eda29ffc","local_time":"20210104221500","is_ascension_mode":true,"campfire_choices":[{"data":"Footwork","floor":6.0,"key":"SMITH"},{"data":"Noxious Fumes","floor":15.0,"key":"SMITH"},{"data":"Catalyst","floor":23.0,"key":"SMITH"},{"data":"Crippling Poison","floor":25.0,"key":"SMITH"},{"data":"Burst","floor":27.0,"key":"SMITH"},{"floor":32.0,"key":"REST"},{"data":"Wraith Form v2","floor":41,"key":"SMITH"},{"floor":45,"key":"REST"},{"data":"Corpse Explosion","floor":49,"key":"SMITH"}],"circlet_count":0,"master_deck":["AscendersBane","Survivor","Neutralize","Bane","Blade Dance","Footwork+1","Crippling Poison+1","Noxious Fumes+1","Dagger Spray","Dash","Burst+1","Dodge and Roll+1","PiercingWail","Catalyst+1","Dagger Throw+1","Deflect","Slice+1","Wraith Form v2+1","Night Terror","Concentrate","Corpse Explosion+1","Malaise","Glass Knife","Deadly Poison","Caltrops","Tactician+1"],"relics":["Ring of the Snake","CeramicFish","Strawberry","Lantern","Pear","Runic Pyramid","Membership Card","Mummified Hand","The Courier","Pantograph","OrangePellets","Pandora\u0027s Box","Unceasing Top","Thread and Needle","Pen Nib","Gremlin Horn","TwistedFunnel","Dream Catcher","Bag of Marbles","Ninja Scroll"],"acts_visited":["Exordium","TheCity","TheBeyond"],"potions_floor_usage":[50,50,50,50,50,50],"damage_taken":[{"damage":3.0,"enemies":"2 Louse","floor":1.0,"turns":2.0},{"damage":0.0,"enemies":"Small Slimes","floor":3.0,"turns":3.0},{"damage":0.0,"enemies":"Jaw Worm","floor":4.0,"turns":3.0},{"damage":39.0,"enemies":"Gremlin Nob","floor":7.0,"turns":5.0},{"damage":0.0,"enemies":"Large Slime","floor":12.0,"turns":5.0},{"damage":0.0,"enemies":"3 Louse","floor":13.0,"turns":3.0},{"damage":4.0,"enemies":"Blue Slaver","floor":14.0,"turns":3.0},{"damage":21.0,"enemies":"The Guardian","floor":16.0,"turns":11.0},{"damage":17.0,"enemies":"Shell Parasite","floor":18.0,"turns":6.0},{"damage":4.0,"enemies":"3 Byrds","floor":24.0,"turns":7.0},{"damage":1.0,"enemies":"Snecko","floor":28.0,"turns":5.0},{"damage":0.0,"enemies":"Cultist and Chosen","floor":29.0,"turns":5.0},{"damage":9.0,"enemies":"Shelled Parasite and Fungi","floor":31.0,"turns":3.0},{"damage":35.0,"enemies":"Collector","floor":33.0,"turns":6.0},{"damage":6.0,"enemies":"3 Shapes","floor":35.0,"turns":4.0},{"damage":1.0,"enemies":"Orb Walker","floor":36.0,"turns":4.0},{"damage":6,"enemies":"Sphere and 2 Shapes","floor":38,"turns":5},{"damage":31,"enemies":"Nemesis","floor":40,"turns":7},{"damage":17,"enemies":"Transient","floor":46,"turns":5},{"damage":0,"enemies":"Reptomancer","floor":48,"turns":4},{"damage":50,"enemies":"Awakened One","floor":50,"turns":14}],"seed_played":"-488222721511832343","potions_obtained":[{"floor":3.0,"key":"Dexterity Potion"},{"floor":7.0,"key":"Regen Potion"},{"floor":14.0,"key":"GamblersBrew"},{"floor":16.0,"key":"GamblersBrew"},{"floor":28.0,"key":"SkillPotion"},{"floor":29.0,"key":"Swift Potion"},{"floor":38,"key":"EntropicBrew"}],"is_trial":false,"path_per_floor":["M","$","M","M","?","R","E","?","T","$","T","M","M","M","R","B",null,"M","$","?","?","T","R","M","R","T","R","M","M","$","M","R","B",null,"M","M","?","M","$","E","R","$","T","?","R","M","T","E","R","B",null],"character_chosen":"THE_SILENT","items_purchased":["Noxious Fumes","Membership Card","PiercingWail","Pantograph","OrangePellets","Thread and Needle","Pen Nib","Caltrops","TwistedFunnel"],"campfire_rested":2,"item_purchase_floors":[10,19,19,30,30,39,39,42,42],"current_hp_per_floor":[60,60,60,60,57,57,25,25,25,25,35,35,35,31,31,25,72,55,55,55,55,55,55,51,51,51,51,50,50,50,41,67,52,78,72,71,71,65,65,34,34,34,34,34,60,43,43,43,43,18],"gold":66,"neow_bonus":"THREE_CARDS","is_daily":false,"chose_seed":false,"campfire_upgraded":7,"win_rate":0.0,"timestamp":1609820100,"path_taken":["M","$","M","M","?","R","E","?","T","$","?","M","M","M","R","BOSS","M","$","?","?","?","R","M","R","T","R","M","?","$","M","R","BOSS","M","M","?","?","$","E","R","$","T","?","R","M","?","E","R","BOSS"],"items_purchased_type":["Card","Relic","Card","Relic","Relic","Relic","Relic","Card","Relic"],"build_version":"2020-12-22","purchased_purges":4,"victory":true,"max_hp_per_floor":[70,70,70,70,70,70,77,77,77,77,87,87,87,87,87,87,87,87,87,87,87,87,87,87,87,87,87,87,87,87,87,87,87,87,87,87,87,87,87,87,87,87,87,87,87,87,87,87,87,87],"relic_stats":{"OrangePellets":[4],"Dream Catcher":1,"Gremlin Horn":[6,6],"counters":[21,110],"Mummified Hand":[40],"CeramicFish":189,"Pantograph":45,"Pandora\u0027s Box":["Night Terror","Concentrate","Corpse Explosion","Malaise","Underhanded Strike","Glass Knife"],"Pen Nib":[3],"obtain_stats":[{"TwistedFunnel":42,"Lantern":9,"Pear":11,"Gremlin Horn":40,"CeramicFish":5,"Thread and Needle":39,"The Courier":26,"Pen Nib":39,"OrangePellets":30,"Dream Catcher":43,"Mummified Hand":22,"Ninja Scroll":48,"Strawberry":7,"Pantograph":30,"Pandora\u0027s Box":34,"Bag of Marbles":47,"Membership Card":19,"Unceasing Top":37,"Ring of the Snake":0,"Runic Pyramid":17},{"TwistedFunnel":18,"Lantern":4,"Pear":4,"Gremlin Horn":18,"CeramicFish":3,"Thread and Needle":17,"The Courier":10,"Pen Nib":17,"OrangePellets":12,"Dream Catcher":18,"Mummified Hand":9,"Ninja Scroll":20,"Strawberry":4,"Pantograph":12,"Pandora\u0027s Box":14,"Bag of Marbles":19,"Membership Card":9,"Unceasing Top":16,"Ring of the Snake":0,"Runic Pyramid":8},{"TwistedFunnel":87,"Lantern":13,"Pear":13,"Gremlin Horn":87,"CeramicFish":8,"Thread and Needle":80,"The Courier":48,"Pen Nib":80,"OrangePellets":58,"Dream Catcher":87,"Mummified Hand":41,"Ninja Scroll":96,"Strawberry":13,"Pantograph":58,"Pandora\u0027s Box":67,"Bag of Marbles":92,"Membership Card":41,"Unceasing Top":75,"Ring of the Snake":0,"Runic Pyramid":35}],"Unceasing Top":[3],"Ring of the Snake":[42]},"card_choices":[{"not_picked":["Prepared","Dodge and Roll"],"picked":"Bane","floor":0.0},{"not_picked":["PiercingWail","Bane"],"picked":"Flying Knee","floor":1.0},{"not_picked":["PiercingWail","Outmaneuver"],"picked":"Blade Dance","floor":3.0},{"not_picked":["Well Laid Plans","Slice"],"picked":"Footwork","floor":4.0},{"not_picked":["Dagger Throw","Underhanded Strike"],"picked":"Crippling Poison","floor":7.0},{"not_picked":["Poisoned Stab","Slice"],"picked":"Dagger Spray","floor":12.0},{"not_picked":["Flying Knee","Eviscerate"],"picked":"Dash","floor":13.0},{"not_picked":["Acrobatics","Flying Knee","Caltrops"],"picked":"SKIP","floor":14.0},{"not_picked":["Doppelganger","Storm of Steel"],"picked":"Burst","floor":16.0},{"not_picked":["Choke+1","Bouncing Flask"],"picked":"Dodge and Roll+1","floor":18.0},{"not_picked":["Acrobatics","Infinite Blades+1"],"picked":"Dagger Throw+1","floor":24.0},{"not_picked":["Deflect","Prepared","Sucker Punch"],"picked":"SKIP","floor":28.0},{"not_picked":["Acrobatics","Cloak And Dagger"],"picked":"Deflect","floor":29.0},{"not_picked":["Deflect","Terror"],"picked":"Slice+1","floor":31.0},{"not_picked":["Night Terror","Unload"],"picked":"Wraith Form v2","floor":33.0},{"not_picked":["Backflip+1","Poisoned Stab+1","Deflect"],"picked":"SKIP","floor":35.0},{"not_picked":["Quick Slash","Dodge and Roll","Concentrate"],"picked":"SKIP","floor":36.0},{"not_picked":["Bane+1","Calculated Gamble+1","Predator+1"],"picked":"SKIP","floor":38},{"not_picked":["Blade Dance+1","Backflip"],"picked":"Deadly Poison","floor":40},{"not_picked":["Underhanded Strike","Flying Knee+1","Heel Hook"],"picked":"SKIP","floor":46},{"not_picked":["Cloak And Dagger","Distraction+1"],"picked":"Tactician+1","floor":48}],"player_experience":754346,"relics_obtained":[{"floor":7.0,"key":"Strawberry"},{"floor":9.0,"key":"Lantern"},{"floor":11.0,"key":"Pear"},{"floor":22.0,"key":"Mummified Hand"},{"floor":26.0,"key":"The Courier"},{"floor":37.0,"key":"Unceasing Top"},{"floor":40,"key":"Gremlin Horn"},{"floor":43,"key":"Dream Catcher"},{"floor":47,"key":"Bag of Marbles"},{"floor":48,"key":"Ninja Scroll"}],"event_choices":[{"damage_healed":0.0,"max_hp_gain":0.0,"max_hp_loss":0.0,"gold_gain":0.0,"event_name":"Scrap Ooze","player_choice":"Success","floor":5.0,"gold_loss":0.0,"damage_taken":3.0,"relics_obtained":["CeramicFish"]},{"cards_removed":["Strike_G"],"damage_healed":0.0,"max_hp_gain":0.0,"max_hp_loss":0.0,"gold_gain":0.0,"event_name":"Living Wall","player_choice":"Forget","floor":8.0,"gold_loss":0.0,"damage_taken":0.0},{"damage_healed":0.0,"max_hp_gain":0.0,"max_hp_loss":0.0,"gold_gain":99.0,"event_name":"Nest","player_choice":"Stole From Cult","floor":20.0,"gold_loss":0.0,"damage_taken":0.0},{"damage_healed":0.0,"max_hp_gain":0.0,"max_hp_loss":0.0,"gold_gain":0.0,"event_name":"The Library","player_choice":"Read","floor":21.0,"gold_loss":0.0,"damage_taken":0.0,"cards_obtained":["Catalyst"]},{"damage_healed":0.0,"max_hp_gain":0.0,"max_hp_loss":0.0,"gold_gain":0.0,"event_name":"Wheel of Change","player_choice":"Relic","floor":37.0,"gold_loss":0.0,"damage_taken":0.0},{"cards_removed":["Flying Knee"],"damage_healed":0,"gold_gain":0,"player_choice":"Removed Attack","damage_taken":0,"max_hp_gain":0,"max_hp_loss":0,"event_name":"Falling","floor":44,"gold_loss":0}],"is_beta":false,"boss_relics":[{"not_picked":["Ectoplasm","Velvet Choker"],"picked":"Runic Pyramid"},{"not_picked":["SlaversCollar","Runic Dome"],"picked":"Pandora\u0027s Box"}],"items_purged_floors":[2,10,30,39],"is_endless":false,"potions_floor_spawned":[3,7,14,16,28,29,36,38,46],"ascension_level":10}}