{"host":"sav7uxregyirlf69","time":1609832056,"event":{"mods":["AchievementEnabler","BaseMod","Colored Map","DeckTracker","Keyboard Shortcuts","Minty Spire (QoL Compilation)","READ ME - Guardian Mod","StSLib","SuperFastMode"],"gold_per_floor":[113,188,188,188,200,200,210,210,210,210,237,260,277,294,294,294,294],"floor_reached":16,"playtime":206,"items_purged":[],"score":200,"play_id":"907df9c4-2870-41af-9e27-2af10865f816","local_time":"20210105163416","is_ascension_mode":true,"campfire_choices":[{"data":"Twin Strike","floor":6,"key":"SMITH"},{"data":"Uppercut","floor":8,"key":"SMITH"},{"floor":10,"key":"RECALL"},{"data":"True Grit","floor":15,"key":"SMITH"}],"circlet_count":0,"master_deck":["AscendersBane","Strike_R","Strike_R","Strike_R","Strike_R","Strike_R","Defend_R","Defend_R","Defend_R","Defend_R","Bash+1","Twin Strike+1","Uppercut+1","Anger","True Grit+1","Offering"],"relics":["Burning Blood","NeowsBlessing","Regal Pillow","Blue Candle","Odd Mushroom"],"acts_visited":["Exordium"],"potions_floor_usage":[14],"damage_taken":[{"damage":0,"enemies":"Jaw Worm","floor":1,"turns":1},{"damage":0,"enemies":"Small Slimes","floor":5,"turns":1},{"damage":0,"enemies":"Cultist","floor":7,"turns":1},{"damage":44,"enemies":"3 Sentries","floor":11,"turns":10},{"damage":24,"enemies":"The Mushroom Lair","floor":12,"turns":5},{"damage":16,"enemies":"3 Louse","floor":13,"turns":3},{"damage":2,"enemies":"Large Slime","floor":14,"turns":5},{"damage":37,"enemies":"Slime Boss","floor":16,"turns":7}],"seed_played":"3988987482164485454","potions_obtained":[{"floor":1,"key":"Weak Potion"},{"floor":11,"key":"Swift Potion"},{"floor":13,"key":"Regen Potion"}],"is_trial":false,"path_per_floor":["M","?","?","?","M","R","M","R","T","R","E","?","M","M","R","B"],"character_chosen":"IRONCLAD","items_purchased":[],"campfire_rested":0,"item_purchase_floors":[],"current_hp_per_floor":[74,63,63,63,69,69,75,75,75,75,37,19,9,27,27,0,0],"gold":294,"neow_bonus":"THREE_ENEMY_KILL","is_daily":false,"chose_seed":false,"campfire_upgraded":3,"win_rate":0.0,"timestamp":1609832056,"path_taken":["M","?","?","?","M","R","?","R","T","R","E","?","M","M","R","BOSS"],"items_purchased_type":[],"build_version":"2020-12-22","purchased_purges":0,"victory":false,"max_hp_per_floor":[75,75,75,75,75,75,75,75,75,75,75,75,75,75,75,75,75],"card_choices":[{"not_picked":["Spot Weakness","Clash"],"picked":"Twin Strike","floor":1},{"not_picked":["Combust","Flame Barrier","Iron Wave"],"picked":"SKIP","floor":5},{"not_picked":["Intimidate","Shrug It Off"],"picked":"Uppercut","floor":7},{"not_picked":["True Grit","Pummel","Twin Strike"],"picked":"SKIP","floor":11},{"not_picked":["Headbutt","Cleave"],"picked":"Anger","floor":12},{"not_picked":["Searing Blow","Clothesline"],"picked":"True Grit","floor":13},{"not_picked":["Spot Weakness","Dropkick"],"picked":"Offering","floor":14}],"player_experience":1144946,"relics_obtained":[{"floor":9,"key":"Regal Pillow"},{"floor":11,"key":"Blue Candle"},{"floor":12,"key":"Odd Mushroom"}],"event_choices":[{"damage_healed":0,"gold_gain":75,"player_choice":"Gather Gold","damage_taken":11,"max_hp_gain":0,"max_hp_loss":0,"event_name":"World of Goop","floor":2,"gold_loss":0},{"damage_healed":0,"gold_gain":0,"player_choice":"Ignored","damage_taken":0,"max_hp_gain":0,"max_hp_loss":0,"event_name":"Liars Game","floor":3,"gold_loss":0},{"damage_healed":0,"gold_gain":0,"player_choice":"Upgraded","damage_taken":0,"max_hp_gain":0,"max_hp_loss":0,"event_name":"Upgrade Shrine","floor":4,"gold_loss":0,"cards_upgraded":["Bash"]},{"damage_healed":0,"gold_gain":0,"player_choice":"Fought Mushrooms","damage_taken":0,"max_hp_gain":0,"max_hp_loss":0,"event_name":"Mushrooms","floor":12,"gold_loss":0}],"is_beta":false,"boss_relics":[],"items_purged_floors":[],"is_endless":false,"potions_floor_spawned":[1,11,13],"killed_by":"Slime Boss","ascension_level":20}}