{"host":"zxkjcgzis4pm3za5","time":1609863366,"event":{"mods":["AchievementEnabler","BaseMod","Colored Map","Colored Powertips","Minty Spire (QoL Compilation)","Quick Restart","RNG Fix","Random Character Button","StSLib"],"gold_per_floor":[113,45,45,56,56,99,41,76,121,144,160,203,203,221,221,314,314,335,349,349,274,274,307,36,36,36,54,54,54],"floor_reached":28,"playtime":938,"items_purged":["Defend_P"],"score":571,"play_id":"010c1ffa-4cbe-40fb-b085-50c258f69d3b","local_time":"20210105214606","is_ascension_mode":true,"campfire_choices":[{"data":"TalkToTheHand","floor":13.0,"key":"SMITH"},{"data":"TalkToTheHand","floor":15.0,"key":"SMITH"},{"data":"TalkToTheHand","floor":25,"key":"SMITH"}],"circlet_count":0,"master_deck":["AscendersBane","Defend_P","Defend_P","Defend_P","Eruption","Vigilance","FlurryOfBlows","TalkToTheHand+1","FlurryOfBlows","CrushJoints","TalkToTheHand+1","FlurryOfBlows","TalkToTheHand+1","EmptyBody","BattleHymn","Wish","FollowUp+1","WheelKick+1","Bite","Bite","Bite","Bite","Bite","DevaForm","Evaluate","Wallop"],"relics":["PureWater","Thread and Needle","Golden Idol","The Courier","Mummified Hand","Philosopher\u0027s Stone","Nunchaku","TeardropLocket","Gremlin Horn"],"acts_visited":["Exordium","TheCity"],"potions_floor_usage":[],"damage_taken":[{"damage":0.0,"enemies":"Cultist","floor":1.0,"turns":3.0},{"damage":0.0,"enemies":"2 Louse","floor":4.0,"turns":2.0},{"damage":32.0,"enemies":"Gremlin Nob","floor":6.0,"turns":5.0},{"damage":6.0,"enemies":"Lagavulin","floor":8.0,"turns":11.0},{"damage":0.0,"enemies":"Jaw Worm","floor":10.0,"turns":3.0},{"damage":0.0,"enemies":"2 Fungi Beasts","floor":11.0,"turns":2.0},{"damage":0.0,"enemies":"Gremlin Nob","floor":12.0,"turns":3.0},{"damage":1.0,"enemies":"Blue Slaver","floor":14.0,"turns":3.0},{"damage":0.0,"enemies":"Slime Boss","floor":16.0,"turns":5.0},{"damage":12.0,"enemies":"Spheric Guardian","floor":18.0,"turns":4.0},{"damage":6,"enemies":"3 Byrds","floor":19,"turns":5},{"damage":36,"enemies":"Gremlin Leader","floor":23,"turns":5},{"damage":23,"enemies":"Centurion and Healer","floor":27,"turns":7},{"damage":33,"enemies":"Slavers","floor":28,"turns":1}],"seed_played":"3385201911620282638","potions_obtained":[{"floor":1.0,"key":"BottledMiracle"},{"floor":8.0,"key":"Fire Potion"},{"floor":10.0,"key":"Ambrosia"},{"floor":18.0,"key":"Strength Potion"}],"is_trial":false,"path_per_floor":["M","$","?","M","?","E","$","E","T","M","M","E","R","M","R","B",null,"M","M","?","?","?","E","$","R","T","M","E"],"character_chosen":"WATCHER","items_purchased":["TalkToTheHand","TalkToTheHand","TeardropLocket","Evaluate"],"campfire_rested":0,"item_purchase_floors":[2,7,24,24],"current_hp_per_floor":[65,65,65,65,60,28,28,22,22,24,26,28,28,29,29,31,53,43,39,59,59,59,30,30,30,30,25,0,0],"gold":54,"neow_bonus":"ONE_RARE_RELIC","is_daily":false,"chose_seed":false,"campfire_upgraded":3,"win_rate":0.0,"timestamp":1609863366,"path_taken":["M","$","?","M","?","E","?","E","T","M","M","E","R","?","R","BOSS","M","M","?","?","?","E","?","R","T","?","E"],"items_purchased_type":["Card","Card","Relic","Card"],"build_version":"2020-12-22","purchased_purges":1,"victory":false,"max_hp_per_floor":[65,65,65,65,60,60,60,60,60,60,60,60,60,60,60,60,60,60,60,60,60,60,60,60,60,60,60,60,60],"card_choices":[{"not_picked":["BowlingBash","FollowUp"],"picked":"FlurryOfBlows","floor":1.0},{"not_picked":["Prostrate","SignatureMove"],"picked":"FlurryOfBlows","floor":4.0},{"not_picked":["ClearTheMind","ThirdEye"],"picked":"CrushJoints","floor":6.0},{"not_picked":["Prostrate","FollowUp"],"picked":"FlurryOfBlows","floor":8.0},{"not_picked":["FlurryOfBlows","Collect","ClearTheMind"],"picked":"SKIP","floor":10.0},{"not_picked":["Study","Meditate"],"picked":"TalkToTheHand","floor":11.0},{"not_picked":["Fasting2","Brilliance"],"picked":"EmptyBody","floor":12.0},{"not_picked":["Crescendo","JustLucky"],"picked":"BattleHymn","floor":14.0},{"not_picked":["Establishment","Alpha"],"picked":"Wish","floor":16.0},{"not_picked":["EmptyBody","Pray"],"picked":"FollowUp+1","floor":18.0},{"not_picked":["SashWhip","MentalFortress"],"picked":"WheelKick+1","floor":19},{"not_picked":["BowlingBash","Collect+1"],"picked":"DevaForm","floor":23},{"not_picked":["SashWhip","Meditate"],"picked":"Wallop","floor":27}],"player_experience":185558,"relics_obtained":[{"floor":6.0,"key":"The Courier"},{"floor":8.0,"key":"Blood Vial"},{"floor":12.0,"key":"Mummified Hand"},{"floor":23,"key":"Nunchaku"},{"floor":26,"key":"Gremlin Horn"}],"event_choices":[{"damage_healed":0.0,"max_hp_gain":0.0,"max_hp_loss":0.0,"gold_gain":0.0,"event_name":"Liars Game","player_choice":"Ignored","floor":3.0,"gold_loss":0.0,"damage_taken":0.0},{"damage_healed":0.0,"max_hp_gain":0.0,"max_hp_loss":5.0,"gold_gain":0.0,"event_name":"Golden Idol","player_choice":"Lose Max HP","floor":5.0,"gold_loss":0.0,"damage_taken":0.0,"relics_obtained":["Golden Idol"]},{"damage_healed":20,"gold_gain":0,"player_choice":"Heal","damage_taken":0,"max_hp_gain":0,"max_hp_loss":0,"event_name":"The Library","floor":20,"gold_loss":0},{"cards_removed":["Strike_P"],"damage_healed":0,"gold_gain":0,"player_choice":"Gave Gold","damage_taken":0,"max_hp_gain":0,"max_hp_loss":0,"event_name":"Beggar","floor":21,"gold_loss":75},{"damage_healed":0,"gold_gain":0,"player_choice":"Became a vampire (Vial)","damage_taken":0,"max_hp_gain":0,"max_hp_loss":0,"event_name":"Vampires","floor":22,"relics_lost":["Blood Vial"],"gold_loss":0,"cards_obtained":["Bite","Bite","Bite","Bite","Bite"]}],"is_beta":false,"boss_relics":[{"not_picked":["Snecko Eye","Ectoplasm"],"picked":"Philosopher\u0027s Stone"}],"items_purged_floors":[24],"is_endless":false,"potions_floor_spawned":[1,8,10,18],"killed_by":"Slavers","ascension_level":13}}