{"host":"w3q5ijqu8eoknil3","time":1609874917,"event":{"mods":["AchievementEnabler","BaseMod","Block Reminder","Colored Powertips","Minty Spire (QoL Compilation)","Quick Restart","Relic Stats","ojb\u0027s Better Paths Mod","ojb\u0027s Info Mod","slay the spire mod where everything is the same but ironclad has a cowboy hat"],"gold_per_floor":[114,264,264,42,42,69,87,98,146,146,146,176,191,208,208,279,279,295,308,328,76,76,103,103,133,133,58,74,87,87,118,118,195,245,258,103,103,103,114,148,148,183,230,9,22,22,22,32,32,32,32,32,32,32,32],"floor_reached":54,"playtime":2038,"items_purged":["Doubt","Infinite Blades"],"score":1467,"play_id":"65b8ce0d-1a2a-4de8-8050-68fe1a7d8453","local_time":"20210105192837","is_ascension_mode":true,"campfire_choices":[{"data":"Noxious Fumes","floor":11.0,"key":"SMITH"},{"data":"Catalyst","floor":15.0,"key":"SMITH"},{"data":"Venomology","floor":24.0,"key":"SMITH"},{"floor":30.0,"key":"REST"},{"data":"Catalyst","floor":32.0,"key":"SMITH"},{"data":"Burst","floor":41.0,"key":"SMITH"},{"floor":49,"key":"RECALL"},{"data":"Wraith Form v2","floor":52,"key":"SMITH"}],"circlet_count":0,"master_deck":["AscendersBane","Survivor","Neutralize","Calculated Gamble","Bouncing Flask+1","Dagger Spray","Noxious Fumes+1","Acrobatics","Catalyst+1","Blur","Burst+1","Wraith Form v2+1","Catalyst+1","Acrobatics","Predator","Venomology+1","Backflip","Backflip","Poisoned Stab+1","Crippling Poison","Calculated Gamble","Poisoned Stab","Bullet Time","PiercingWail","Flying Knee","Tactician+1","Corpse Explosion"],"relics":["Ring of the Snake","NeowsBlessing","Centennial Puzzle","Oddly Smooth Stone","Lantern","Thread and Needle","Pandora\u0027s Box","Strange Spoon","Bronze Scales","Omamori","Pantograph","Boot","Tiny House","Potion Belt","MealTicket","Tough Bandages","Cauldron"],"acts_visited":["TheCity","TheBeyond","TheEnding"],"potions_floor_usage":[45,45,50,50,50,54,54,54],"damage_taken":[{"damage":0.0,"enemies":"Jaw Worm","floor":1.0,"turns":1.0},{"damage":0.0,"enemies":"Gremlin Nob","floor":6.0,"turns":1.0},{"damage":0.0,"enemies":"2 Louse","floor":7.0,"turns":1.0},{"damage":3.0,"enemies":"Small Slimes","floor":8.0,"turns":3.0},{"damage":15.0,"enemies":"3 Sentries","floor":12.0,"turns":6.0},{"damage":0.0,"enemies":"2 Fungi Beasts","floor":13.0,"turns":2.0},{"damage":6.0,"enemies":"Exordium Thugs","floor":14.0,"turns":4.0},{"damage":0.0,"enemies":"The Guardian","floor":16.0,"turns":7.0},{"damage":4.0,"enemies":"Shell Parasite","floor":18.0,"turns":2.0},{"damage":0.0,"enemies":"Spheric Guardian","floor":19.0,"turns":2.0},{"damage":0.0,"enemies":"Snake Plant","floor":20.0,"turns":3.0},{"damage":49.0,"enemies":"Slavers","floor":23.0,"turns":4.0},{"damage":16.0,"enemies":"Gremlin Leader","floor":25.0,"turns":6.0},{"damage":6.0,"enemies":"Centurion and Healer","floor":28.0,"turns":5.0},{"damage":3.0,"enemies":"Snecko","floor":29.0,"turns":3.0},{"damage":11.0,"enemies":"Slavers","floor":31.0,"turns":3.0},{"damage":9.0,"enemies":"Champ","floor":33.0,"turns":3.0},{"damage":0.0,"enemies":"Orb Walker","floor":35.0,"turns":2.0},{"damage":4.0,"enemies":"3 Shapes","floor":39.0,"turns":4.0},{"damage":32.0,"enemies":"Reptomancer","floor":40.0,"turns":5.0},{"damage":23.0,"enemies":"Nemesis","floor":42.0,"turns":3.0},{"damage":15,"enemies":"Sphere and 2 Shapes","floor":45,"turns":4},{"damage":0,"enemies":"Jaw Worm Horde","floor":48,"turns":3},{"damage":20,"enemies":"Donu and Deca","floor":50,"turns":4},{"damage":79,"enemies":"Shield and Spear","floor":54,"turns":4}],"seed_played":"8033305072436848641","potions_obtained":[{"floor":6.0,"key":"Fire Potion"},{"floor":7.0,"key":"EntropicBrew"},{"floor":8.0,"key":"FairyPotion"},{"floor":12.0,"key":"LiquidBronze"},{"floor":23.0,"key":"EssenceOfSteel"},{"floor":28.0,"key":"DuplicationPotion"},{"floor":33.0,"key":"LiquidBronze"},{"floor":34.0,"key":"Poison Potion"},{"floor":42.0,"key":"Ancient Potion"},{"floor":44,"key":"Poison Potion"},{"floor":44,"key":"SmokeBomb"}],"is_trial":false,"path_per_floor":["M","?","?","$","?","E","M","M","T","?","R","E","M","M","R","B",null,"M","M","M","$","?","E","R","E","T","?","M","M","R","E","R","B",null,"M","$","?","?","M","E","R","E","T","$","M","$","?","M","R","B",null,"R","$","E"],"character_chosen":"THE_SILENT","items_purchased":["Centennial Puzzle","Strange Spoon","Potion Belt","Corpse Explosion","Cauldron"],"campfire_rested":1,"item_purchase_floors":[4,21,36,44,44],"current_hp_per_floor":[59,59,64,64,64,64,64,61,61,61,61,46,46,40,40,40,63,59,59,59,59,59,10,10,15,15,15,9,6,27,16,16,32,66,66,66,66,66,62,30,30,7,7,22,7,22,22,22,22,27,64,64,76,0,0],"gold":32,"neow_bonus":"THREE_ENEMY_KILL","is_daily":false,"chose_seed":false,"campfire_upgraded":6,"win_rate":0.0,"timestamp":1609874917,"path_taken":["M","?","?","$","?","E","M","M","T","?","R","E","M","M","R","BOSS","M","M","M","$","?","E","R","E","T","?","M","M","R","E","R","BOSS","M","$","?","?","?","E","R","E","T","?","M","$","?","M","R","BOSS","R","$","E"],"items_purchased_type":["Relic","Relic","Relic","Card","Relic"],"build_version":"2020-12-22","purchased_purges":2,"victory":false,"max_hp_per_floor":[66,66,71,71,71,71,71,71,71,71,71,71,71,71,71,71,71,71,71,71,71,71,71,71,71,71,71,71,71,71,71,71,71,76,76,76,76,76,76,76,76,76,76,76,76,76,76,76,76,76,76,76,76,76,76],"relic_stats":{"Strange Spoon":[34],"Centennial Puzzle":[48],"Tough Bandages":[99],"counters":[25,85],"Bronze Scales":[124],"Pantograph":50,"Pandora\u0027s Box":["Wraith Form v2","Catalyst","Underhanded Strike","Acrobatics","Masterful Stab","Predator","Venomology","Backflip","Infinite Blades","Backflip"],"MealTicket":42,"Boot":[24],"obtain_stats":[{"Potion Belt":36,"Lantern":9,"Tiny House":34,"NeowsBlessing":0,"Oddly Smooth Stone":6,"Thread and Needle":12,"Omamori":25,"Boot":31,"Strange Spoon":21,"Cauldron":44,"Centennial Puzzle":4,"Tough Bandages":42,"Bronze Scales":23,"Pantograph":26,"Pandora\u0027s Box":17,"MealTicket":40,"Ring of the Snake":0},{"Potion Belt":18,"Lantern":4,"Tiny House":17,"NeowsBlessing":0,"Oddly Smooth Stone":2,"Thread and Needle":5,"Omamori":13,"Boot":16,"Strange Spoon":11,"Cauldron":21,"Centennial Puzzle":1,"Tough Bandages":21,"Bronze Scales":12,"Pantograph":13,"Pandora\u0027s Box":8,"MealTicket":20,"Ring of the Snake":0},{"Potion Belt":58,"Lantern":6,"Tiny House":56,"NeowsBlessing":0,"Oddly Smooth Stone":2,"Thread and Needle":12,"Omamori":42,"Boot":53,"Strange Spoon":32,"Cauldron":70,"Centennial Puzzle":1,"Tough Bandages":70,"Bronze Scales":36,"Pantograph":42,"Pandora\u0027s Box":25,"MealTicket":67,"Ring of the Snake":0}],"Ring of the Snake":[50]},"card_choices":[{"not_picked":["Dagger Throw","Slice"],"picked":"Calculated Gamble","floor":1.0},{"not_picked":["All Out Attack","PiercingWail"],"picked":"Bouncing Flask","floor":6.0},{"not_picked":["Riddle With Holes","Deflect"],"picked":"Dagger Spray","floor":7.0},{"not_picked":["Eviscerate","Dodge and Roll"],"picked":"Noxious Fumes","floor":8.0},{"not_picked":["Slice","Backflip"],"picked":"Acrobatics","floor":12.0},{"not_picked":["Crippling Poison","Deadly Poison"],"picked":"Catalyst","floor":13.0},{"not_picked":["Acrobatics","Quick Slash"],"picked":"Blur","floor":14.0},{"not_picked":["Wraith Form v2","Bullet Time"],"picked":"Burst","floor":16.0},{"not_picked":["Acrobatics+1","Blade Dance"],"picked":"Poisoned Stab","floor":18.0},{"not_picked":["Outmaneuver","Escape Plan"],"picked":"Crippling Poison","floor":19.0},{"not_picked":["Reflex","Slice","Backflip"],"picked":"SKIP","floor":20.0},{"not_picked":["Cloak And Dagger","Dodge and Roll","Grand Finale"],"picked":"SKIP","floor":23.0},{"not_picked":["Grand Finale","Eviscerate","Expertise"],"picked":"SKIP","floor":25.0},{"not_picked":["Bane","Dagger Throw","Sucker Punch"],"picked":"SKIP","floor":28.0},{"not_picked":["Outmaneuver","Sucker Punch"],"picked":"Poisoned Stab","floor":29.0},{"not_picked":["Slice","Wraith Form v2","Backflip"],"picked":"SKIP","floor":31.0},{"not_picked":["After Image","Tools of the Trade"],"picked":"Bullet Time","floor":33.0},{"not_picked":["Bane","Deadly Poison"],"picked":"PiercingWail","floor":34.0},{"not_picked":["Distraction","Backflip","Prepared"],"picked":"SKIP","floor":35.0},{"not_picked":["Prepared","Acrobatics"],"picked":"Flying Knee","floor":39.0},{"not_picked":["Poisoned Stab","Escape Plan"],"picked":"Tactician+1","floor":40.0},{"not_picked":["Sucker Punch","Choke","Distraction"],"picked":"SKIP","floor":42.0},{"not_picked":["A Thousand Cuts","Infinite Blades","Slice"],"picked":"SKIP","floor":45},{"not_picked":["Deflect","Masterful Stab","Bane+1"],"picked":"SKIP","floor":48}],"player_experience":944031,"relics_obtained":[{"floor":6.0,"key":"Oddly Smooth Stone"},{"floor":9.0,"key":"Lantern"},{"floor":12.0,"key":"Thread and Needle"},{"floor":23.0,"key":"Bronze Scales"},{"floor":25.0,"key":"Omamori"},{"floor":26.0,"key":"Pantograph"},{"floor":31.0,"key":"Boot"},{"floor":40.0,"key":"MealTicket"},{"floor":42.0,"key":"Tough Bandages"}],"event_choices":[{"damage_healed":0.0,"max_hp_gain":0.0,"max_hp_loss":0.0,"gold_gain":150.0,"event_name":"Liars Game","player_choice":"AGREE","floor":2.0,"gold_loss":0.0,"damage_taken":0.0,"cards_obtained":["Doubt"]},{"damage_healed":0.0,"max_hp_gain":5.0,"max_hp_loss":0.0,"gold_gain":0.0,"event_name":"Big Fish","player_choice":"Donut","floor":3.0,"gold_loss":0.0,"damage_taken":0.0},{"damage_healed":0.0,"max_hp_gain":0.0,"max_hp_loss":0.0,"gold_gain":0.0,"event_name":"The Cleric","player_choice":"Leave","floor":5.0,"gold_loss":0.0,"damage_taken":0.0},{"damage_healed":0.0,"max_hp_gain":0.0,"max_hp_loss":0.0,"gold_gain":0.0,"event_name":"Upgrade Shrine","player_choice":"Upgraded","floor":10.0,"gold_loss":0.0,"damage_taken":0.0,"cards_upgraded":["Bouncing Flask"]},{"damage_healed":0.0,"max_hp_gain":0.0,"max_hp_loss":0.0,"gold_gain":0.0,"cards_transformed":["Underhanded Strike","Masterful Stab"],"event_name":"Drug Dealer","player_choice":"Became Test Subject","floor":22.0,"gold_loss":0.0,"damage_taken":0.0,"cards_obtained":["Tools of the Trade","Calculated Gamble"]},{"cards_removed":["Tools of the Trade"],"damage_healed":0.0,"max_hp_gain":0.0,"max_hp_loss":0.0,"gold_gain":0.0,"event_name":"Beggar","player_choice":"Gave Gold","floor":27.0,"gold_loss":75.0,"damage_taken":0.0},{"damage_healed":0.0,"max_hp_gain":0.0,"max_hp_loss":0.0,"gold_gain":0.0,"event_name":"Tomb of Lord Red Mask","player_choice":"Ignored","floor":37.0,"gold_loss":0.0,"damage_taken":0.0},{"damage_healed":0.0,"max_hp_gain":0.0,"max_hp_loss":0.0,"gold_gain":0.0,"event_name":"Match and Keep!","player_choice":"0 cards matched","floor":38.0,"gold_loss":0.0,"damage_taken":0.0,"cards_obtained":[]},{"damage_healed":0,"gold_gain":0,"player_choice":"Ignored","damage_taken":0,"max_hp_gain":0,"max_hp_loss":0,"event_name":"The Moai Head","floor":47,"gold_loss":0}],"is_beta":false,"boss_relics":[{"not_picked":["Ring of the Serpent","Snecko Eye"],"picked":"Pandora\u0027s Box"},{"not_picked":["Velvet Choker","Empty Cage"],"picked":"Tiny House"}],"items_purged_floors":[4,21],"is_endless":false,"potions_floor_spawned":[6,7,8,12,16,23,28,33,42],"killed_by":"Shield and Spear","ascension_level":15}}