{"host":"pno9h1fupbyz205f","time":1609806179,"event":{"mods":["BaseMod","Better Altar","Better Match","Better Note","Better Sensory Stone","Better Skull","Better Third Choice","Colored Map","Colored Powertips","Conspire","Hubris","Infinite Spire","Jedi Mod","Mad Scientist","Marisa????????","Minty Spire (QoL Compilation)","Permanent Neow","Potionbrewer","Replay The Spire","Shop Mod","StSLib","The Gatherer","The Hierophant","The Poker Player","The Runesmith","The Servant 0.9.4","thorton","vexMod"],"gold_per_floor":[115,115,133,133,133,133,166,166,193,212,50,82,113,135,135,251,351,373,373,404,437,73,93,93,93],"floor_reached":23,"playtime":1330,"items_purged":["Normality","thethorton:Strike"],"score":185,"play_id":"adec5804-39b9-464c-a023-145bb350e6e9","local_time":"20210104162259","is_ascension_mode":false,"campfire_choices":[{"data":"thethorton:FocusStrength","floor":6,"key":"SMITH"},{"data":"thethorton:PowerUp","floor":8,"key":"SMITH"},{"data":"thethorton:ThickSkin","floor":15,"key":"SMITH"}],"circlet_count":0,"master_deck":["thethorton:Strike","thethorton:Strike","thethorton:Strike","thethorton:Defend","thethorton:Defend","thethorton:Defend","thethorton:Defend","thethorton:Heckle+1","thethorton:CreditCard","thethorton:FocusStrength+1","thethorton:WhirlingBriefcase","thethorton:PowerUp+1","thethorton:GoldBuffer","thethorton:BattleTrash+1","thethorton:HitAhead","thethorton:ThickSkin+1","thethorton:CompoundInterest","thethorton:ElbowSmash+1","thethorton:GoldBuffer","thethorton:BookBash","Replay:Bootleg Shield Generator+1","thethorton:CashBash","thethorton:CashBash"],"relics":["thethorton:CouragePotion","hubris:Icosahedron","Pet Ghost","Replay:Wanted Poster","Replay:Arrowhead","vexMod:PaidLearning"],"acts_visited":["Exordium","TheCity"],"potions_floor_usage":[7,13,16,16,16,21],"damage_taken":[{"damage":15,"enemies":"Small Slimes","floor":1,"turns":5},{"damage":5,"enemies":"conspire:RoseBush","floor":3,"turns":5},{"damage":3,"enemies":"2 Louse","floor":7,"turns":4},{"damage":7,"enemies":"conspire:2 RoseBushes","floor":10,"turns":6},{"damage":14,"enemies":"3 Louse","floor":12,"turns":4},{"damage":4,"enemies":"Red Slaver","floor":13,"turns":3},{"damage":1,"enemies":"Blue Slaver","floor":14,"turns":4},{"damage":16,"enemies":"The Guardian","floor":16,"turns":9},{"damage":11,"enemies":"Chosen","floor":18,"turns":8},{"damage":6,"enemies":"3 Byrds","floor":20,"turns":6},{"damage":31,"enemies":"Cultist and Chosen","floor":21,"turns":9},{"damage":29,"enemies":"conspire:SneckoGhost","floor":23,"turns":3}],"seed_played":"600714500213474614","potions_obtained":[{"floor":1,"key":"potionbrewer:MidasPotion"},{"floor":3,"key":"Swift Potion"},{"floor":10,"key":"jedi:StrikingPotion"},{"floor":13,"key":"potionbrewer:InfectionPotion"},{"floor":18,"key":"Cursed Concoction"}],"is_trial":false,"path_per_floor":["M","?","M","?","?","R","M","R","T","M","$","M","M","M","R","B",null,"M","?","M","M","$","E"],"character_chosen":"THE_THORT","items_purchased":["thethorton:BattleTrash","thethorton:HitAhead","Replay:Bootleg Shield Generator","thethorton:CashBash","vexMod:PaidLearning"],"campfire_rested":0,"item_purchase_floors":[11,11,22,22,22],"current_hp_per_floor":[53,53,48,48,48,48,45,45,45,38,38,24,64,63,63,47,68,57,57,51,20,20,0,0,0],"gold":93,"neow_bonus":"UPGRADE_CARD","is_daily":false,"chose_seed":false,"campfire_upgraded":3,"win_rate":0.0,"timestamp":1609806179,"path_taken":["M","?","M","?","?","R","?","R","T","M","$","M","M","M","R","BOSS","M","?","M","M","$","E"],"items_purchased_type":["Card","Card","Card","Card","Relic"],"build_version":"2020-12-22","purchased_purges":2,"victory":false,"max_hp_per_floor":[68,68,68,68,68,68,68,68,68,68,68,68,68,68,68,68,68,68,68,68,68,68,68,68,68],"card_choices":[{"not_picked":["thethorton:TakeAccounts","thethorton:FearfulRun"],"picked":"thethorton:FocusStrength","floor":1},{"not_picked":["thethorton:Crash","thethorton:SicklyRun"],"picked":"thethorton:WhirlingBriefcase","floor":3},{"not_picked":["thethorton:SnowDay","thethorton:ElbowSmash"],"picked":"thethorton:PowerUp","floor":7},{"not_picked":["thethorton:PowerUp","thethorton:DoubleRun"],"picked":"thethorton:GoldBuffer","floor":10},{"not_picked":["thethorton:ElbowSmash","thethorton:ROI"],"picked":"thethorton:ThickSkin","floor":12},{"not_picked":["thethorton:DesperateRun","thethorton:BookBash","thethorton:LongTermPayoff"],"picked":"SKIP","floor":13},{"not_picked":["thethorton:ElbowSmash","thethorton:ROI","thethorton:StumblingSlap"],"picked":"SKIP","floor":14},{"not_picked":["thethorton:Escape","thethorton:CardboardBox"],"picked":"thethorton:CompoundInterest","floor":16},{"not_picked":["thethorton:ShoutAndRun","thethorton:CoffeeBlast"],"picked":"thethorton:ElbowSmash+1","floor":18},{"not_picked":["thethorton:TakeAccounts","thethorton:SheetShred"],"picked":"thethorton:GoldBuffer","floor":20},{"not_picked":["thethorton:GoldBuffer","thethorton:TakeAccounts"],"picked":"thethorton:BookBash","floor":21}],"player_experience":93466,"relics_obtained":[{"floor":9,"key":"Pet Ghost"},{"floor":19,"key":"Replay:Arrowhead"}],"event_choices":[{"damage_healed":0,"gold_gain":0,"player_choice":"Ignored","damage_taken":133,"max_hp_gain":0,"max_hp_loss":0,"event_name":"betterThird:BetterSerpent","floor":4,"gold_loss":0},{"damage_healed":0,"gold_gain":0,"player_choice":"Disagree","damage_taken":0,"max_hp_gain":0,"max_hp_loss":0,"event_name":"conspire:LoneGhost","floor":5,"gold_loss":0},{"damage_healed":0,"gold_gain":0,"player_choice":"Relic","damage_taken":0,"max_hp_gain":0,"max_hp_loss":0,"event_name":"Wheel of Change","floor":19,"gold_loss":0}],"is_beta":false,"boss_relics":[{"not_picked":["Snecko Eye","Ectoplasm"],"picked":"Replay:Wanted Poster"}],"items_purged_floors":[11,22],"is_endless":false,"potions_floor_spawned":[1,3,10,13,18],"killed_by":"conspire:SneckoGhost","ascension_level":0}}