{"host":"mydft8i2zzydgggw","time":1609861138,"event":{"mods":["AchievementEnabler","BaseMod","BetterRewards","Colored Map","Colored Powertips","DeckTracker","Keyboard Shortcuts","Minty Spire (QoL Compilation)","Quick Restart","Rare Cards Sparkle","StSLib","SuperFastMode","The Poker Player","everything is the same but u backflip on backflip"],"gold_per_floor":[110,121,121,46,46,81,104,140,164,164,114,139,178,253,253,372,372,390,31,31,31,47,47,47],"floor_reached":23,"playtime":557,"items_purged":["Defend_P"],"score":324,"play_id":"2ca9207d-6aee-4be2-8dc6-ec9e31f40c8f","local_time":"20210106003858","is_ascension_mode":true,"campfire_choices":[{"floor":15,"key":"REST"}],"circlet_count":0,"master_deck":["Strike_P+1","Strike_P+1","Eruption","Vigilance","LikeWater","Indignation","Halt","SpiritShield","Prostrate","Prostrate","Writhe","Indignation","WaveOfTheHand"],"relics":["PureWater","NeowsBlessing","Art of War","Golden Idol","Bag of Marbles","Whetstone","MealTicket","Pocketwatch","Empty Cage","Shovel","Enchiridion"],"acts_visited":["Exordium","TheCity"],"potions_floor_usage":[8,8,13,23],"damage_taken":[{"damage":0.0,"enemies":"Jaw Worm","floor":1.0,"turns":1.0},{"damage":0.0,"enemies":"2 Louse","floor":2.0,"turns":1.0},{"damage":0,"enemies":"Lagavulin","floor":6,"turns":2},{"damage":0,"enemies":"Small Slimes","floor":7,"turns":3},{"damage":25,"enemies":"3 Sentries","floor":8,"turns":5},{"damage":0,"enemies":"3 Louse","floor":12,"turns":3},{"damage":14,"enemies":"Lagavulin","floor":13,"turns":6},{"damage":0,"enemies":"Slime Boss","floor":16,"turns":3},{"damage":12,"enemies":"Spheric Guardian","floor":18,"turns":6},{"damage":0,"enemies":"Chosen","floor":22,"turns":4},{"damage":58,"enemies":"Slavers","floor":23,"turns":4}],"seed_played":"2110814446734210382","potions_obtained":[{"floor":1.0,"key":"DistilledChaos"},{"floor":2.0,"key":"Block Potion"},{"floor":8,"key":"BlessingOfTheForge"},{"floor":13,"key":"GamblersBrew"}],"is_trial":false,"path_per_floor":["M","M","?","$","?","E","M","E","T","?","?","M","E","?","R","B",null,"M","$","?","?","M","E"],"character_chosen":"WATCHER","items_purchased":["Shovel","Prostrate"],"campfire_rested":1,"item_purchase_floors":[19,19],"current_hp_per_floor":[72,72,69,69,69,69,69,44,44,44,44,44,30,19,40,40,72,60,72,72,56,56,0,0],"gold":47,"neow_bonus":"THREE_ENEMY_KILL","is_daily":false,"chose_seed":false,"campfire_upgraded":0,"win_rate":0.0,"timestamp":1609861138,"path_taken":["M","M","?","$","?","E","M","E","T","?","?","M","E","?","R","BOSS","M","$","?","?","?","E"],"items_purchased_type":["Relic","Card"],"build_version":"2020-12-22","purchased_purges":1,"victory":false,"max_hp_per_floor":[72,72,72,72,72,72,72,72,72,72,72,72,72,72,72,72,72,72,72,72,72,72,72,72],"card_choices":[{"not_picked":["Vengeance","Crescendo","TalkToTheHand"],"picked":"SKIP","floor":1.0},{"not_picked":["JustLucky","ClearTheMind"],"picked":"LikeWater","floor":2.0},{"not_picked":["Protect","PathToVictory"],"picked":"Indignation","floor":6},{"not_picked":["Crescendo","Wireheading","FollowUp"],"picked":"SKIP","floor":7},{"not_picked":["LikeWater","Perseverance","Consecrate"],"picked":"SKIP","floor":8},{"not_picked":["EmptyBody","DeceiveReality"],"picked":"Halt","floor":12},{"not_picked":["Indignation","Weave","Protect"],"picked":"SKIP","floor":13},{"not_picked":["Establishment","Ragnarok"],"picked":"SpiritShield","floor":16},{"not_picked":["Evaluate","SashWhip"],"picked":"Prostrate","floor":18},{"not_picked":["ThirdEye","BattleHymn+1"],"picked":"WaveOfTheHand","floor":22}],"player_experience":107115,"relics_obtained":[{"floor":6,"key":"Bag of Marbles"},{"floor":8,"key":"Whetstone"},{"floor":9,"key":"MealTicket"},{"floor":13,"key":"Pocketwatch"},{"floor":21,"key":"Enchiridion"}],"event_choices":[{"damage_healed":0.0,"max_hp_gain":0.0,"max_hp_loss":0.0,"gold_gain":0.0,"event_name":"Scrap Ooze","player_choice":"Success","floor":3.0,"gold_loss":0.0,"damage_taken":3.0,"relics_obtained":["Art of War"]},{"damage_healed":0,"gold_gain":0,"player_choice":"Take Wound","damage_taken":0,"relics_obtained":["Golden Idol"],"max_hp_gain":0,"max_hp_loss":0,"event_name":"Golden Idol","floor":5,"gold_loss":0,"cards_obtained":["Injury"]},{"cards_removed":["Strike_P"],"damage_healed":0,"gold_gain":0,"player_choice":"Forget","damage_taken":0,"max_hp_gain":0,"max_hp_loss":0,"event_name":"Living Wall","floor":10,"gold_loss":0},{"cards_removed":["Strike_P"],"damage_healed":0,"gold_gain":0,"player_choice":"Card Removal","damage_taken":0,"max_hp_gain":0,"max_hp_loss":0,"event_name":"The Cleric","floor":11,"gold_loss":50},{"damage_healed":0,"gold_gain":75,"player_choice":"Gather Gold","damage_taken":11,"max_hp_gain":0,"max_hp_loss":0,"event_name":"World of Goop","floor":14,"gold_loss":0},{"damage_healed":0,"gold_gain":0,"cards_transformed":["Injury","Defend_P"],"player_choice":"Became Test Subject","damage_taken":0,"max_hp_gain":0,"max_hp_loss":0,"event_name":"Drug Dealer","floor":20,"gold_loss":0,"cards_obtained":["Writhe","Indignation"]},{"damage_healed":0,"gold_gain":0,"player_choice":"Obtained Book","damage_taken":16,"max_hp_gain":0,"max_hp_loss":0,"event_name":"Cursed Tome","floor":21,"gold_loss":0}],"is_beta":false,"boss_relics":[{"not_picked":["SlaversCollar","Tiny House"],"picked":"Empty Cage"}],"items_purged_floors":[4],"is_endless":false,"potions_floor_spawned":[1,2,8,13],"killed_by":"Slavers","ascension_level":3}}