{"host":"uv231blk40vjdojr","time":1609859374,"event":{"mods":["BaseMod","Minty Spire (QoL Compilation)","Relic Stats"],"gold_per_floor":[117,192,205,205,62,93,93,122,122,122,87,113,124,7,7,82,82,82,82,82,52,52,52,52,52,52,52,52,52,52,52,52,52,52,52,52,52,52,14,14,14,14,14,14,0,0,0,0,0,0],"floor_reached":51,"playtime":2998,"items_purged":["Strike_G+1"],"score":1218,"play_id":"36eb243f-9655-4663-aa70-13180aa1bb0a","local_time":"20210105160934","is_ascension_mode":true,"campfire_choices":[{"data":"Endless Agony","floor":7,"key":"SMITH"},{"floor":10,"key":"REST"},{"floor":15,"key":"REST"},{"data":"Crippling Poison","floor":23,"key":"SMITH"},{"floor":27,"key":"REST"},{"data":"Wraith Form v2","floor":30,"key":"SMITH"},{"floor":32,"key":"REST"},{"floor":41,"key":"REST"},{"data":"Footwork","floor":49,"key":"SMITH"}],"circlet_count":0,"master_deck":["AscendersBane","Strike_G+1","Defend_G+1","Defend_G+1","Defend_G+1","Defend_G+1","Defend_G+1","Survivor","Dramatic Entrance+1","Crippling Poison+1","Poisoned Stab","Endless Agony+1","Wraith Form v2+1","Deadly Poison+1","Prepared+1","Corpse Explosion+1","Blade Dance+1","Bane","Venomology+1","Expertise+1","Backflip+1","Doppelganger+1","Corpse Explosion+1","Poisoned Stab+1","Caltrops+1","Burst+1","Deep Breath+1","Noxious Fumes","Footwork+1"],"relics":["Ring of the Snake","The Specimen","Bottled Lightning","Toxic Egg 2","Membership Card","Ectoplasm","Nloth\u0027s Gift","Snake Skull","Nunchaku","Ornamental Fan","Astrolabe","Peace Pipe","Omamori","Red Mask"],"acts_visited":["Exordium","TheCity","TheBeyond"],"potions_floor_usage":[6,8,8,16,28,31,33,33,33,35,40,40,47,48,50,50],"damage_taken":[{"damage":0,"enemies":"Small Slimes","floor":1,"turns":4},{"damage":3,"enemies":"2 Louse","floor":3,"turns":2},{"damage":9,"enemies":"3 Sentries","floor":6,"turns":4},{"damage":22,"enemies":"Lagavulin","floor":8,"turns":6},{"damage":6,"enemies":"Gremlin Nob","floor":12,"turns":4},{"damage":0,"enemies":"Cultist","floor":13,"turns":3},{"damage":15,"enemies":"The Guardian","floor":16,"turns":10},{"damage":13,"enemies":"Shell Parasite","floor":18,"turns":7},{"damage":0,"enemies":"2 Thieves","floor":21,"turns":2},{"damage":6,"enemies":"Snecko","floor":22,"turns":4},{"damage":12,"enemies":"Gremlin Leader","floor":25,"turns":4},{"damage":15,"enemies":"Book of Stabbing","floor":28,"turns":5},{"damage":0,"enemies":"Sentry and Sphere","floor":31,"turns":4},{"damage":19,"enemies":"Collector","floor":33,"turns":7},{"damage":0,"enemies":"Orb Walker","floor":35,"turns":3},{"damage":32,"enemies":"Nemesis","floor":40,"turns":7},{"damage":0,"enemies":"3 Darklings","floor":42,"turns":2},{"damage":6,"enemies":"Writhing Mass","floor":47,"turns":5},{"damage":1,"enemies":"Transient","floor":48,"turns":5},{"damage":32,"enemies":"Donu and Deca","floor":50,"turns":8}],"seed_played":"-806424154859101817","potions_obtained":[{"floor":3,"key":"AttackPotion"},{"floor":6,"key":"Energy Potion"},{"floor":13,"key":"PowerPotion"},{"floor":16,"key":"Block Potion"},{"floor":28,"key":"Block Potion"},{"floor":31,"key":"GhostInAJar"},{"floor":35,"key":"Fruit Juice"},{"floor":47,"key":"SpeedPotion"}],"is_trial":false,"path_per_floor":["M","?","M","?","$","E","R","E","T","R","?","E","M","$","R","B",null,"M","?","?","M","M","R","?","E","T","R","E","?","R","M","R","B",null,"M","?","?","?","$","E","R","M","T","$","?","$","M","M","R","B",null],"character_chosen":"THE_SILENT","items_purchased":["Poisoned Stab","Endless Agony","Block Potion","Membership Card"],"campfire_rested":5,"item_purchase_floors":[5,5,5,14],"current_hp_per_floor":[59,48,45,32,32,23,23,1,1,20,36,30,30,30,49,34,58,45,45,45,45,39,39,39,27,27,46,31,31,31,31,50,31,57,62,62,62,71,71,39,60,60,60,60,60,60,54,53,53,21],"gold":0,"neow_bonus":"RANDOM_COLORLESS","is_daily":false,"chose_seed":false,"campfire_upgraded":4,"win_rate":0.0,"timestamp":1609859374,"path_taken":["M","?","M","?","$","E","R","E","T","R","?","E","M","$","R","BOSS","M","?","?","?","M","R","?","E","T","R","E","?","R","M","R","BOSS","M","?","?","?","$","E","R","?","T","?","?","$","M","M","R","BOSS"],"items_purchased_type":["Card","Card","Potion","Relic"],"build_version":"2020-12-22","purchased_purges":1,"victory":true,"max_hp_per_floor":[66,66,66,66,66,66,66,66,66,66,66,66,66,66,66,66,66,66,66,66,66,66,66,66,66,66,66,66,66,66,66,66,66,66,71,71,71,71,71,71,71,71,71,71,71,71,71,71,71,71],"relic_stats":{"Peace Pipe":0,"Nunchaku":[8],"counters":[20,96],"Ornamental Fan":[44],"Astrolabe":["Corpse Explosion","Poisoned Stab","Caltrops"],"Ectoplasm":393,"Snake Skull":[65],"Nloth\u0027s Gift":4,"obtain_stats":[{"The Specimen":8,"Astrolabe":34,"The Courier":6,"Snake Skull":25,"Omamori":43,"Peace Pipe":40,"Nunchaku":26,"Ornamental Fan":28,"Ectoplasm":17,"Nloth\u0027s Gift":20,"Red Mask":45,"Bottled Lightning":9,"Membership Card":14,"Toxic Egg 2":12,"Ring of the Snake":0},{"The Specimen":4,"Astrolabe":14,"The Courier":3,"Snake Skull":11,"Omamori":17,"Peace Pipe":16,"Nunchaku":11,"Ornamental Fan":12,"Ectoplasm":7,"Nloth\u0027s Gift":8,"Red Mask":17,"Bottled Lightning":4,"Membership Card":6,"Toxic Egg 2":5,"Ring of the Snake":0},{"The Specimen":16,"Astrolabe":66,"The Courier":10,"Snake Skull":50,"Omamori":78,"Peace Pipe":76,"Nunchaku":50,"Ornamental Fan":55,"Ectoplasm":33,"Nloth\u0027s Gift":40,"Red Mask":78,"Bottled Lightning":16,"Membership Card":23,"Toxic Egg 2":20,"Ring of the Snake":0}],"Ring of the Snake":[45]},"card_choices":[{"not_picked":["Panacea","Madness"],"picked":"Dramatic Entrance","floor":0},{"not_picked":["Deadly Poison","Masterful Stab"],"picked":"Flying Knee","floor":1},{"not_picked":["Eviscerate","Bane"],"picked":"Crippling Poison","floor":3},{"not_picked":["Cloak And Dagger","Crippling Poison","Endless Agony"],"picked":"SKIP","floor":6},{"not_picked":["Prepared","Bane"],"picked":"Wraith Form v2","floor":8},{"not_picked":["Tactician+1","Masterful Stab"],"picked":"Deadly Poison+1","floor":12},{"not_picked":["Underhanded Strike","Flying Knee"],"picked":"Prepared+1","floor":13},{"not_picked":["Night Terror+1","Envenom"],"picked":"Corpse Explosion+1","floor":16},{"not_picked":["Acrobatics+1","Flechettes"],"picked":"Blade Dance+1","floor":18},{"not_picked":["Masterful Stab","Blade Dance+1","PiercingWail+1"],"picked":"SKIP","floor":21},{"not_picked":["Slice","Setup+1","Quick Slash"],"picked":"SKIP","floor":22},{"not_picked":["Caltrops","Tools of the Trade"],"picked":"Venomology+1","floor":25},{"not_picked":["Dagger Throw","Underhanded Strike"],"picked":"Expertise+1","floor":28},{"not_picked":["Prepared+1","Deadly Poison+1"],"picked":"Backflip+1","floor":31},{"not_picked":["Storm of Steel+1","After Image"],"picked":"Doppelganger+1","floor":33},{"not_picked":["Quick Slash+1","Underhanded Strike+1"],"picked":"Burst+1","floor":35},{"not_picked":["Enlightenment+1","Flash of Steel"],"picked":"Deep Breath+1","floor":36},{"not_picked":["Setup+1","Reflex+1"],"picked":"Noxious Fumes","floor":40},{"not_picked":["Prepared+1","Cloak And Dagger+1"],"picked":"Footwork","floor":42},{"not_picked":["Accuracy","Noxious Fumes","Malaise+1"],"picked":"SKIP","floor":47},{"not_picked":["Bane","PiercingWail+1","Dagger Throw+1"],"picked":"SKIP","floor":48}],"player_experience":575012,"relics_obtained":[{"floor":6,"key":"The Courier"},{"floor":8,"key":"The Specimen"},{"floor":9,"key":"Bottled Lightning"},{"floor":12,"key":"Toxic Egg 2"},{"floor":25,"key":"Snake Skull"},{"floor":26,"key":"Nunchaku"},{"floor":28,"key":"Ornamental Fan"},{"floor":40,"key":"Peace Pipe"},{"floor":43,"key":"Omamori"}],"event_choices":[{"damage_healed":0,"gold_gain":75,"player_choice":"Gather Gold","damage_taken":11,"max_hp_gain":0,"max_hp_loss":0,"event_name":"World of Goop","floor":2,"gold_loss":0},{"damage_healed":0,"gold_gain":0,"player_choice":"Entered Light","damage_taken":13,"max_hp_gain":0,"max_hp_loss":0,"event_name":"Shining Light","floor":4,"gold_loss":0,"cards_upgraded":["Defend_G","Dramatic Entrance"]},{"damage_healed":16,"gold_gain":0,"player_choice":"Healed","damage_taken":0,"max_hp_gain":0,"max_hp_loss":0,"event_name":"The Cleric","floor":11,"gold_loss":35},{"damage_healed":0,"gold_gain":0,"player_choice":"Simplicity","damage_taken":0,"max_hp_gain":0,"max_hp_loss":0,"event_name":"Back to Basics","floor":19,"gold_loss":0,"cards_upgraded":["Strike_G","Strike_G","Strike_G","Strike_G","Strike_G","Defend_G","Defend_G","Defend_G","Defend_G"]},{"damage_healed":0,"gold_gain":0,"player_choice":"Traded Relic","damage_taken":0,"relics_obtained":["Nloth\u0027s Gift"],"max_hp_gain":0,"max_hp_loss":0,"event_name":"N\u0027loth","floor":20,"relics_lost":["The Courier"],"gold_loss":0},{"damage_healed":0,"gold_gain":0,"cards_transformed":["Flying Knee","Strike_G"],"player_choice":"Became Test Subject","damage_taken":0,"max_hp_gain":0,"max_hp_loss":0,"event_name":"Drug Dealer","floor":24,"gold_loss":0,"cards_obtained":["Bane","Endless Agony"]},{"damage_healed":0,"gold_gain":0,"player_choice":"0 cards matched","damage_taken":0,"max_hp_gain":0,"max_hp_loss":0,"event_name":"Match and Keep!","floor":29,"gold_loss":0,"cards_obtained":[]},{"damage_healed":0,"gold_gain":0,"player_choice":"Memory 1","damage_taken":0,"max_hp_gain":0,"max_hp_loss":0,"event_name":"SensoryStone","floor":36,"gold_loss":0},{"cards_removed":["Strike_G"],"damage_healed":0,"gold_gain":0,"player_choice":"Removed Attack","damage_taken":0,"max_hp_gain":0,"max_hp_loss":0,"event_name":"Falling","floor":37,"gold_loss":0},{"damage_healed":9,"gold_gain":0,"player_choice":"Full Heal","damage_taken":0,"max_hp_gain":0,"max_hp_loss":0,"event_name":"Wheel of Change","floor":38,"gold_loss":0},{"damage_healed":0,"gold_gain":0,"player_choice":"Paid","damage_taken":0,"relics_obtained":["Red Mask"],"max_hp_gain":0,"max_hp_loss":0,"event_name":"Tomb of Lord Red Mask","floor":45,"gold_loss":14}],"is_beta":false,"boss_relics":[{"not_picked":["SacredBark","Black Star"],"picked":"Ectoplasm"},{"not_picked":["Philosopher\u0027s Stone","Runic Pyramid"],"picked":"Astrolabe"}],"items_purged_floors":[39],"is_endless":false,"potions_floor_spawned":[3,6,13,16,28,31,35,47],"ascension_level":14}}