{"host":"dmdprxj8bosbz96f","time":1609879617,"event":{"mods":["AchievementEnabler","BaseMod","Colored Map","DeckTracker","Minty Spire (QoL Compilation)","Quick Restart","SuperFastMode","everything is the same but u backflip on backflip"],"gold_per_floor":[115,40,40,40,40,59,94,113,164,164,64,64,82,82,82,184,184,199,114,114,134,148,182,182,182],"floor_reached":24,"playtime":635,"items_purged":["Strike_R","Strike_R"],"score":246,"play_id":"e3953000-070a-419d-ba24-e07b70e28386","local_time":"20210106054657","is_ascension_mode":true,"campfire_choices":[{"floor":10,"key":"REST"},{"floor":12,"key":"REST"},{"floor":15,"key":"REST"}],"circlet_count":0,"master_deck":["Strike_R","Strike_R+1","Defend_R","Defend_R","Defend_R+1","Bash","Rampage+1","Shrug It Off","Shrug It Off+1","Headbutt","Battle Trance"],"relics":["Empty Cage","Boot","Mango","Tiny Chest","Runic Cube","Torii","Incense Burner","Smiling Mask"],"acts_visited":["Exordium","TheCity"],"potions_floor_usage":[8,13,18],"damage_taken":[{"damage":1,"enemies":"Cultist","floor":1,"turns":3},{"damage":4,"enemies":"Jaw Worm","floor":6,"turns":3},{"damage":42,"enemies":"Lagavulin","floor":7,"turns":6},{"damage":14,"enemies":"2 Louse","floor":8,"turns":3},{"damage":7,"enemies":"2 Fungi Beasts","floor":13,"turns":3},{"damage":62,"enemies":"The Guardian","floor":16,"turns":10},{"damage":22,"enemies":"Spheric Guardian","floor":18,"turns":4},{"damage":26,"enemies":"Chosen","floor":21,"turns":6},{"damage":13,"enemies":"Sentry and Sphere","floor":22,"turns":5},{"damage":34,"enemies":"Gremlin Leader","floor":23,"turns":8},{"damage":17,"enemies":"Snake Plant","floor":24,"turns":2}],"seed_played":"-8332893314828850135","potions_obtained":[{"floor":1,"key":"LiquidBronze"},{"floor":8,"key":"Fire Potion"},{"floor":18,"key":"BloodPotion"},{"floor":22,"key":"SkillPotion"},{"floor":23,"key":"SmokeBomb"}],"is_trial":false,"path_per_floor":["M","$","?","$","?","M","E","M","T","R","$","R","M","?","R","B",null,"M","?","T","M","M","E","M"],"character_chosen":"IRONCLAD","items_purchased":[],"campfire_rested":3,"item_purchase_floors":[],"current_hp_per_floor":[79,79,63,63,56,52,24,10,10,38,38,66,59,59,87,25,94,90,90,90,64,51,17,0,0],"gold":182,"neow_bonus":"BOSS_RELIC","is_daily":false,"chose_seed":false,"campfire_upgraded":0,"win_rate":0.0,"timestamp":1609879617,"path_taken":["M","?","?","$","?","M","E","M","T","R","?","R","M","?","R","BOSS","M","?","?","M","M","E","?"],"items_purchased_type":[],"build_version":"2020-12-22","purchased_purges":2,"victory":false,"max_hp_per_floor":[80,80,80,80,80,80,94,94,94,94,94,94,94,94,94,94,94,94,94,94,94,94,94,94,94],"card_choices":[{"not_picked":["Evolve","Cleave"],"picked":"Rampage","floor":1},{"not_picked":["True Grit","Shockwave","Clothesline"],"picked":"SKIP","floor":6},{"not_picked":["Wild Strike","Thunderclap","Armaments"],"picked":"SKIP","floor":7},{"not_picked":["Body Slam","Twin Strike"],"picked":"Shrug It Off","floor":8},{"not_picked":["Perfected Strike","Twin Strike","Reaper"],"picked":"SKIP","floor":13},{"not_picked":["Pommel Strike","Perfected Strike+1"],"picked":"Shrug It Off+1","floor":18},{"not_picked":["Iron Wave","Wild Strike"],"picked":"Headbutt","floor":21},{"not_picked":["Flex","True Grit","Warcry"],"picked":"SKIP","floor":22},{"not_picked":["Anger+1","Hemokinesis"],"picked":"Battle Trance","floor":23}],"player_experience":142842,"relics_obtained":[{"floor":7,"key":"Mango"},{"floor":9,"key":"Tiny Chest"},{"floor":20,"key":"Incense Burner"},{"floor":23,"key":"Smiling Mask"}],"event_choices":[{"damage_healed":0,"gold_gain":0,"player_choice":"Entered Light","damage_taken":16,"max_hp_gain":0,"max_hp_loss":0,"event_name":"Shining Light","floor":3,"gold_loss":0,"cards_upgraded":["Strike_R","Defend_R"]},{"damage_healed":0,"gold_gain":0,"player_choice":"Success","damage_taken":7,"relics_obtained":["Boot"],"max_hp_gain":0,"max_hp_loss":0,"event_name":"Scrap Ooze","floor":5,"gold_loss":0},{"damage_healed":0,"gold_gain":0,"player_choice":"Grow","damage_taken":0,"max_hp_gain":0,"max_hp_loss":0,"event_name":"Living Wall","floor":14,"gold_loss":0,"cards_upgraded":["Rampage"]},{"damage_healed":0,"gold_gain":0,"player_choice":"Obtained Relic","damage_taken":0,"relics_obtained":["Torii"],"max_hp_gain":0,"max_hp_loss":0,"event_name":"Addict","floor":19,"gold_loss":85}],"is_beta":false,"boss_relics":[{"not_picked":["Runic Pyramid","Philosopher\u0027s Stone"],"picked":"Runic Cube"}],"items_purged_floors":[2,11],"is_endless":false,"potions_floor_spawned":[1,8,18,22,23],"killed_by":"Snake Plant","ascension_level":3}}