{"host":"ig7tc0uedzltt2sr","time":1609833163,"event":{"mods":["BaseMod","Better Twitch Integration","Block Reminder","Colored Map","Colored Powertips","Communication Mod","Current Relic Mod","GifTheSpireLib","HexUI Lib","Minty Spire (QoL Compilation)","Quick Restart","Random Character Button","Rare Cards Sparkle","Relic Sorter","Relic Stats","Slay the Relics Exporter","StSLib","SuperFastMode","Synergy Search","Twitch Decklist","Twitch Utils","everything is the same but u backflip on backflip","slay the spire mod where everything is the same but ironclad has a cowboy hat"],"gold_per_floor":[112,128,55,67,78,78,102,102,102,118,118,68,87,87,87],"floor_reached":14,"playtime":76,"items_purged":[],"score":82,"play_id":"b601811e-c914-46fb-a4c1-4ffdfb234d11","local_time":"20210104235243","is_ascension_mode":false,"campfire_choices":[{"floor":6,"key":"REST"},{"floor":8,"key":"REST"},{"data":"Strike_R","floor":11,"key":"SMITH"}],"circlet_count":0,"master_deck":["Strike_R+1","Strike_R","Strike_R","Strike_R","Strike_R","Defend_R","Defend_R","Defend_R","Bash","Carnage","Clothesline","Spot Weakness","Brutality","Clothesline","Seeing Red"],"relics":["Burning Blood","NeowsBlessing","Smiling Mask","Darkstone Periapt"],"acts_visited":["Exordium"],"potions_floor_usage":[],"damage_taken":[{"damage":0,"enemies":"Cultist","floor":1,"turns":2},{"damage":0,"enemies":"2 Louse","floor":2,"turns":2},{"damage":0,"enemies":"Small Slimes","floor":4,"turns":1},{"damage":75,"enemies":"Gremlin Gang","floor":5,"turns":8},{"damage":19,"enemies":"2 Fungi Beasts","floor":10,"turns":7},{"damage":45,"enemies":"Exordium Wildlife","floor":13,"turns":8},{"damage":9,"enemies":"3 Sentries","floor":14,"turns":1}],"seed_played":"-726783170050002354","potions_obtained":[{"floor":1,"key":"DuplicationPotion"},{"floor":5,"key":"EssenceOfSteel"},{"floor":13,"key":"Fire Potion"}],"is_trial":false,"path_per_floor":["M","M","$","M","M","R","T","R","T","M","R","?","M","E"],"character_chosen":"IRONCLAD","items_purchased":["DuplicationPotion"],"campfire_rested":2,"item_purchase_floors":[3],"current_hp_per_floor":[80,80,80,80,11,35,35,59,59,46,46,46,7,0,0],"gold":87,"neow_bonus":"THREE_ENEMY_KILL","is_daily":false,"chose_seed":false,"campfire_upgraded":1,"win_rate":0.0,"timestamp":1609833163,"path_taken":["M","M","$","M","M","R","?","R","T","M","R","?","M","E"],"items_purchased_type":["Potion"],"build_version":"2020-12-22","purchased_purges":0,"victory":false,"max_hp_per_floor":[80,80,80,80,80,80,80,80,80,80,80,80,80,80,80],"relic_stats":{"Darkstone Periapt":0,"counters":[7,29],"Smiling Mask":0,"obtain_stats":[{"Darkstone Periapt":9,"NeowsBlessing":0,"Smiling Mask":7,"Burning Blood":0},{"Darkstone Periapt":4,"NeowsBlessing":0,"Smiling Mask":4,"Burning Blood":0},{"Darkstone Periapt":13,"NeowsBlessing":0,"Smiling Mask":13,"Burning Blood":0}],"Burning Blood":18},"card_choices":[{"not_picked":["Twin Strike","Wild Strike"],"picked":"Carnage","floor":1},{"not_picked":["Shrug It Off","Wild Strike"],"picked":"Clothesline","floor":2},{"not_picked":["Warcry","Inflame"],"picked":"Spot Weakness","floor":4},{"not_picked":["Spot Weakness","Seeing Red"],"picked":"Brutality","floor":5},{"not_picked":["Shrug It Off","Heavy Blade"],"picked":"Clothesline","floor":10},{"not_picked":["Flex","Thunderclap"],"picked":"Seeing Red","floor":13}],"player_experience":1432445,"relics_obtained":[{"floor":7,"key":"Smiling Mask"},{"floor":9,"key":"Darkstone Periapt"}],"event_choices":[{"cards_removed":["Defend_R"],"damage_healed":0,"gold_gain":0,"player_choice":"Card Removal","damage_taken":0,"max_hp_gain":0,"max_hp_loss":0,"event_name":"The Cleric","floor":12,"gold_loss":50}],"is_beta":false,"boss_relics":[],"items_purged_floors":[],"is_endless":false,"potions_floor_spawned":[1,5,13],"killed_by":"3 Sentries","ascension_level":0}}