{"host":"00f1p9ihhzi7hxfk","time":1609853855,"event":{"mods":["BaseMod","Colored Map","Colored Powertips","Minty Spire (QoL Compilation)","Rare Cards Sparkle","Relic Stats"],"gold_per_floor":[114,124,136,151,164,175,175,175,227,227,240,240,0,12,12,111,111,111,111,111,12,12,12,12,12,12,12,12,12,12,12,12,12,12],"floor_reached":33,"playtime":2434,"items_purged":[],"score":243,"play_id":"98d2da89-a059-4ae0-9dbf-ea04c50d165e","local_time":"20210105143735","is_ascension_mode":false,"campfire_choices":[{"floor":7,"key":"REST"},{"floor":15,"key":"REST"},{"floor":23,"key":"REST"},{"floor":27,"key":"REST"},{"floor":29,"key":"REST"},{"floor":32,"key":"REST"}],"circlet_count":0,"master_deck":["Strike_B","Strike_B","Strike_B","Strike_B","Defend_B","Defend_B","Defend_B","Defend_B","Zap","Dualcast+1","Fusion+1","Glacier","Chaos","Cold Snap","Rebound","Go for the Eyes","Barrage","Hello World","Beam Cell","Cold Snap","Electrodynamics","Chaos+1","Glacier+1","Compile Driver","Lockon","Force Field","Barrage"],"relics":["Cracked Core","Blood Vial","Centennial Puzzle","War Paint","Ectoplasm"],"acts_visited":["Exordium","TheCity"],"potions_floor_usage":[16,16,16],"damage_taken":[{"damage":7,"enemies":"Small Slimes","floor":1,"turns":3},{"damage":2,"enemies":"2 Louse","floor":2,"turns":4},{"damage":0,"enemies":"Cultist","floor":3,"turns":5},{"damage":32,"enemies":"Exordium Wildlife","floor":4,"turns":9},{"damage":6,"enemies":"Lots of Slimes","floor":5,"turns":10},{"damage":10,"enemies":"Looter","floor":6,"turns":3},{"damage":0,"enemies":"Large Slime","floor":11,"turns":8},{"damage":17,"enemies":"Red Slaver","floor":14,"turns":3},{"damage":56,"enemies":"The Guardian","floor":16,"turns":14},{"damage":6,"enemies":"Chosen","floor":18,"turns":5},{"damage":15,"enemies":"3 Byrds","floor":20,"turns":3},{"damage":39,"enemies":"Cultist and Chosen","floor":22,"turns":10},{"damage":13,"enemies":"Snecko","floor":25,"turns":4},{"damage":19,"enemies":"Snake Plant","floor":30,"turns":5},{"damage":31,"enemies":"3 Cultists","floor":31,"turns":8},{"damage":59,"enemies":"Collector","floor":33,"turns":6}],"seed_played":"-8474545757121347175","potions_obtained":[{"floor":1,"key":"AttackPotion"},{"floor":3,"key":"EssenceOfDarkness"},{"floor":4,"key":"SkillPotion"},{"floor":22,"key":"DuplicationPotion"}],"is_trial":false,"path_per_floor":["M","M","M","M","M","M","R","?","T","?","M","?","$","M","R","B",null,"M","?","M","$","M","R","$","M","T","R","$","R","M","M","R","B"],"character_chosen":"DEFECT","items_purchased":["War Paint","Hello World","Beam Cell","PowerPotion","Energy Potion"],"campfire_rested":6,"item_purchase_floors":[13,13,13,21,21],"current_hp_per_floor":[75,73,73,41,35,25,49,49,49,69,71,53,53,38,62,8,82,76,76,63,63,26,49,49,38,38,61,61,79,60,31,54,0,0],"gold":12,"neow_bonus":"TEN_PERCENT_HP_BONUS","is_daily":false,"chose_seed":false,"campfire_upgraded":0,"win_rate":0.0,"timestamp":1609853855,"path_taken":["M","M","M","M","M","M","R","?","T","?","M","?","$","M","R","BOSS","M","?","M","$","M","R","?","M","T","R","?","R","?","M","R","BOSS"],"items_purchased_type":["Relic","Card","Card","Potion","Potion"],"build_version":"2020-12-22","purchased_purges":0,"victory":false,"max_hp_per_floor":[82,82,82,82,82,82,82,82,82,82,82,82,82,82,82,82,82,82,79,79,79,79,79,79,79,79,79,79,79,79,79,79,79,79],"relic_stats":{"Blood Vial":16,"Centennial Puzzle":[27],"counters":[16,100],"Ectoplasm":93,"War Paint":["Fusion","Dualcast"],"obtain_stats":[{"Blood Vial":9,"Centennial Puzzle":12,"Ectoplasm":17,"War Paint":13,"Cracked Core":0},{"Blood Vial":6,"Centennial Puzzle":7,"Ectoplasm":9,"War Paint":7,"Cracked Core":0},{"Blood Vial":34,"Centennial Puzzle":42,"Ectoplasm":59,"War Paint":42,"Cracked Core":0}]},"card_choices":[{"not_picked":["Heatsinks","Conserve Battery"],"picked":"Fusion","floor":1},{"not_picked":["Heatsinks","Static Discharge"],"picked":"Glacier","floor":2},{"not_picked":["Storm","Undo"],"picked":"Chaos","floor":3},{"not_picked":["Rebound","Doom and Gloom"],"picked":"Cold Snap","floor":4},{"not_picked":["Meteor Strike","Redo"],"picked":"Rebound","floor":5},{"not_picked":["Sweeping Beam","Rebound"],"picked":"Go for the Eyes","floor":6},{"not_picked":["Coolheaded","Echo Form"],"picked":"Barrage","floor":11},{"not_picked":["Rebound","Hologram"],"picked":"Cold Snap","floor":14},{"not_picked":["Machine Learning","Rainbow"],"picked":"Electrodynamics","floor":16},{"not_picked":["Ball Lightning","Beam Cell"],"picked":"Chaos+1","floor":18},{"not_picked":["Defragment","Stack"],"picked":"Glacier+1","floor":20},{"not_picked":["Conserve Battery","Gash"],"picked":"Compile Driver","floor":22},{"not_picked":["Ball Lightning","Hologram"],"picked":"Lockon","floor":25},{"not_picked":["Steam Power","Chill"],"picked":"Force Field","floor":30},{"not_picked":["Hologram","Static Discharge"],"picked":"Barrage","floor":31}],"player_experience":49582,"relics_obtained":[{"floor":9,"key":"Blood Vial"}],"event_choices":[{"damage_healed":0,"gold_gain":0,"player_choice":"Searched \u00270\u0027 times","damage_taken":0,"max_hp_gain":0,"max_hp_loss":0,"event_name":"Dead Adventurer","floor":8,"gold_loss":0},{"damage_healed":20,"gold_gain":0,"player_choice":"Healed and dodged fight","damage_taken":0,"max_hp_gain":0,"max_hp_loss":0,"event_name":"Mushrooms","floor":10,"gold_loss":0,"cards_obtained":["Parasite"]},{"damage_healed":0,"gold_gain":0,"player_choice":"Success","damage_taken":18,"relics_obtained":["Centennial Puzzle"],"max_hp_gain":0,"max_hp_loss":0,"event_name":"Scrap Ooze","floor":12,"gold_loss":0},{"cards_removed":["Parasite"],"damage_healed":0,"gold_gain":0,"player_choice":"Removed Curses","damage_taken":0,"max_hp_gain":0,"max_hp_loss":0,"event_name":"Fountain of Cleansing","floor":19,"gold_loss":0}],"is_beta":false,"boss_relics":[{"not_picked":["Astrolabe","Snecko Eye"],"picked":"Ectoplasm"}],"items_purged_floors":[],"is_endless":false,"potions_floor_spawned":[1,3,4,14,22,31],"killed_by":"Collector","ascension_level":0}}