{"host":"ta9mufxydm4vkknf","time":1609862169,"event":{"mods":["AchievementEnabler","BaseMod","Minty Spire (QoL Compilation)","Quick Restart"],"gold_per_floor":[116,135,135,145,164,199,199,227,262,274,274],"floor_reached":10,"playtime":399,"items_purged":[],"score":86,"play_id":"00e9b125-19ab-4ad5-a551-97bc4c3b2653","local_time":"20210105165609","is_ascension_mode":true,"campfire_choices":[{"data":"Quick Slash","floor":7,"key":"SMITH"}],"circlet_count":0,"master_deck":["Strike_G","Strike_G","Strike_G","Strike_G","Strike_G","Defend_G","Defend_G","Defend_G","Defend_G","Defend_G","Survivor","Neutralize","Quick Slash+1","Underhanded Strike","Quick Slash","Skewer","Slice","Phantasmal Killer"],"relics":["Ring of the Snake","Ice Cream","CultistMask","Eternal Feather","MawBank","Boot"],"acts_visited":["Exordium"],"potions_floor_usage":[6,10],"damage_taken":[{"damage":1,"enemies":"Small Slimes","floor":1,"turns":4},{"damage":2,"enemies":"Cultist","floor":2,"turns":4},{"damage":1,"enemies":"2 Louse","floor":4,"turns":3},{"damage":24,"enemies":"Exordium Thugs","floor":5,"turns":7},{"damage":20,"enemies":"Gremlin Nob","floor":6,"turns":4},{"damage":23,"enemies":"3 Sentries","floor":8,"turns":8},{"damage":44,"enemies":"Lagavulin","floor":10,"turns":5}],"seed_played":"-7014236665614585226","potions_obtained":[{"floor":4,"key":"PowerPotion"},{"floor":5,"key":"ColorlessPotion"},{"floor":6,"key":"FairyPotion"}],"is_trial":false,"path_per_floor":["M","M","?","M","M","E","R","E","T","E"],"character_chosen":"THE_SILENT","items_purchased":[],"campfire_rested":0,"item_purchase_floors":[],"current_hp_per_floor":[62,60,60,59,35,15,24,1,1,0,0],"gold":274,"neow_bonus":"ONE_RARE_RELIC","is_daily":false,"chose_seed":false,"campfire_upgraded":1,"win_rate":0.0,"timestamp":1609862169,"path_taken":["M","M","?","?","M","E","R","E","T","E"],"items_purchased_type":[],"build_version":"2020-12-22","purchased_purges":0,"victory":false,"max_hp_per_floor":[63,63,63,63,63,63,63,63,63,63,63],"card_choices":[{"not_picked":["Dagger Spray","Bane"],"picked":"Quick Slash","floor":1},{"not_picked":["Noxious Fumes","Acrobatics"],"picked":"Underhanded Strike","floor":2},{"not_picked":["Predator","Terror"],"picked":"Quick Slash","floor":4},{"not_picked":["Deflect","Caltrops"],"picked":"Skewer","floor":5},{"not_picked":["Dagger Throw","Masterful Stab"],"picked":"Slice","floor":6},{"not_picked":["Setup","Skewer"],"picked":"Phantasmal Killer","floor":8}],"player_experience":228626,"relics_obtained":[{"floor":6,"key":"Eternal Feather"},{"floor":8,"key":"MawBank"},{"floor":9,"key":"Boot"}],"event_choices":[{"damage_healed":0,"gold_gain":0,"player_choice":"Trade","damage_taken":0,"relics_obtained":["CultistMask"],"max_hp_gain":0,"max_hp_loss":0,"event_name":"FaceTrader","floor":3,"gold_loss":0}],"is_beta":false,"boss_relics":[],"items_purged_floors":[],"is_endless":false,"potions_floor_spawned":[4,5,6],"killed_by":"Lagavulin","ascension_level":2}}