{"host":"aaqofma31c3gm2hj","time":1609814651,"event":{"mods":["BaseMod","Minty Spire (QoL Compilation)","Replay The Spire","Spicy Shops","StSLib"],"gold_per_floor":[112,37,37,37,97,174,174,201,247,287,316,341,396,457,457,457,457],"floor_reached":16,"playtime":503,"items_purged":["Strike_G"],"score":208,"play_id":"948a10d3-9c7f-459d-b1dd-8bb56f32e899","local_time":"20210105104411","is_ascension_mode":true,"campfire_choices":[{"data":"Accuracy","floor":15,"key":"SMITH"}],"circlet_count":0,"master_deck":["AscendersBane","Strike_G","Strike_G","Strike_G","Defend_G","Defend_G","Defend_G","Defend_G+1","Defend_G","Survivor","Neutralize","Calculated Gamble+1","Backflip","Prepared","Hidden Blade","PiercingWail","Dash","ReplayTheSpireMod:Speed Training","Accuracy+1"],"relics":["Ring of the Snake","NeowsBlessing","Ring of Misfortune","ReplayTheSpireMod:Ring of Challenge","War Paint","Anchor","Omamori"],"acts_visited":["Exordium"],"potions_floor_usage":[],"damage_taken":[{"damage":0.0,"enemies":"Jaw Worm","floor":1.0,"turns":1.0},{"damage":0.0,"enemies":"Small Slimes","floor":5.0,"turns":1.0},{"damage":1.0,"enemies":"Lagavulin","floor":6.0,"turns":3.0},{"damage":0.0,"enemies":"Cultist","floor":10.0,"turns":5.0},{"damage":0.0,"enemies":"2 Fungi Beasts","floor":11.0,"turns":6.0},{"damage":0.0,"enemies":"Lots of Slimes","floor":12.0,"turns":6.0},{"damage":0.0,"enemies":"Exordium Thugs","floor":13.0,"turns":10.0},{"damage":9,"enemies":"Red Slaver","floor":14,"turns":5},{"damage":0,"enemies":"Slime Boss","floor":16,"turns":1}],"seed_played":"3185265048206637705","potions_obtained":[{"floor":6.0,"key":"GhostInAJar"},{"floor":12.0,"key":"BlessingOfTheForge"}],"is_trial":false,"path_per_floor":["M","$","?","?","M","E","?","T","T","M","M","M","M","M","R","B"],"character_chosen":"THE_SILENT","items_purchased":[],"campfire_rested":0,"item_purchase_floors":[],"current_hp_per_floor":[59,59,59,59,59,58,58,58,58,58,58,58,58,49,49,49,49],"gold":457,"neow_bonus":"THREE_ENEMY_KILL","is_daily":false,"chose_seed":false,"campfire_upgraded":1,"win_rate":0.0,"timestamp":1609814651,"path_taken":["M","$","?","?","M","E","?","?","T","M","?","M","M","M","R","BOSS"],"items_purchased_type":[],"build_version":"2020-12-22","purchased_purges":1,"victory":false,"max_hp_per_floor":[66,66,66,66,66,66,66,66,66,66,66,66,66,66,66,66,66],"card_choices":[{"not_picked":["Deflect","Cloak And Dagger"],"picked":"Calculated Gamble","floor":1.0},{"not_picked":["Masterful Stab","Setup"],"picked":"Backflip","floor":5.0},{"not_picked":["Caltrops","Toxin Wave"],"picked":"Prepared","floor":6.0},{"not_picked":["Slice","Toxin Wave"],"picked":"PiercingWail","floor":10.0},{"not_picked":["Cloak And Dagger","Fluid Movement"],"picked":"Dash","floor":11.0},{"not_picked":["Dodge and Roll","Heel Hook"],"picked":"ReplayTheSpireMod:Speed Training","floor":12.0},{"not_picked":["Poisoned Stab","Deflect","Storm of Steel"],"picked":"SKIP","floor":13.0},{"not_picked":["Dash","ReplayTheSpireMod:Speed Training"],"picked":"Accuracy","floor":14}],"player_experience":553287,"relics_obtained":[{"floor":3.0,"key":"Ring of Misfortune"},{"floor":3.0,"key":"ReplayTheSpireMod:Ring of Challenge"},{"floor":6.0,"key":"War Paint"},{"floor":9.0,"key":"Anchor"},{"floor":12.0,"key":"Omamori"}],"event_choices":[{"damage_healed":0.0,"max_hp_gain":0.0,"max_hp_loss":0.0,"gold_gain":0.0,"event_name":"The Cleric","player_choice":"Leave","floor":4.0,"gold_loss":0.0,"damage_taken":0.0},{"damage_healed":0.0,"max_hp_gain":0.0,"max_hp_loss":0.0,"gold_gain":0.0,"cards_transformed":["Strike_G"],"event_name":"Living Wall","player_choice":"Change","floor":7.0,"gold_loss":0.0,"damage_taken":0.0,"cards_obtained":["Hidden Blade"]}],"is_beta":false,"boss_relics":[],"items_purged_floors":[2],"is_endless":false,"potions_floor_spawned":[6,12],"killed_by":"Slime Boss","ascension_level":20}}