{"host":"a2lvm7nbw6nkrc91","time":1609814304,"event":{"mods":["BaseMod","Friendly Minions","Hermit","Kiyohime£¨?ýï£©","Koishi","Lobotomy","Minty Spire (QoL Compilation)","Prisma Mod","Replay The Spire","StSLib","The Bug Knight"],"gold_per_floor":[115,125,14,14,24,49,49,49,49,49,49,67,54,85,50,154,454,472,483,483,498,498,498,498],"floor_reached":23,"playtime":1029,"items_purged":["Strike_G","Defend_G"],"score":324,"play_id":"01fa753c-e6f7-496a-89f4-3b56012ee08d","local_time":"20210105113824","is_ascension_mode":false,"campfire_choices":[{"data":"ReplayTheSpireMod:Scrap Shanks","floor":7.0,"key":"SMITH"},{"data":"Storm of Steel","floor":10.0,"key":"SMITH"}],"circlet_count":0,"master_deck":["Strike_G","Strike_G","Strike_G","Defend_G","Defend_G","Defend_G","Defend_G","Survivor","Neutralize","UniverseFragment","Poisoned Stab","ShyLook","ReplayTheSpireMod:Scrap Shanks+1","FairyFestival","Storm of Steel+1","Woodsman","Hidden Blade","CommonCold","CherryBlossoms","Blade Dance","Accuracy","PiercingWail","PiercingWail","Freischutz","ReplayTheSpireMod:Shiv Toss","SpiderBud","After Image","Clumsy","Amnesia","Writhe","QueenBee","HappyTeddy","Terror","LaLuna","Parasite"],"relics":["Ring of the Snake","CogitoBucket","Incense Burner","Gremlin Horn","Ring of Hypnosis","ReplayTheSpireMod:Ring of Exchange","TungstenRod","Replay:Ancient Bell","ReplayTheSpireMod:TigerMarble","Snack Pack","Old Coin","HellTrain","Blue Doll"],"acts_visited":["Exordium","TheCity"],"potions_floor_usage":[],"damage_taken":[{"damage":2.0,"enemies":"Jaw Worm","floor":1.0,"turns":4.0},{"damage":1.0,"enemies":"Small Slimes","floor":2.0,"turns":3.0},{"damage":0.0,"enemies":"2 Louse","floor":5.0,"turns":4.0},{"damage":18.0,"enemies":"Gremlin Nob","floor":6.0,"turns":4.0},{"damage":3.0,"enemies":"Blue Slaver","floor":12.0,"turns":6.0},{"damage":33.0,"enemies":"3 Sentries","floor":14.0,"turns":5.0},{"damage":36,"enemies":"Slime Boss","floor":16,"turns":6},{"damage":27,"enemies":"Spheric Guardian","floor":18,"turns":5},{"damage":9,"enemies":"3 Byrds","floor":19,"turns":8},{"damage":8,"enemies":"Centurion and Healer","floor":21,"turns":5},{"damage":75,"enemies":"Book of Stabbing","floor":23,"turns":5}],"seed_played":"-6981599975875938487","potions_obtained":[{"floor":2.0,"key":"Adrenaline Potion"},{"floor":12.0,"key":"PowerPotion"},{"floor":19,"key":"Explosive Potion"}],"is_trial":false,"path_per_floor":["M","M","$","?","M","E","R","$","T","R","?","M","$","E","R","B",null,"M","M","?","M","?","E"],"character_chosen":"THE_SILENT","items_purchased":["ReplayTheSpireMod:Scrap Shanks","Accuracy","PiercingWail"],"campfire_rested":0,"item_purchase_floors":[3,13,13],"current_hp_per_floor":[68,67,67,60,60,42,42,42,42,42,42,50,50,36,53,36,70,69,70,70,70,70,0,0],"gold":498,"neow_bonus":"","is_daily":false,"chose_seed":false,"campfire_upgraded":2,"win_rate":0.0,"timestamp":1609814304,"path_taken":["M","M","$","?","M","E","R","$","T","R","?","M","?","E","R","BOSS","M","M","?","M","?","E"],"items_purchased_type":["Card","Card","Card"],"build_version":"2020-12-22","purchased_purges":2,"victory":false,"max_hp_per_floor":[70,70,70,70,70,70,70,70,70,70,70,70,70,70,70,70,70,70,70,70,70,70,70,70],"card_choices":[{"not_picked":["Scarecrow","BigBadWolf"],"picked":"UniverseFragment","floor":1.0},{"not_picked":["Prepared","Flechettes"],"picked":"Poisoned Stab","floor":1.0},{"not_picked":["VoidDream","CrumblingArmor"],"picked":"ShyLook","floor":2.0},{"not_picked":["Quick Slash","Deadly Poison","Prepared"],"picked":"SKIP","floor":2.0},{"not_picked":["BeautyBeast","QueenBee"],"picked":"FairyFestival","floor":5.0},{"not_picked":["Underhanded Strike","Deadly Poison"],"picked":"Storm of Steel","floor":5.0},{"not_picked":["Wellcheers","BeautyBeast"],"picked":"Woodsman","floor":6.0},{"not_picked":["Flechettes","Slice"],"picked":"Hidden Blade","floor":6.0},{"not_picked":["CrumblingArmor","Wellcheers"],"picked":"CherryBlossoms","floor":12.0},{"not_picked":["Backflip","Dodge and Roll"],"picked":"Blade Dance","floor":12.0},{"not_picked":["BeautyBeast","PunishingBird"],"picked":"Freischutz","floor":14.0},{"not_picked":["Outmaneuver","Backflip"],"picked":"ReplayTheSpireMod:Shiv Toss","floor":14.0},{"not_picked":["BigBird","Murderer"],"picked":"SpiderBud","floor":16},{"not_picked":["Grand Finale","Replay:Bag of Tricks"],"picked":"After Image","floor":16},{"not_picked":["Doubt","Delirium"],"picked":"Clumsy","floor":17},{"not_picked":["Spreading Infection","Overencumbered"],"picked":"Amnesia","floor":17},{"not_picked":["ReplayTheSpireMod:Faulty Equipment","Delirium"],"picked":"Writhe","floor":17},{"not_picked":["BlackSwan","SingingMachine"],"picked":"QueenBee","floor":18},{"not_picked":["Endless Agony","Outmaneuver","ReplayTheSpireMod:The Works+1"],"picked":"SKIP","floor":18},{"not_picked":["Bloodbath","BlackArmy"],"picked":"HappyTeddy","floor":19},{"not_picked":["Dagger Spray","Poison Darts"],"picked":"Terror","floor":19},{"not_picked":["CENSORED","Porccubus"],"picked":"LaLuna","floor":21},{"not_picked":["Dagger Spray","Slice","Eviscerate"],"picked":"SKIP","floor":21}],"player_experience":515474,"relics_obtained":[{"floor":6.0,"key":"Incense Burner"},{"floor":9.0,"key":"Gremlin Horn"},{"floor":11.0,"key":"Ring of Hypnosis"},{"floor":11.0,"key":"ReplayTheSpireMod:Ring of Exchange"},{"floor":14.0,"key":"TungstenRod"}],"event_choices":[{"cards_removed":["Strike_G"],"damage_healed":0.0,"max_hp_gain":0.0,"max_hp_loss":0.0,"gold_gain":0.0,"event_name":"Golden Wing","player_choice":"Card Removal","floor":4.0,"gold_loss":0.0,"damage_taken":7.0},{"damage_healed":17.0,"max_hp_gain":0.0,"max_hp_loss":0.0,"gold_gain":0.0,"event_name":"The Cleric","player_choice":"Healed","floor":15.0,"gold_loss":35.0,"damage_taken":0.0},{"damage_healed":0,"gold_gain":0,"player_choice":"Ignored","damage_taken":0,"max_hp_gain":0,"max_hp_loss":0,"event_name":"Vampires","floor":20,"gold_loss":0}],"is_beta":false,"boss_relics":[{"not_picked":["HandDrill","Frozen Eye"],"picked":"Replay:Ancient Bell"},{"not_picked":["CeramicFish","Replay:Baseball"],"picked":"ReplayTheSpireMod:TigerMarble"},{"not_picked":["Paper Crane","Meat on the Bone"],"picked":"Snack Pack"},{"not_picked":["WingedGreaves","Tough Bandages"],"picked":"Old Coin"}],"items_purged_floors":[3,13],"is_endless":false,"potions_floor_spawned":[2,12,19],"killed_by":"Book of Stabbing","ascension_level":0}}