{"host":"bq4pt811tk9yrmjl","time":1609880298,"event":{"mods":["AchievementEnabler","BaseMod","Colored Map","Colored Powertips","Defuse TimeMaze Blight","Hermit","Minty Spire (QoL Compilation)","StSLib","SuperFastMode"],"gold_per_floor":[117,192,265,279,296,296,321,340,340,364,364,380,86,103,103,200,200,217,217,27,27,126,126,155,167,167,184,184,204,204,54,54,54,54],"floor_reached":33,"playtime":637,"items_purged":[],"score":278,"play_id":"1dea8665-4625-47d6-842d-5a44b736f2ff","local_time":"20210105185818","is_ascension_mode":true,"campfire_choices":[{"data":"hermit:Maintenance","floor":6.0,"key":"SMITH"},{"floor":11.0,"key":"REST"},{"floor":15.0,"key":"RECALL"},{"data":"Apotheosis","floor":23,"key":"SMITH"},{"floor":28,"key":"REST"},{"floor":30,"key":"REST"},{"data":"hermit:Maintenance","floor":32,"key":"SMITH"}],"circlet_count":0,"master_deck":["hermit:Strike_Hermit","hermit:Strike_Hermit","hermit:Strike_Hermit","hermit:Strike_Hermit","hermit:Defend_Hermit","hermit:Defend_Hermit+1","hermit:Defend_Hermit","hermit:Defend_Hermit","hermit:Snapshot","hermit:Covet+1","hermit:Maintenance+1","hermit:Quickdraw","hermit:Coalescence","hermit:Maintenance+1","Apotheosis+1"],"relics":["hermit:Momento","NeowsBlessing","Lantern","War Paint","Vajra","Lee\u0027s Waffle","Black Star","Pantograph","Omamori","Mercury Hourglass","Pen Nib"],"acts_visited":["Exordium","TheCity"],"potions_floor_usage":[24,29],"damage_taken":[{"damage":0.0,"enemies":"2 Louse","floor":1.0,"turns":1.0},{"damage":0.0,"enemies":"Jaw Worm","floor":4.0,"turns":1.0},{"damage":0.0,"enemies":"Cultist","floor":5.0,"turns":1.0},{"damage":22.0,"enemies":"3 Sentries","floor":7.0,"turns":8.0},{"damage":3.0,"enemies":"2 Fungi Beasts","floor":8.0,"turns":4.0},{"damage":4.0,"enemies":"Exordium Thugs","floor":12.0,"turns":5.0},{"damage":1.0,"enemies":"Blue Slaver","floor":14.0,"turns":3.0},{"damage":11.0,"enemies":"The Guardian","floor":16.0,"turns":10.0},{"damage":2.0,"enemies":"Spheric Guardian","floor":18.0,"turns":5.0},{"damage":8,"enemies":"Book of Stabbing","floor":24,"turns":5},{"damage":37,"enemies":"3 Byrds","floor":25,"turns":9},{"damage":12,"enemies":"Snecko","floor":27,"turns":7},{"damage":15,"enemies":"Shelled Parasite and Fungi","floor":29,"turns":6},{"damage":81,"enemies":"Collector","floor":33,"turns":6}],"seed_played":"-8407615874059077686","potions_obtained":[{"floor":5.0,"key":"FearPotion"},{"floor":8.0,"key":"PowerPotion"},{"floor":12.0,"key":"Fire Potion"},{"floor":25,"key":"Weak Potion"}],"is_trial":false,"path_per_floor":["M","?","?","M","M","R","E","M","T","T","R","M","$","M","R","B",null,"M","?","$","$","?","R","E","M","T","M","R","M","R","$","R","B"],"character_chosen":"HERMIT","items_purchased":["Vajra","Lee\u0027s Waffle","Apotheosis","Pen Nib"],"campfire_rested":3,"item_purchase_floors":[13,13,20,31],"current_hp_per_floor":[75,64,64,64,64,64,42,39,39,39,61,57,82,81,81,70,82,80,80,80,80,80,80,72,35,35,23,47,32,56,56,56,0,0],"gold":54,"neow_bonus":"THREE_ENEMY_KILL","is_daily":false,"chose_seed":false,"campfire_upgraded":3,"win_rate":0.0,"timestamp":1609880298,"path_taken":["M","?","?","M","?","R","E","M","T","?","R","M","$","M","R","BOSS","M","?","?","$","?","R","E","M","T","M","R","?","R","$","R","BOSS"],"items_purchased_type":["Relic","Relic","Card","Relic"],"build_version":"2020-12-22","purchased_purges":0,"victory":false,"max_hp_per_floor":[75,75,75,75,75,75,75,75,75,75,75,75,82,82,82,82,82,82,82,82,82,82,82,82,82,82,82,82,82,82,82,82,82,82],"card_choices":[{"not_picked":["hermit:Quickdraw","hermit:Grudge"],"picked":"hermit:Maintenance","floor":1.0},{"not_picked":["hermit:Dive","hermit:Scavenge","hermit:HighCaliber"],"picked":"SKIP","floor":4.0},{"not_picked":["hermit:Ricochet","hermit:BigShot","hermit:Brawl"],"picked":"SKIP","floor":5.0},{"not_picked":["hermit:NoHoldsBarred","hermit:GhostlyPresence"],"picked":"hermit:Quickdraw","floor":7.0},{"not_picked":["hermit:LoneWolf","hermit:Grudge","hermit:Headshot"],"picked":"SKIP","floor":8.0},{"not_picked":["hermit:Showdown","hermit:Feint","hermit:DeadMansHand"],"picked":"SKIP","floor":12.0},{"not_picked":["hermit:Snipe","hermit:SprayPray","hermit:Dive"],"picked":"SKIP","floor":14.0},{"not_picked":["hermit:CalledShot","hermit:TrackingShot"],"picked":"hermit:Coalescence","floor":18.0},{"not_picked":["hermit:ItchyTrigger","hermit:Midnight","hermit:Scavenge"],"picked":"SKIP","floor":24},{"not_picked":["hermit:Desperado+1","hermit:Cheat+1","hermit:Coalescence"],"picked":"SKIP","floor":25},{"not_picked":["hermit:Ricochet+1","hermit:TakeAim","hermit:Manifest"],"picked":"SKIP","floor":27},{"not_picked":["hermit:EternalForm","hermit:LowProfile","hermit:HoleUp"],"picked":"SKIP","floor":29}],"player_experience":145353,"relics_obtained":[{"floor":7.0,"key":"Lantern"},{"floor":10.0,"key":"War Paint"},{"floor":24,"key":"Pantograph"},{"floor":24,"key":"Omamori"},{"floor":26,"key":"Mercury Hourglass"}],"event_choices":[{"damage_healed":0.0,"max_hp_gain":0.0,"max_hp_loss":0.0,"gold_gain":75.0,"event_name":"World of Goop","player_choice":"Gather Gold","floor":2.0,"gold_loss":0.0,"damage_taken":11.0},{"damage_healed":0.0,"max_hp_gain":0.0,"max_hp_loss":0.0,"gold_gain":73.0,"event_name":"Golden Wing","player_choice":"Gained Gold","floor":3.0,"gold_loss":0.0,"damage_taken":0.0},{"damage_healed":0,"gold_gain":0,"player_choice":"1 cards matched","damage_taken":0,"max_hp_gain":0,"max_hp_loss":0,"event_name":"Match and Keep!","floor":19,"gold_loss":0,"cards_obtained":["hermit:Maintenance"]},{"damage_healed":0,"gold_gain":99,"player_choice":"Stole From Cult","damage_taken":0,"max_hp_gain":0,"max_hp_loss":0,"event_name":"Nest","floor":22,"gold_loss":0}],"is_beta":false,"boss_relics":[{"not_picked":["Philosopher\u0027s Stone","Coffee Dripper"],"picked":"Black Star"}],"items_purged_floors":[],"is_endless":false,"potions_floor_spawned":[5,8,12,14,25],"killed_by":"Collector","ascension_level":1}}