{"host":"sm7bnwhqk38mm91i","time":1609877226,"event":{"mods":["BaseMod","Minty Spire (QoL Compilation)"],"gold_per_floor":[111,85,85,101,101,127,127,27,27,38,38,38,56,69,69,167,167,155,167,167,167,182,182,197,197,197,52,67,67,96,109,109,204,204,219,193,213,213,213],"floor_reached":40,"playtime":5985,"items_purged":[],"score":556,"play_id":"b3829051-5e57-40dd-8523-414eb0ff22c8","local_time":"20210105150706","is_ascension_mode":false,"campfire_choices":[{"data":"Iron Wave","floor":7,"key":"SMITH"},{"data":"Metallicize","floor":11,"key":"SMITH"},{"floor":15,"key":"REST"},{"floor":23,"key":"REST"},{"data":"Perfected Strike","floor":25,"key":"SMITH"},{"data":"Feed","floor":29,"key":"SMITH"},{"floor":32,"key":"REST"}],"circlet_count":0,"master_deck":["Strike_R+1","Strike_R+1","Strike_R+1","Strike_R+1","Defend_R+1","Defend_R+1","Bash","Pommel Strike","Iron Wave+1","Metallicize+1","Warcry","Flame Barrier","Shrug It Off","Sword Boomerang","Iron Wave","Searing Blow","Double Tap","Barricade","Clothesline+1","Perfected Strike+1","Intimidate","Shockwave","Armaments+1","Warcry+1","Feed+1","Perfected Strike+1","Whirlwind","Headbutt+1","Berserk","Headbutt","Headbutt","Carnage+1"],"relics":["Burning Blood","Oddly Smooth Stone","Torii","Mummified Hand","Velvet Choker","TungstenRod","Paper Frog","Mark of Pain"],"acts_visited":["Exordium","TheCity","TheBeyond"],"potions_floor_usage":[30,30,33,39,39],"damage_taken":[{"damage":8,"enemies":"Small Slimes","floor":1,"turns":3},{"damage":9,"enemies":"Jaw Worm","floor":4,"turns":4},{"damage":49,"enemies":"Lagavulin","floor":6,"turns":7},{"damage":0,"enemies":"Cultist","floor":10,"turns":3},{"damage":6,"enemies":"2 Fungi Beasts","floor":13,"turns":4},{"damage":6,"enemies":"Blue Slaver","floor":14,"turns":3},{"damage":46,"enemies":"The Guardian","floor":16,"turns":15},{"damage":20,"enemies":"2 Thieves","floor":18,"turns":4},{"damage":12,"enemies":"3 Byrds","floor":19,"turns":5},{"damage":2,"enemies":"Cultist and Chosen","floor":22,"turns":4},{"damage":3,"enemies":"3 Cultists","floor":24,"turns":7},{"damage":13,"enemies":"Centurion and Healer","floor":28,"turns":7},{"damage":43,"enemies":"Gremlin Leader","floor":30,"turns":5},{"damage":11,"enemies":"Snake Plant","floor":31,"turns":4},{"damage":53,"enemies":"Champ","floor":33,"turns":16},{"damage":9,"enemies":"Orb Walker","floor":35,"turns":2},{"damage":10,"enemies":"3 Darklings","floor":37,"turns":3},{"damage":75,"enemies":"Awakened One","floor":39,"turns":16}],"seed_played":"-7241850231492777062","potions_obtained":[{"floor":6,"key":"SteroidPotion"},{"floor":16,"key":"ColorlessPotion"},{"floor":18,"key":"EssenceOfSteel"},{"floor":28,"key":"DuplicationPotion"},{"floor":31,"key":"Explosive Potion"},{"floor":35,"key":"Explosive Potion"}],"is_trial":false,"path_per_floor":["M","$","?","M","T","E","R","$","T","M","R","?","M","M","R","B",null,"M","M","?","?","M","R","M","R","T","$","M","R","E","M","R","B",null,"M","$","M","?","B",null],"character_chosen":"IRONCLAD","items_purchased":["Iron Wave","Flame Barrier","Shrug It Off","Feed","Headbutt"],"campfire_rested":3,"item_purchase_floors":[2,8,8,27,36],"current_hp_per_floor":[78,78,83,80,80,37,37,37,37,43,43,43,43,43,68,28,85,71,65,65,65,69,85,85,85,85,85,78,78,41,36,61,14,85,82,82,78,78,9],"gold":213,"neow_bonus":"","is_daily":false,"chose_seed":false,"campfire_upgraded":4,"win_rate":0.0,"timestamp":1609877226,"path_taken":["M","$","?","M","?","E","R","$","T","M","R","?","M","?","R","BOSS","M","M","?","?","M","R","M","R","T","$","M","R","E","M","R","BOSS","M","$","M","?","BOSS"],"items_purchased_type":["Card","Card","Card","Card","Card"],"build_version":"2020-12-22","purchased_purges":0,"victory":true,"max_hp_per_floor":[80,80,85,85,85,85,85,85,85,85,85,85,85,85,85,85,85,85,85,85,85,85,85,85,85,85,85,85,85,85,85,85,85,85,85,85,85,85,85],"card_choices":[{"not_picked":["Iron Wave","Flex"],"picked":"Pommel Strike","floor":1},{"not_picked":["Headbutt","True Grit"],"picked":"Metallicize","floor":4},{"not_picked":["Sword Boomerang","Dark Embrace"],"picked":"Warcry","floor":6},{"not_picked":["Combust","Reckless Charge"],"picked":"Sword Boomerang","floor":10},{"not_picked":["Iron Wave","Cleave"],"picked":"Searing Blow","floor":13},{"not_picked":["True Grit","Cleave"],"picked":"Double Tap","floor":14},{"not_picked":["Double Tap","Juggernaut"],"picked":"Barricade","floor":16},{"not_picked":["Dual Wield","Dark Embrace"],"picked":"Clothesline+1","floor":18},{"not_picked":["Body Slam+1","Dark Embrace+1"],"picked":"Perfected Strike","floor":19},{"not_picked":["Intimidate","Warcry"],"picked":"Armaments+1","floor":22},{"not_picked":["Entrench","Shrug It Off"],"picked":"Warcry+1","floor":24},{"not_picked":["Twin Strike+1","Flex+1"],"picked":"Perfected Strike+1","floor":28},{"not_picked":["Clash+1","Iron Wave"],"picked":"Whirlwind","floor":30},{"not_picked":["Disarm+1","Clothesline+1"],"picked":"Headbutt+1","floor":31},{"not_picked":["Offering","Barricade"],"picked":"Berserk","floor":33},{"not_picked":["Pommel Strike+1","Twin Strike"],"picked":"Headbutt","floor":35},{"not_picked":["Sever Soul","Body Slam"],"picked":"Carnage+1","floor":37}],"player_experience":0,"relics_obtained":[{"floor":5,"key":"Oddly Smooth Stone"},{"floor":6,"key":"Torii"},{"floor":9,"key":"Mummified Hand"},{"floor":26,"key":"TungstenRod"},{"floor":30,"key":"Paper Frog"}],"event_choices":[{"damage_healed":0,"gold_gain":0,"player_choice":"Donut","damage_taken":0,"max_hp_gain":5,"max_hp_loss":0,"event_name":"Big Fish","floor":3,"gold_loss":0},{"cards_removed":["Defend_R"],"damage_healed":0,"gold_gain":0,"player_choice":"Took Card","damage_taken":0,"max_hp_gain":0,"max_hp_loss":0,"event_name":"NoteForYourself","floor":12,"gold_loss":0,"cards_obtained":["Iron Wave"]},{"damage_healed":0,"gold_gain":0,"cards_transformed":["Strike_R","Defend_R"],"player_choice":"Became Test Subject","damage_taken":0,"max_hp_gain":0,"max_hp_loss":0,"event_name":"Drug Dealer","floor":20,"gold_loss":0,"cards_obtained":["Intimidate","Shockwave"]},{"damage_healed":0,"gold_gain":0,"player_choice":"Simplicity","damage_taken":0,"max_hp_gain":0,"max_hp_loss":0,"event_name":"Back to Basics","floor":21,"gold_loss":0,"cards_upgraded":["Strike_R","Strike_R","Strike_R","Strike_R","Defend_R","Defend_R"]},{"damage_healed":0,"gold_gain":0,"player_choice":"Took Portal","damage_taken":0,"max_hp_gain":0,"max_hp_loss":0,"event_name":"SecretPortal","floor":38,"gold_loss":0}],"is_beta":false,"boss_relics":[{"not_picked":["Astrolabe","Busted Crown"],"picked":"Velvet Choker"},{"not_picked":["Coffee Dripper","Runic Dome"],"picked":"Mark of Pain"}],"items_purged_floors":[],"is_endless":false,"potions_floor_spawned":[6,16,18,28,31,35],"ascension_level":0}}