{"host":"8z6cx8b9r5qs18cp","time":1609877328,"event":{"mods":["AchievementEnabler","Act Like it!","Bard","BaseMod","GifTheSpireLib","Googly Eyes","Hermit","Hubris","Infinite Spire","Marked Mod","Minty Spire (QoL Compilation)","Permanent Neow","Rare Cards Sparkle","Relic Stats","Replay The Spire","StSLib","Stuff the Spire","The Animator","The Bug Knight","The Cursed","The Servant 0.9.4"],"gold_per_floor":[115,115,131,131,49,49,74,74,74,74,93,106,106,106,106,205,205,217,237,29,45,45,45,58,58,113,113,131,131,61,79,79,176,176,187,287,302,80,90,90,102,132,132,132,167,167,178,193,193,291,291,301,306,365,365,131,153,153,170,170,181,181,187,247,173,173,218,218,217,217,220,220,222,219,219],"floor_reached":74,"playtime":6280,"items_purged":[],"score":1311,"play_id":"32451cb0-f3b7-483a-b0ed-8d1dadd92a20","local_time":"20210105140848","is_ascension_mode":true,"campfire_choices":[{"data":"FlawlessForm","floor":6.0,"key":"SMITH"},{"data":"MoonPhase","floor":8.0,"key":"SMITH"},{"floor":15.0,"key":"REST"},{"floor":23.0,"key":"REST"},{"floor":25.0,"key":"REST"},{"floor":32.0,"key":"REST"},{"data":"Spin","floor":40,"key":"SMITH"},{"floor":44,"key":"REST"},{"floor":46,"key":"REST"},{"floor":49,"key":"REST"},{"floor":58,"key":"REST"},{"data":"Embodiment","floor":62,"key":"SMITH"},{"floor":66,"key":"REST"}],"circlet_count":0,"master_deck":["KidneyShot","Exchange","hubris:Insight","Contraction","StuffTheSpire:CuriosityCurse","Ricochet","FlawlessForm+1","FloweringNight","MoonPhase+1","ShiftingGears","Misdirection","Embodiment+1","Unruled","Spin","Dilation","Spin","Spin","infinitespire:FutureSight","Spin+1","RealityMarble","GearUp+1","MurderousAura","Desolation","Unruled+1","Revamp+1","BestPractice+1","infinitespire:DeathsTouch","DoubleEdge+1","Potential+1","Foresight+1","Ricochet+1","LightFlow","CurseOfTheBell","Rewind","KillingDoll","LightFlow","SurpressingFire","Rearm+1","Desolation","Defy+1","Solidify+1","Collapse","Luminosity","SoulSculpture","Revamp+1","Ricochet","Hightail+1","Potential","FastForward+1","Hightail+1"],"relics":["Uniform","ReplayFunnel","Replay:Bottled Steam","Ring of Chaos","Replay:Mystery Machine","StuffTheSpire:DarkSteelAnvil","SplendidAttire","Gremlin Horn","Honey Jar","hubris:EmptyBottle","Singing Bowl","hubris:Reverence","infinitespire:CheckeredPen","Calling Bell","Replay:Baseball","Replay:Bottled Snecko","StuffTheSpire:DarkSteelAnvil","FaceOfCleric","Bronze Scales","hubris:ToyBattleship","Toxic Egg 2","Replay:Bottled Flurry","Pandora\u0027s Box","HandDrill"],"acts_visited":["Exordium","TheCity","TheBeyond","Exordium","TheCity"],"potions_floor_usage":[42,42,45,45,45,45,45,50,50,50,50,50,57,59,59,67,67,71,71,73,73],"damage_taken":[{"damage":0.0,"enemies":"Small Slimes","floor":1.0,"turns":3.0},{"damage":4.0,"enemies":"2 Louse","floor":3.0,"turns":4.0},{"damage":27.0,"enemies":"Gremlin Nob","floor":7.0,"turns":8.0},{"damage":11.0,"enemies":"Jaw Worm","floor":11.0,"turns":6.0},{"damage":7.0,"enemies":"Large Slime","floor":12.0,"turns":13.0},{"damage":25.0,"enemies":"Fading Forest","floor":16.0,"turns":11.0},{"damage":16.0,"enemies":"Spheric Guardian","floor":18.0,"turns":12.0},{"damage":6.0,"enemies":"Shell Parasite","floor":19.0,"turns":7.0},{"damage":30.0,"enemies":"3 Cultists","floor":21.0,"turns":6.0},{"damage":23.0,"enemies":"Centurion and Healer","floor":24.0,"turns":8.0},{"damage":13.0,"enemies":"Shelled Parasite and Fungi","floor":28.0,"turns":8.0},{"damage":0.0,"enemies":"Snecko","floor":31.0,"turns":4.0},{"damage":0.0,"enemies":"Champ","floor":33.0,"turns":13.0},{"damage":0.0,"enemies":"Orb Walker","floor":35.0,"turns":3.0},{"damage":44.0,"enemies":"3 Darklings","floor":37.0,"turns":4.0},{"damage":31.0,"enemies":"Transient","floor":39.0,"turns":5.0},{"damage":0,"enemies":"Maw","floor":41,"turns":8},{"damage":44,"enemies":"Nightmare","floor":42,"turns":12},{"damage":0,"enemies":"Giant Head","floor":45,"turns":8},{"damage":0,"enemies":"3 Darklings","floor":47,"turns":3},{"damage":3,"enemies":"Transient","floor":48,"turns":5},{"damage":17,"enemies":"hubris:GrandSnecko","floor":50,"turns":8},{"damage":0,"enemies":"Jaw Worm","floor":52,"turns":1},{"damage":0,"enemies":"Small Slimes","floor":53,"turns":2},{"damage":23,"enemies":"Replay:BlueRogue","floor":57,"turns":3},{"damage":0,"enemies":"Lagavulin","floor":59,"turns":3},{"damage":0,"enemies":"2 Louse","floor":61,"turns":1},{"damage":0,"enemies":"Large Slime","floor":63,"turns":3},{"damage":20,"enemies":"Fading Forest","floor":67,"turns":11},{"damage":0,"enemies":"Chosen","floor":69,"turns":4},{"damage":20,"enemies":"2 Thieves","floor":71,"turns":2},{"damage":33,"enemies":"Snake Plant","floor":73,"turns":3},{"damage":51,"enemies":"Slavers","floor":74,"turns":1}],"seed_played":"7607619384384751263","potions_obtained":[{"floor":3.0,"key":"Venom Potion"},{"floor":7.0,"key":"Ancient Potion"},{"floor":11.0,"key":"ColorlessPotion"},{"floor":12.0,"key":"Block Potion"},{"floor":18.0,"key":"EntropicBrew"},{"floor":24.0,"key":"Strength Potion"},{"floor":28.0,"key":"EssenceOfSteel"},{"floor":37.0,"key":"EntropicBrew"},{"floor":48,"key":"LiquidBronze"},{"floor":50,"key":"SteroidPotion"},{"floor":57,"key":"AttackPotion"},{"floor":67,"key":"Adrenaline Potion"},{"floor":73,"key":"Elixir"}],"is_trial":false,"path_per_floor":["M","?","M","?","$","R","E","R","T","?","M","M","?","?","R","B",null,"M","M","$","M","$","R","M","R","T","AVR","M","T","$","M","R","B",null,"M","?","M","$","M","R","M","NM","T","R","E","R","M","M","R","B",null,"M","M","?","?","$","E","R","E","T","M","R","M","?","$","R","B",null,"M","?","M","AVR","M","E"],"character_chosen":"THE_SERVANT","items_purchased":["FloweringNight","Dilation","ColorlessPotion","RealityMarble","hubris:EmptyBottle","Regen Potion","KillingDoll","PowerPotion","PowerPotion","LifebloodPotion"],"campfire_rested":9,"item_purchase_floors":[5,20,20,30,38,38,56,56,56,65],"current_hp_per_floor":[65,65,61,61,61,61,34,34,34,34,23,16,32,32,50,35,62,46,40,40,10,10,28,5,23,23,23,10,10,10,10,28,28,62,62,62,18,18,52,52,52,8,8,26,26,44,46,45,64,56,66,66,68,68,68,68,46,66,69,69,70,70,71,42,42,64,55,75,78,78,59,59,29,0,0],"gold":219,"neow_bonus":"RANDOM_COLORLESS","is_daily":false,"chose_seed":false,"campfire_upgraded":4,"win_rate":0.0,"timestamp":1609877328,"path_taken":["M","?","M","?","$","R","E","R","T","?","M","M","?","?","R","BOSS","M","M","$","M","?","R","M","R","T","AVR","?","?","$","M","R","BOSS","M","?","M","$","M","R","M","NM","T","R","E","R","?","M","R","BOSS","M","?","?","?","$","E","R","E","T","M","R","?","?","?","R","BOSS","M","?","?","AVR","M","E"],"items_purchased_type":["Card","Card","Potion","Card","Relic","Potion","Card","Potion","Potion","Potion"],"build_version":"2020-12-22","purchased_purges":0,"victory":false,"max_hp_per_floor":[65,65,65,65,65,65,65,65,65,65,65,65,65,62,62,62,62,62,62,62,62,62,62,62,62,62,62,62,62,62,62,62,62,62,62,62,62,62,62,62,62,62,62,62,62,62,64,66,66,66,66,66,68,68,68,68,69,69,72,72,73,73,74,74,74,74,75,75,78,78,79,79,82,82,82],"relic_stats":{"Gremlin Horn":[9,12],"Singing Bowl":12,"FaceOfCleric":8,"counters":[33,193],"Bronze Scales":[48],"Pandora\u0027s Box":["Collapse","Luminosity","SoulSculpture","Revamp","Ricochet","Hightail","Potential","FastForward"],"HandDrill":[4],"obtain_stats":[{"ReplayFunnel":2,"SplendidAttire":27,"Gremlin Horn":29,"Singing Bowl":42,"Ring of Chaos":17,"Uniform":0,"infinitespire:CheckeredPen":45,"Replay:Mystery Machine":26,"hubris:EmptyBottle":38,"Calling Bell":51,"Replay:Baseball":51,"FaceOfCleric":55,"Bronze Scales":57,"Honey Jar":34,"StuffTheSpire:DarkSteelAnvil":27,"Pandora\u0027s Box":68,"hubris:ToyBattleship":59,"Replay:Bottled Flurry":64,"HandDrill":72,"Replay:Bottled Snecko":51,"Toxic Egg 2":60,"Replay:Bottled Steam":7,"hubris:Reverence":43},{"ReplayFunnel":1,"SplendidAttire":10,"Gremlin Horn":11,"Singing Bowl":18,"Ring of Chaos":6,"Uniform":0,"infinitespire:CheckeredPen":19,"Replay:Mystery Machine":10,"hubris:EmptyBottle":15,"Calling Bell":22,"Replay:Baseball":22,"FaceOfCleric":24,"Bronze Scales":25,"Honey Jar":13,"StuffTheSpire:DarkSteelAnvil":10,"Pandora\u0027s Box":29,"hubris:ToyBattleship":26,"Replay:Bottled Flurry":28,"HandDrill":31,"Replay:Bottled Snecko":22,"Toxic Egg 2":26,"Replay:Bottled Steam":3,"hubris:Reverence":18},{"ReplayFunnel":3,"SplendidAttire":78,"Gremlin Horn":86,"Singing Bowl":135,"Ring of Chaos":45,"Uniform":0,"infinitespire:CheckeredPen":143,"Replay:Mystery Machine":78,"hubris:EmptyBottle":110,"Calling Bell":159,"Replay:Baseball":159,"FaceOfCleric":162,"Bronze Scales":165,"Honey Jar":103,"StuffTheSpire:DarkSteelAnvil":78,"Pandora\u0027s Box":183,"hubris:ToyBattleship":168,"Replay:Bottled Flurry":172,"HandDrill":189,"Replay:Bottled Snecko":159,"Toxic Egg 2":168,"Replay:Bottled Steam":15,"hubris:Reverence":135}]},"card_choices":[{"not_picked":["hubris:Ssssneak","Impatience"],"picked":"hubris:Insight","floor":0.0},{"not_picked":["ShatteredReality","Rewind"],"picked":"Contraction","floor":1.0},{"not_picked":["Alleviate","Rewind"],"picked":"Ricochet","floor":3.0},{"not_picked":["Barrier","Defy"],"picked":"MoonPhase","floor":7.0},{"not_picked":["Comet","StarChef"],"picked":"ShiftingGears","floor":11.0},{"not_picked":["Starlight","Sunlight"],"picked":"Misdirection","floor":12.0},{"not_picked":["PendulumOfEternity","Sunlight"],"picked":"Embodiment","floor":16.0},{"not_picked":["Alleviate","DualDimension"],"picked":"Unruled","floor":18.0},{"not_picked":["Rearm","Replace+1"],"picked":"Spin","floor":19.0},{"not_picked":["BottledTime","Defy+1"],"picked":"Spin","floor":21.0},{"not_picked":["Potential","FlawlessForm"],"picked":"Spin","floor":24.0},{"not_picked":["Sabotage+1","ShatteredReality"],"picked":"Spin","floor":28.0},{"not_picked":["Advance","StarChef"],"picked":"GearUp+1","floor":31.0},{"not_picked":["ForgedInTime","Initiator"],"picked":"MurderousAura","floor":33.0},{"not_picked":["Replace+1","Rewind","Potential+1"],"picked":"Desolation","floor":35.0},{"not_picked":["Defy+1","ShatteredReality","Starlight+1"],"picked":"Unruled+1","floor":37.0},{"not_picked":["PendulumOfEternity","Rewind","Comet"],"picked":"Revamp+1","floor":39.0},{"not_picked":["Rearm","Solidify","Replace+1"],"picked":"BestPractice","floor":41},{"not_picked":["infinitespire:TheBestDefense","hubris:Rewind"],"picked":"infinitespire:DeathsTouch","floor":42},{"not_picked":["Comet+1","BottledTime+1","ShatteredReality"],"picked":"DoubleEdge+1","floor":42},{"not_picked":["Desolation","Rewind","FastForward+1"],"picked":"Potential+1","floor":45},{"not_picked":["Foresight+1","Read+1","Sabotage","DoubleEdge"],"picked":"Singing Bowl","floor":47},{"not_picked":["Gouge","Spin+1","Ricochet+1","Rearm"],"picked":"Singing Bowl","floor":48},{"not_picked":["Deny","Duplication","Initiator"],"picked":"LightFlow","floor":50},{"not_picked":["FastForward","Sabotage","Potential"],"picked":"Rewind","floor":52},{"not_picked":["BottledTime","Barrier","Deny","RealityMarble"],"picked":"Singing Bowl","floor":53},{"not_picked":["Moonlight","ShiftingGears","Rewind"],"picked":"LightFlow","floor":57},{"not_picked":["Spin","Potential","TimeWarp","Ricochet"],"picked":"Singing Bowl","floor":59},{"not_picked":["Defy+1","Advance+1","Rewind+1"],"picked":"SurpressingFire","floor":61},{"not_picked":["FanOfKnives","Rewind+1","BestPractice"],"picked":"Rearm+1","floor":63},{"not_picked":["Embodiment","Alleviate+1","Sabotage"],"picked":"Desolation","floor":64},{"not_picked":["Unruled","Potential","ShiftingGears+1"],"picked":"Defy+1","floor":64},{"not_picked":["ForgedInTime+1","FloweringNight","PendulumOfEternity"],"picked":"Solidify+1","floor":67},{"not_picked":["Foresight+1","Defy+1","Unruled","Revamp+1"],"picked":"Singing Bowl","floor":69},{"not_picked":["Potential","Defy+1","Misdirection+1"],"picked":"Hightail+1","floor":71},{"not_picked":["Reset+1","DoubleEdge","Spin","Defy+1"],"picked":"Singing Bowl","floor":73}],"player_experience":216208,"relics_obtained":[{"floor":7.0,"key":"Replay:Bottled Steam"},{"floor":26.0,"key":"Replay:Mystery Machine"},{"floor":29.0,"key":"Gremlin Horn"},{"floor":42,"key":"Singing Bowl"},{"floor":43,"key":"hubris:Reverence"},{"floor":45,"key":"infinitespire:CheckeredPen"},{"floor":51,"key":"Replay:Baseball"},{"floor":51,"key":"Replay:Bottled Snecko"},{"floor":51,"key":"StuffTheSpire:DarkSteelAnvil"},{"floor":57,"key":"Bronze Scales"},{"floor":59,"key":"hubris:ToyBattleship"},{"floor":60,"key":"Toxic Egg 2"},{"floor":64,"key":"Replay:Bottled Flurry"}],"event_choices":[{"damage_healed":16.0,"max_hp_gain":0.0,"max_hp_loss":0.0,"gold_gain":0.0,"event_name":"Mushrooms","player_choice":"Healed and dodged fight","floor":13.0,"gold_loss":0.0,"damage_taken":0.0,"cards_obtained":["Parasite"]},{"cards_removed":["Parasite"],"damage_healed":0.0,"max_hp_gain":0.0,"max_hp_loss":0.0,"gold_gain":0.0,"event_name":"Purifier","player_choice":"Purged","floor":14.0,"gold_loss":0.0,"damage_taken":0.0},{"damage_healed":0.0,"max_hp_gain":0.0,"max_hp_loss":0.0,"gold_gain":100.0,"event_name":"Golden Shrine","player_choice":"Pray","floor":36.0,"gold_loss":0.0,"damage_taken":0.0},{"damage_healed":0,"gold_gain":59,"player_choice":"Gained Gold","damage_taken":0,"max_hp_gain":0,"max_hp_loss":0,"event_name":"Golden Wing","floor":54,"gold_loss":0},{"damage_healed":0,"gold_gain":0,"player_choice":"Trade","damage_taken":0,"relics_obtained":["FaceOfCleric"],"max_hp_gain":0,"max_hp_loss":0,"event_name":"FaceTrader","floor":55,"gold_loss":0},{"damage_healed":0,"gold_gain":0,"player_choice":"Upgraded","damage_taken":0,"max_hp_gain":0,"max_hp_loss":0,"event_name":"Upgrade Shrine","floor":70,"gold_loss":0,"cards_upgraded":["BestPractice"]}],"is_beta":false,"boss_relics":[{"not_picked":["hubris:CrackedHourglass","hubris:GrandSneckoEye"],"picked":"Ring of Chaos"},{"not_picked":["Replay:Grab Bag","Velvet Choker"],"picked":"Honey Jar"},{"not_picked":["ReplayTheSpireMod:SealedPack","hubris:TerracottaHorce"],"picked":"Calling Bell"},{"not_picked":["SlaversCollar","Fusion Hammer"],"picked":"Pandora\u0027s Box"}],"items_purged_floors":[],"is_endless":true,"potions_floor_spawned":[3,7,11,12,18,24,28,37,48,50,57,63,67,73],"killed_by":"Slavers","ascension_level":1}}