{"host":"gk5m6v7zec9neb0j","time":1609841765,"event":{"mods":["AchievementEnabler","AlwaysNeverKeys","BaseMod","BetterRewards","Block Reminder","Minty Spire (QoL Compilation)","Rare Cards Sparkle","Relic Stats","StSLib"],"gold_per_floor":[117,117,192,48,48,48,61,61,88,14,25,43,59,72,72,172,172,192,212,229,239,338,338,48,48,48,65,65,65,65,83,83,180,180,198,22,22,72,88,88,103,118,142,152,152,166,166,177,177,177,177,177,27,61,61,61],"floor_reached":55,"playtime":1822,"items_purged":["Strike_G","Strike_G","Strike_G","Endless Agony+1"],"score":863,"play_id":"6db87550-62ae-4c3a-974e-36ff0c0a6210","local_time":"20210105051605","is_ascension_mode":false,"campfire_choices":[{"data":"Neutralize","floor":6,"key":"SMITH"},{"floor":15,"key":"REST"},{"data":"Calculated Gamble","floor":23,"key":"SMITH"},{"data":"Infinite Blades","floor":25,"key":"SMITH"},{"data":"Calculated Gamble","floor":28,"key":"SMITH"},{"data":"Accuracy","floor":32,"key":"SMITH"},{"data":"Accuracy","floor":45,"key":"SMITH"},{"data":"Blade Dance","floor":47,"key":"SMITH"},{"data":"Blade Dance","floor":49,"key":"SMITH"},{"data":"Caltrops","floor":52,"key":"SMITH"}],"circlet_count":0,"master_deck":["Defend_G","Defend_G","Defend_G","Defend_G","Defend_G","Survivor","Neutralize+1","Panache","Accuracy+1","Escape Plan","Calculated Gamble+1","Accuracy+1","Infinite Blades+1","Escape Plan","Blade Dance+1","Calculated Gamble+1","Die Die Die+1","CurseOfTheBell","Expertise+1","Accuracy+1","Expertise","Accuracy+1","Burst","Prepared","Blade Dance+1","Caltrops+1","Blade Dance+1","Accuracy+1"],"relics":["Ring of the Snake","Oddly Smooth Stone","Nunchaku","DollysMirror","Strawberry","Calling Bell","Blood Vial","Question Card","Pocketwatch","Happy Flower","Mummified Hand","Sozu","Matryoshka","Prayer Wheel","Juzu Bracelet","Whetstone","Eternal Feather"],"acts_visited":["Exordium","TheCity","TheBeyond","TheEnding"],"potions_floor_usage":[12,16,20],"damage_taken":[{"damage":0,"enemies":"2 Louse","floor":1,"turns":3},{"damage":2,"enemies":"Jaw Worm","floor":7,"turns":3},{"damage":2,"enemies":"Small Slimes","floor":11,"turns":3},{"damage":2,"enemies":"3 Louse","floor":12,"turns":3},{"damage":0,"enemies":"Lots of Slimes","floor":13,"turns":2},{"damage":0,"enemies":"Exordium Wildlife","floor":14,"turns":3},{"damage":33,"enemies":"The Guardian","floor":16,"turns":9},{"damage":10,"enemies":"2 Thieves","floor":18,"turns":3},{"damage":6,"enemies":"Shell Parasite","floor":19,"turns":4},{"damage":0,"enemies":"Snecko","floor":20,"turns":3},{"damage":10,"enemies":"Snake Plant","floor":21,"turns":4},{"damage":4,"enemies":"Cultist and Chosen","floor":27,"turns":2},{"damage":0,"enemies":"Sentry and Sphere","floor":31,"turns":2},{"damage":6,"enemies":"Collector","floor":33,"turns":6},{"damage":15,"enemies":"Orb Walker","floor":35,"turns":4},{"damage":0,"enemies":"Mind Bloom Boss Battle","floor":38,"turns":5},{"damage":0,"enemies":"3 Darklings","floor":39,"turns":2},{"damage":0,"enemies":"Transient","floor":41,"turns":5},{"damage":7,"enemies":"Sphere and 2 Shapes","floor":42,"turns":4},{"damage":11,"enemies":"Jaw Worm Horde","floor":44,"turns":3},{"damage":0,"enemies":"Maw","floor":46,"turns":3},{"damage":4,"enemies":"Spire Growth","floor":48,"turns":2},{"damage":34,"enemies":"Donu and Deca","floor":50,"turns":4},{"damage":7,"enemies":"Shield and Spear","floor":54,"turns":3},{"damage":73,"enemies":"The Heart","floor":55,"turns":3}],"seed_played":"690952006756358234","potions_obtained":[{"floor":11,"key":"PowerPotion"},{"floor":13,"key":"Ancient Potion"},{"floor":14,"key":"Poison Potion"}],"is_trial":false,"path_per_floor":["M","?","?","$","?","R","M","?","T","$","M","M","M","M","R","B",null,"M","M","M","M","?","R","$","R","T","M","R","?","$","M","R","B",null,"M","$","T","?","M","?","M","M","T","M","R","M","R","M","R","B",null,"R","$","E","B"],"character_chosen":"THE_SILENT","items_purchased":["Oddly Smooth Stone","Nunchaku","Panache","Accuracy","Escape Plan","DollysMirror","Infinite Blades","Happy Flower","Expertise","Blade Dance"],"campfire_rested":1,"item_purchase_floors":[0,0,0,0,0,4,10,24,24,36],"current_hp_per_floor":[40,63,52,52,45,45,43,43,50,50,48,46,46,46,69,36,77,67,63,65,57,57,57,57,57,57,55,55,55,55,57,57,53,77,62,62,62,64,66,66,68,63,63,54,54,56,56,54,54,22,77,77,77,70,0,0],"gold":61,"neow_bonus":"","is_daily":false,"chose_seed":false,"campfire_upgraded":9,"win_rate":0.0,"timestamp":1609841765,"path_taken":["M","?","?","?","?","R","M","?","T","$","M","?","M","M","R","BOSS","M","M","M","M","?","R","$","R","T","M","R","?","$","M","R","BOSS","M","$","?","?","M","?","?","?","T","M","R","M","R","M","R","BOSS","R","$","E","BOSS"],"items_purchased_type":["Relic","Relic","Card","Card","Card","Relic","Card","Relic","Card","Card"],"build_version":"2020-12-22","purchased_purges":4,"victory":false,"max_hp_per_floor":[70,70,70,70,70,70,70,70,77,77,77,77,77,77,77,77,77,77,77,77,77,77,77,77,77,77,77,77,77,77,77,77,77,77,77,77,77,77,77,77,77,77,77,77,77,77,77,77,77,77,77,77,77,77,77,77],"relic_stats":{"Happy Flower":[16],"counters":[147,784],"Eternal Feather":0,"Juzu Bracelet":0,"Whetstone":["Slice","Strike_G","Die Die Die","Endless Agony"],"Question Card":22,"Blood Vial":30,"Sozu":3,"Nunchaku":[29],"Mummified Hand":[127],"Prayer Wheel":6,"obtain_stats":[{"Ice Cream":7,"HoveringKite":34,"Vajra":43,"Ginger":0,"Whetstone":11,"Bottled Tornado":43,"Blood Vial":17,"Sozu":34,"Sundial":24,"DollysMirror":4,"Strawberry":26,"Prayer Wheel":38,"Kunai":0,"Toxic Egg 2":28,"Happy Flower":13,"Astrolabe":34,"Oddly Smooth Stone":0,"Eternal Feather":54,"Question Card":48,"Bottled Flame":25,"Shuriken":0,"Bronze Scales":10,"Black Star":17,"StrikeDummy":27,"Meat on the Bone":17,"Pocketwatch":17,"Regal Pillow":9,"Torii":0,"Singing Bowl":43,"Enchiridion":22,"Juzu Bracelet":43,"Ancient Tea Set":4,"Empty Cage":17,"ClockworkSouvenir":20,"Tough Bandages":25,"Nunchaku":31,"Matryoshka":37,"WristBlade":34,"Mummified Hand":30,"Pantograph":12,"Tiny Chest":26,"WingedGreaves":17,"Red Mask":47,"Chemical X":37,"InkBottle":54,"Ring of the Snake":0,"Potion Belt":9,"Golden Idol":3,"White Beast Statue":9,"Peace Pipe":9,"Calling Bell":17,"Ornamental Fan":0,"Orrery":0,"Turnip":38,"Art of War":17,"Bottled Lightning":43,"Toy Ornithopter":27},{"Ice Cream":11,"HoveringKite":21,"Vajra":91,"Ginger":97,"Whetstone":100,"Bottled Tornado":52,"Blood Vial":129,"Sozu":136,"Sundial":44,"DollysMirror":123,"Strawberry":107,"Prayer Wheel":138,"Kunai":31,"Toxic Egg 2":108,"Happy Flower":12,"Astrolabe":86,"Oddly Smooth Stone":122,"Eternal Feather":146,"Question Card":94,"Bottled Flame":16,"Shuriken":97,"Bronze Scales":36,"Black Star":13,"StrikeDummy":17,"Meat on the Bone":80,"Pocketwatch":129,"Regal Pillow":36,"Torii":31,"Singing Bowl":116,"Enchiridion":68,"Juzu Bracelet":141,"Ancient Tea Set":2,"Empty Cage":103,"ClockworkSouvenir":41,"Tough Bandages":16,"Nunchaku":85,"Matryoshka":137,"WristBlade":112,"Mummified Hand":110,"Pantograph":11,"Tiny Chest":16,"WingedGreaves":80,"Red Mask":54,"Chemical X":22,"InkBottle":57,"Ring of the Snake":0,"Potion Belt":3,"Golden Idol":2,"White Beast Statue":11,"Peace Pipe":62,"Calling Bell":80,"Ornamental Fan":72,"Orrery":58,"Turnip":116,"Art of War":80,"Bottled Lightning":24,"Toy Ornithopter":17},{"Ice Cream":57,"HoveringKite":124,"Vajra":558,"Ginger":599,"Whetstone":611,"Bottled Tornado":309,"Blood Vial":722,"Sozu":746,"Sundial":249,"DollysMirror":699,"Strawberry":637,"Prayer Wheel":755,"Kunai":183,"Toxic Egg 2":643,"Happy Flower":68,"Astrolabe":533,"Oddly Smooth Stone":696,"Eternal Feather":781,"Question Card":574,"Bottled Flame":94,"Shuriken":599,"Bronze Scales":206,"Black Star":79,"StrikeDummy":100,"Meat on the Bone":500,"Pocketwatch":722,"Regal Pillow":206,"Torii":183,"Singing Bowl":676,"Enchiridion":435,"Juzu Bracelet":766,"Ancient Tea Set":5,"Empty Cage":621,"ClockworkSouvenir":234,"Tough Bandages":94,"Nunchaku":521,"Matryoshka":750,"WristBlade":661,"Mummified Hand":652,"Pantograph":57,"Tiny Chest":94,"WingedGreaves":500,"Red Mask":329,"Chemical X":129,"InkBottle":364,"Ring of the Snake":0,"Potion Belt":9,"Golden Idol":5,"White Beast Statue":57,"Peace Pipe":387,"Calling Bell":500,"Ornamental Fan":459,"Orrery":367,"Turnip":676,"Art of War":500,"Bottled Lightning":139,"Toy Ornithopter":100}],"Ring of the Snake":[294],"Pocketwatch":[0]},"card_choices":[{"not_picked":["Flechettes","All Out Attack"],"picked":"Calculated Gamble","floor":1},{"not_picked":["Dodge and Roll","Riddle With Holes","Masterful Stab"],"picked":"SKIP","floor":7},{"not_picked":["Acrobatics","Eviscerate"],"picked":"Escape Plan","floor":11},{"not_picked":["Acrobatics","Choke"],"picked":"Blade Dance","floor":12},{"not_picked":["Flechettes","Choke"],"picked":"Calculated Gamble","floor":13},{"not_picked":["Poisoned Stab","Acrobatics","Blur"],"picked":"SKIP","floor":14},{"not_picked":["A Thousand Cuts","Grand Finale"],"picked":"Die Die Die","floor":16},{"not_picked":["Quick Slash","Endless Agony","Choke+1","Poisoned Stab"],"picked":"SKIP","floor":18},{"not_picked":["Underhanded Strike","Dodge and Roll","Deflect+1"],"picked":"Expertise+1","floor":19},{"not_picked":["Dodge and Roll+1","Riddle With Holes+1","Bane"],"picked":"Accuracy+1","floor":20},{"not_picked":["Outmaneuver","Slice","Dagger Throw","Quick Slash"],"picked":"SKIP","floor":21},{"not_picked":["PiercingWail","Sucker Punch","Prepared+1","Flying Knee"],"picked":"SKIP","floor":27},{"not_picked":["Quick Slash+1","Blur","Distraction"],"picked":"Accuracy","floor":31},{"not_picked":["Wraith Form v2","A Thousand Cuts","Doppelganger"],"picked":"Burst","floor":33},{"not_picked":["Catalyst","Cloak And Dagger+1","Noxious Fumes+1"],"picked":"Prepared","floor":35},{"not_picked":["PiercingWail+1","Bouncing Flask","Backstab+1","Finisher"],"picked":"SKIP","floor":39},{"not_picked":["Dagger Spray","Blur","Dodge and Roll+1","Well Laid Plans+1"],"picked":"SKIP","floor":39},{"not_picked":["Cloak And Dagger","Malaise","PiercingWail+1"],"picked":"Caltrops","floor":41},{"not_picked":["Outmaneuver+1","Backstab+1","Backflip+1","Prepared+1"],"picked":"SKIP","floor":41},{"not_picked":["Flying Knee","All Out Attack","Heel Hook"],"picked":"Blade Dance+1","floor":42},{"not_picked":["Dagger Spray+1","Quick Slash","Eviscerate","Dagger Throw+1"],"picked":"SKIP","floor":42},{"not_picked":["Riddle With Holes+1","Underhanded Strike+1","PiercingWail+1","Slice"],"picked":"SKIP","floor":44},{"not_picked":["Phantasmal Killer","Dodge and Roll+1","Prepared+1","Backflip+1"],"picked":"SKIP","floor":44},{"not_picked":["Cloak And Dagger","Deadly Poison","Reflex","Dagger Spray"],"picked":"SKIP","floor":46},{"not_picked":["Blur","Flechettes+1","Leg Sweep","Dash"],"picked":"SKIP","floor":46},{"not_picked":["Deflect","Underhanded Strike","Distraction"],"picked":"Accuracy+1","floor":48},{"not_picked":["PiercingWail+1","All Out Attack","Underhanded Strike+1","Dagger Throw"],"picked":"SKIP","floor":48},{"not_picked":["Concentrate","Backflip","Dash","All Out Attack"],"picked":"SKIP","floor":54}],"player_experience":731927,"relics_obtained":[{"floor":9,"key":"Strawberry"},{"floor":17,"key":"Blood Vial"},{"floor":17,"key":"Question Card"},{"floor":17,"key":"Pocketwatch"},{"floor":26,"key":"Mummified Hand"},{"floor":37,"key":"Matryoshka"},{"floor":38,"key":"Prayer Wheel"},{"floor":43,"key":"Juzu Bracelet"},{"floor":43,"key":"Whetstone"},{"floor":54,"key":"Eternal Feather"}],"event_choices":[{"damage_healed":23,"gold_gain":0,"player_choice":"Banana","damage_taken":0,"max_hp_gain":0,"max_hp_loss":0,"event_name":"Big Fish","floor":2,"gold_loss":0},{"damage_healed":0,"gold_gain":75,"player_choice":"Gather Gold","damage_taken":11,"max_hp_gain":0,"max_hp_loss":0,"event_name":"World of Goop","floor":3,"gold_loss":0},{"cards_removed":["Strike_G"],"damage_healed":0,"gold_gain":0,"player_choice":"Card Removal","damage_taken":7,"max_hp_gain":0,"max_hp_loss":0,"event_name":"Golden Wing","floor":5,"gold_loss":0},{"damage_healed":0,"gold_gain":0,"cards_transformed":["Strike_G"],"player_choice":"Transformed","damage_taken":0,"max_hp_gain":0,"max_hp_loss":0,"event_name":"Transmorgrifier","floor":8,"gold_loss":0,"cards_obtained":["Endless Agony"]},{"damage_healed":0,"gold_gain":99,"player_choice":"Stole From Cult","damage_taken":0,"max_hp_gain":0,"max_hp_loss":0,"event_name":"Nest","floor":22,"gold_loss":0},{"damage_healed":0,"gold_gain":0,"player_choice":"Bought 0 Potions","damage_taken":0,"max_hp_gain":0,"max_hp_loss":0,"event_name":"The Woman in Blue","floor":29,"gold_loss":0},{"damage_healed":0,"gold_gain":0,"player_choice":"Fight","damage_taken":0,"max_hp_gain":0,"max_hp_loss":0,"event_name":"MindBloom","floor":38,"gold_loss":0},{"damage_healed":0,"gold_gain":0,"player_choice":"Upgraded","damage_taken":0,"max_hp_gain":0,"max_hp_loss":0,"event_name":"Upgrade Shrine","floor":40,"gold_loss":0,"cards_upgraded":["Accuracy"]}],"is_beta":false,"boss_relics":[{"not_picked":["Black Star","Tiny House"],"picked":"Calling Bell"},{"not_picked":["Ring of the Serpent","Velvet Choker"],"picked":"Sozu"}],"items_purged_floors":[0,24,36,53],"is_endless":false,"potions_floor_spawned":[7,11,13,14,16,19,20,21,31,38,39,41,44],"killed_by":"The Heart","ascension_level":0}}