{"host":"yvs6unqb0m2j26b0","time":1609882650,"event":{"mods":["AchievementEnabler","BaseMod","Colored Map","Colored Powertips","Minty Spire (QoL Compilation)"],"gold_per_floor":[11,23,39,39,50,83,6,6,54,64,75,75,90,108,108,213,213,228,243,260,31,31,31,31],"floor_reached":23,"playtime":1591,"items_purged":["Strike_B"],"score":197,"play_id":"afd6ec8e-58de-4167-aabd-f3322b8d68ff","local_time":"20210105193730","is_ascension_mode":false,"campfire_choices":[{"data":"Rainbow","floor":8,"key":"SMITH"},{"floor":12,"key":"REST"},{"data":"Chill","floor":15,"key":"SMITH"}],"circlet_count":0,"master_deck":["Strike_B+1","Defend_B","Defend_B","Defend_B","Defend_B","Zap","Dualcast","Cold Snap","FTL","FTL","Coolheaded","Barrage+1","Rainbow+1","Lockon","BootSequence","Chill+1","White Noise","Thunder Strike","Streamline+1","Chill","Compile Driver"],"relics":["Cracked Core","Pantograph","Whetstone","Nuclear Battery","HandDrill"],"acts_visited":["Exordium","TheCity"],"potions_floor_usage":[6,16,16,23],"damage_taken":[{"damage":2,"enemies":"2 Louse","floor":1,"turns":3},{"damage":0,"enemies":"Cultist","floor":2,"turns":3},{"damage":6,"enemies":"Jaw Worm","floor":3,"turns":3},{"damage":27,"enemies":"Gremlin Gang","floor":5,"turns":4},{"damage":7,"enemies":"3 Sentries","floor":6,"turns":6},{"damage":6,"enemies":"Lots of Slimes","floor":10,"turns":4},{"damage":10,"enemies":"Large Slime","floor":11,"turns":4},{"damage":0,"enemies":"Looter","floor":13,"turns":3},{"damage":0,"enemies":"2 Fungi Beasts","floor":14,"turns":3},{"damage":26,"enemies":"The Guardian","floor":16,"turns":10},{"damage":7,"enemies":"2 Thieves","floor":18,"turns":4},{"damage":13,"enemies":"Spheric Guardian","floor":19,"turns":4},{"damage":4,"enemies":"Snecko","floor":20,"turns":4},{"damage":86,"enemies":"Gremlin Leader","floor":23,"turns":4}],"seed_played":"-4920685442417274386","potions_obtained":[{"floor":3,"key":"BlessingOfTheForge"},{"floor":4,"key":"GamblersBrew"},{"floor":4,"key":"EssenceOfSteel"},{"floor":5,"key":"DuplicationPotion"},{"floor":11,"key":"Fruit Juice"},{"floor":18,"key":"Fire Potion"},{"floor":19,"key":"SpeedPotion"},{"floor":20,"key":"Swift Potion"}],"is_trial":false,"path_per_floor":["M","M","M","?","M","E","$","R","T","M","M","R","M","M","R","B",null,"M","M","M","$","?","E"],"character_chosen":"DEFECT","items_purchased":["Rainbow","HandDrill"],"campfire_rested":1,"item_purchase_floors":[7,21],"current_hp_per_floor":[73,73,67,67,40,33,33,33,33,27,17,39,39,39,39,43,80,73,60,56,56,80,0,0],"gold":31,"neow_bonus":"REMOVE_TWO","is_daily":false,"chose_seed":false,"campfire_upgraded":2,"win_rate":0.0,"timestamp":1609882650,"path_taken":["M","M","M","?","M","E","?","R","T","M","M","R","M","M","R","BOSS","M","M","M","$","?","E"],"items_purchased_type":["Card","Relic"],"build_version":"2020-12-22","purchased_purges":1,"victory":false,"max_hp_per_floor":[75,75,75,75,75,75,75,75,75,75,75,75,75,75,75,80,80,80,80,80,80,80,80,80],"card_choices":[{"not_picked":["Rip and Tear","Streamline"],"picked":"Cold Snap","floor":1},{"not_picked":["Steam Power","Fusion"],"picked":"FTL","floor":2},{"not_picked":["Redo","Doom and Gloom"],"picked":"FTL","floor":3},{"not_picked":["Barrage","Go for the Eyes"],"picked":"Coolheaded","floor":5},{"not_picked":["Compile Driver","Stack"],"picked":"Barrage","floor":6},{"not_picked":["Double Energy","Reboot"],"picked":"Lockon","floor":10},{"not_picked":["Genetic Algorithm","Sweeping Beam"],"picked":"BootSequence","floor":11},{"not_picked":["Leap","Skim"],"picked":"Chill","floor":13},{"not_picked":["Leap","Hologram"],"picked":"White Noise","floor":14},{"not_picked":["Seek","Amplify"],"picked":"Thunder Strike","floor":16},{"not_picked":["Leap","Reinforced Body"],"picked":"Streamline+1","floor":18},{"not_picked":["Undo+1","Hologram"],"picked":"Chill","floor":19},{"not_picked":["Steam Power","Beam Cell"],"picked":"Compile Driver","floor":20}],"player_experience":38530,"relics_obtained":[{"floor":6,"key":"Pantograph"},{"floor":9,"key":"Whetstone"}],"event_choices":[{"damage_healed":0,"gold_gain":0,"player_choice":"Got Potions","damage_taken":0,"max_hp_gain":0,"max_hp_loss":0,"event_name":"Lab","floor":4,"gold_loss":0},{"damage_healed":26,"gold_gain":0,"player_choice":"Heal","damage_taken":0,"max_hp_gain":0,"max_hp_loss":0,"event_name":"The Library","floor":22,"gold_loss":0}],"is_beta":false,"boss_relics":[{"not_picked":["Cursed Key","SacredBark"],"picked":"Nuclear Battery"}],"items_purged_floors":[21],"is_endless":false,"potions_floor_spawned":[3,5,11,18,19,20],"killed_by":"Gremlin Leader","ascension_level":0}}