{"host":"0nfdmr2b19ur4mbc","time":1609838524,"event":{"mods":["2.2 Compatiblity","AchievementEnabler","Aspiration","BaseMod","Better Match","Better Note","Better Third Choice","Better Vampires","Disable Question Mark Monsters","Googly Eyes","Hubris","Infinite Spire","Minty Spire (QoL Compilation)","Quick Restart","Rare Cards Sparkle","Replay The Spire","StSLib"],"gold_per_floor":[119,119,139,139,139,271,271,282,282,411,411,522,487,602,602,803,803,920,920,466,466,580,715,729,741,741,841,852,885,915,354,354,452,452,467,481,481,481,491,521,521,294,321,157,175,206,206,237,237,237,237,237,55,87,87],"floor_reached":56,"playtime":2590,"items_purged":["Voices","Defend_R","Defend_R","Defend_R"],"score":1753,"play_id":"104808b7-d080-4f03-bfe9-c86d9ba4afbd","local_time":"20210105102204","is_ascension_mode":true,"campfire_choices":[{"data":"Hemokinesis","floor":11.0,"key":"SMITH"},{"data":"ReplayTheSpireMod:Muscle Training","floor":15.0,"key":"SMITH"},{"data":"Limit Break","floor":32.0,"key":"SMITH"},{"floor":41,"key":"RECALL"},{"data":"Demon Form","floor":47,"key":"SMITH"},{"data":"Apotheosis","floor":49,"key":"SMITH"},{"floor":52,"key":"REST"}],"circlet_count":0,"master_deck":["Strike_R","Strike_R","Strike_R","Strike_R","Strike_R","Defend_R","Bash","Perfected Strike+1","ReplayTheSpireMod:Muscle Training+1","Pommel Strike","Hemokinesis+1","Rampage","Anger","Reaper","Anger","J.A.X.+1","Master of Strategy","Carnage","Second Wind+1","Flex","Spot Weakness","ReplayTheSpireMod:Corrosion Curse+1","Shockwave","Limit Break+1","Midas Touch","ReplayTheSpireMod:Private Reserves","Demon Form+1","Perfected Strike+1","ReplayTheSpireMod:Stacked","Uppercut","Anger+1","Impervious","Apotheosis+1","Secret Weapon","The Bomb","Perfected Strike+1","Heavy Blade+1","Shockwave+1","Fire Breathing+1","Replay:Dark Deal","Inflame+1"],"relics":["Burning Blood","aspiration:Nostalgia","infinitespire:DarkRift","hubris:Icosahedron","Mummified Hand","Toy Ornithopter","hubris:SphereOfDissonance","hubris:Potato","hubris:HollowSoul","aspiration:StickyExplosives_weak","infinitespire:Joker Card","Replay:Ringing Soul","Peace Pipe","hubris:TinFlute","Blue Candle","Red Mask","Replay:Baseball","Electric Blood","Counterbalance","Potion Belt","ReplayTheSpireMod:ShopPack","Gremlin Food","King of Hearts","PreservedInsect","Mango"],"acts_visited":["Exordium","TheCity","TheBeyond","TheEnding"],"potions_floor_usage":[40,50,55,55],"damage_taken":[{"damage":0.0,"enemies":"2 Louse","floor":1.0,"turns":2.0},{"damage":0.0,"enemies":"Cultist","floor":3.0,"turns":2.0},{"damage":31.0,"enemies":"Gremlin Nob","floor":6.0,"turns":4.0},{"damage":12.0,"enemies":"Jaw Worm","floor":8.0,"turns":2.0},{"damage":24.0,"enemies":"Replay:BlueRogue","floor":10.0,"turns":4.0},{"damage":8.0,"enemies":"3 Louse","floor":12.0,"turns":3.0},{"damage":2.0,"enemies":"2 Fungi Beasts","floor":14.0,"turns":2.0},{"damage":58.0,"enemies":"Fading Forest","floor":16.0,"turns":11.0},{"damage":33.0,"enemies":"3 Byrds","floor":18.0,"turns":3.0},{"damage":7.0,"enemies":"Chosen","floor":22.0,"turns":3.0},{"damage":54.0,"enemies":"Book of Stabbing","floor":23.0,"turns":4.0},{"damage":38.0,"enemies":"3 Cultists","floor":24.0,"turns":5.0},{"damage":24.0,"enemies":"Shelled Parasite and Fungi","floor":25.0,"turns":3.0},{"damage":5.0,"enemies":"Colosseum Slavers","floor":27.0,"turns":2.0},{"damage":7.0,"enemies":"Colosseum Nobs","floor":27.0,"turns":2.0},{"damage":3.0,"enemies":"Cultist and Chosen","floor":28.0,"turns":4.0},{"damage":12.0,"enemies":"Gremlin Leader","floor":29.0,"turns":3.0},{"damage":54.0,"enemies":"Masked Bandits","floor":30.0,"turns":4.0},{"damage":60.0,"enemies":"Automaton","floor":33.0,"turns":5.0},{"damage":12.0,"enemies":"Orb Walker","floor":35.0,"turns":3.0},{"damage":8.0,"enemies":"3 Shapes","floor":36.0,"turns":2.0},{"damage":29,"enemies":"Spire Growth","floor":39,"turns":3},{"damage":6,"enemies":"R_Hoarder","floor":40,"turns":4},{"damage":4,"enemies":"Maw","floor":45,"turns":5},{"damage":9,"enemies":"Giant Head","floor":46,"turns":4},{"damage":44,"enemies":"Nightmare","floor":48,"turns":6},{"damage":45,"enemies":"hubris:GrandSnecko","floor":50,"turns":6},{"damage":16,"enemies":"Shield and Spear","floor":54,"turns":3},{"damage":109,"enemies":"The Heart","floor":55,"turns":7}],"seed_played":"-809729776101493663","potions_obtained":[{"floor":8.0,"key":"GamblersBrew"},{"floor":10.0,"key":"Block Potion"},{"floor":12.0,"key":"Explosive Potion"},{"floor":22.0,"key":"ElixirPotion"},{"floor":27.0,"key":"SkillPotion"},{"floor":30.0,"key":"Adrenaline Potion"},{"floor":33.0,"key":"LiquidMemories"},{"floor":36.0,"key":"Weak Potion"},{"floor":46,"key":"Swift Potion"},{"floor":54,"key":"GamblersBrew"}],"is_trial":false,"path_per_floor":["M","?","M","$","?","E","?","M","T","E","R","M","?","M","R","B",null,"M","?","$","?","M","E","M","M","T","?","M","E","?","$","R","B",null,"M","M","AVR","?","M","E","R","$","T","$","M","E","R","NM","R","B",null,"R","$","E","B",null],"character_chosen":"IRONCLAD","items_purchased":["aspiration:StickyExplosives_weak","Master of Strategy","Carnage","Replay:Baseball","Midas Touch","DuplicationPotion","ReplayTheSpireMod:Private Reserves","ReplayTheSpireMod:ShopPack","Perfected Strike+1","Replay:Dark Deal"],"campfire_rested":1,"item_purchase_floors":[20,20,20,31,31,31,31,42,44,53],"current_hp_per_floor":[78,78,80,80,80,55,55,74,74,56,56,54,74,78,78,54,74,55,55,55,55,64,32,65,54,54,79,91,93,49,52,52,53,91,98,110,110,113,106,119,119,122,122,125,128,131,131,113,113,117,130,134,137,144,109],"gold":87,"neow_bonus":"NOSTALGIA","is_daily":false,"chose_seed":false,"campfire_upgraded":5,"win_rate":0.0,"timestamp":1609838524,"path_taken":["M","?","?","?","?","E","?","M","T","E","R","M","?","?","R","BOSS","M","?","$","?","M","E","M","?","T","?","M","E","?","$","R","BOSS","M","M","AVR","?","?","E","R","$","T","$","?","E","R","NM","R","BOSS","R","$","E","BOSS"],"items_purchased_type":["Relic","Card","Card","Relic","Card","Potion","Card","Relic","Card","Card"],"build_version":"2020-12-22","purchased_purges":4,"victory":true,"max_hp_per_floor":[80,80,80,80,80,80,80,80,80,80,80,80,80,80,80,80,80,80,80,80,80,80,83,86,89,89,92,92,95,98,101,101,104,104,107,110,110,113,116,119,119,122,122,125,128,131,131,134,134,134,134,134,137,154,154],"card_choices":[{"not_picked":["Hemokinesis","Body Slam"],"picked":"Perfected Strike","floor":1.0},{"not_picked":["hubris:ReadiedAction","Wild Strike"],"picked":"ReplayTheSpireMod:Muscle Training","floor":3.0},{"not_picked":["Anger","Dropkick"],"picked":"hubris:ReadiedAction","floor":6.0},{"not_picked":["Warcry","Wild Strike"],"picked":"Pommel Strike","floor":8.0},{"not_picked":["Replay:Undeath\u0027s Touch","ReplayTheSpireMod:Strike From Hell"],"picked":"Hemokinesis","floor":10.0},{"not_picked":["Massacre","Metallicize"],"picked":"Rampage","floor":12.0},{"not_picked":["Twin Strike","Clothesline"],"picked":"Anger","floor":14.0},{"not_picked":["Fiend Fire","Double Tap"],"picked":"Reaper","floor":16.0},{"not_picked":["Metallicize","Clash"],"picked":"Anger","floor":18.0},{"not_picked":["Heavy Blade","Anger","Sword Boomerang"],"picked":"SKIP","floor":22.0},{"not_picked":["True Grit","Clash"],"picked":"Second Wind+1","floor":23.0},{"not_picked":["Wild Strike+1","ReplayTheSpireMod:Strike From Hell"],"picked":"Flex","floor":24.0},{"not_picked":["Corruption","Heavy Blade"],"picked":"Spot Weakness","floor":25.0},{"not_picked":["Clash","Uppercut+1"],"picked":"ReplayTheSpireMod:Corrosion Curse+1","floor":27.0},{"not_picked":["Heavy Blade+1","Havoc+1","Headbutt"],"picked":"SKIP","floor":28.0},{"not_picked":["Heavy Blade+1","Havoc+1","Headbutt"],"picked":"SKIP","floor":28.0},{"not_picked":["Cleave","Shrug It Off"],"picked":"Shockwave","floor":29.0},{"not_picked":["ReplayTheSpireMod:Corrosion Curse","infinitespire:OneForAll+1"],"picked":"Limit Break","floor":30.0},{"not_picked":["Juggernaut","Brutality"],"picked":"Demon Form","floor":33.0},{"not_picked":["Sword Boomerang","Warcry+1"],"picked":"Perfected Strike+1","floor":35.0},{"not_picked":["Clothesline","hubris:CleavingFinish+1"],"picked":"ReplayTheSpireMod:Stacked","floor":36.0},{"not_picked":["Wild Strike+1","True Grit"],"picked":"Anger+1","floor":39},{"not_picked":["Second Wind","Headbutt"],"picked":"Impervious","floor":40},{"not_picked":["Secret Technique","HandOfGreed"],"picked":"Apotheosis","floor":42},{"not_picked":["Flash of Steel","Impatience"],"picked":"Secret Weapon","floor":42},{"not_picked":["Madness","hubris:Insight"],"picked":"The Bomb","floor":42},{"not_picked":["ReplayTheSpireMod:LeadingStrike","ReplayTheSpireMod:Corrosion Curse"],"picked":"Heavy Blade+1","floor":45},{"not_picked":["Feel No Pain","hubris:SharpeningStone"],"picked":"Shockwave+1","floor":46},{"not_picked":["Rage","Clothesline"],"picked":"Fire Breathing+1","floor":48},{"not_picked":["Spot Weakness+1","hubris:CleavingFinish"],"picked":"Inflame+1","floor":54}],"player_experience":133758,"relics_obtained":[{"floor":6.0,"key":"Mummified Hand"},{"floor":7.0,"key":"Toy Ornithopter"},{"floor":9.0,"key":"hubris:SphereOfDissonance"},{"floor":10.0,"key":"hubris:Potato"},{"floor":23.0,"key":"Replay:Ringing Soul"},{"floor":27.0,"key":"Peace Pipe"},{"floor":27.0,"key":"hubris:TinFlute"},{"floor":29.0,"key":"Blue Candle"},{"floor":30.0,"key":"Red Mask"},{"floor":40,"key":"Potion Belt"},{"floor":43,"key":"Gremlin Food"},{"floor":46,"key":"King of Hearts"},{"floor":48,"key":"PreservedInsect"},{"floor":54,"key":"Mango"}],"event_choices":[{"damage_healed":0.0,"max_hp_gain":0.0,"max_hp_loss":0.0,"gold_gain":0.0,"event_name":"Upgrade Shrine","player_choice":"Upgraded","floor":2.0,"gold_loss":0.0,"damage_taken":0.0,"cards_upgraded":["Perfected Strike"]},{"damage_healed":20.0,"max_hp_gain":0.0,"max_hp_loss":0.0,"gold_gain":0.0,"event_name":"The Cleric","player_choice":"Healed","floor":13.0,"gold_loss":35.0,"damage_taken":0.0},{"damage_healed":0.0,"max_hp_gain":0.0,"max_hp_loss":0.0,"gold_gain":0.0,"event_name":"Drug Dealer","player_choice":"Obtain J.A.X.","floor":19.0,"gold_loss":0.0,"damage_taken":0.0,"cards_obtained":["J.A.X."]},{"damage_healed":0.0,"max_hp_gain":0.0,"max_hp_loss":0.0,"gold_gain":0.0,"event_name":"Colosseum","player_choice":"Fight","floor":27.0,"gold_loss":0.0,"damage_taken":0.0},{"damage_healed":0.0,"max_hp_gain":0.0,"max_hp_loss":0.0,"gold_gain":0.0,"event_name":"Colosseum","player_choice":"Fought Nobs","floor":27.0,"gold_loss":0.0,"damage_taken":0.0},{"damage_healed":0.0,"max_hp_gain":0.0,"max_hp_loss":0.0,"gold_gain":0.0,"event_name":"Masked Bandits","player_choice":"Fought Bandits","floor":30.0,"gold_loss":0.0,"damage_taken":0.0},{"damage_healed":0,"gold_gain":0,"cards_transformed":["hubris:ReadiedAction"],"player_choice":"Transformed","damage_taken":0,"max_hp_gain":0,"max_hp_loss":0,"event_name":"Transmorgrifier","floor":38,"gold_loss":0,"cards_obtained":["Uppercut"]}],"is_beta":false,"boss_relics":[{"not_picked":["Mark of Pain","aspiration:RitualDagger"],"picked":"hubris:HollowSoul"},{"not_picked":["SlaversCollar","Empty Cage"],"picked":"Electric Blood"}],"items_purged_floors":[31,37,42,44],"is_endless":false,"potions_floor_spawned":[8,10,12,14,22,27,27,30,33,36,39,46,54],"ascension_level":6}}