{"host":"y6h8h5dnjuludn40","time":1609821721,"event":{"mods":["BaseMod","Colored Map","Colored Powertips","Googly Eyes","Hermit","Minty Spire (QoL Compilation)","Replay The Spire","StSLib","The Construct","The Hierophant"],"gold_per_floor":[111,111,36,51,51,80,80,80,107,148,148,174,188,206,206,311,311,331,331,207,132,7,48,248,270,270,277,277],"floor_reached":27,"playtime":1835,"items_purged":["hermit:Defend_Hermit","hermit:Defend_Hermit","hermit:Defend_Hermit"],"score":239,"play_id":"a17bb7f5-a35b-4a28-935e-a14589354303","local_time":"20210104224201","is_ascension_mode":false,"campfire_choices":[{"data":"hermit:Scavenge","floor":8,"key":"SMITH"},{"data":"hermit:Dive","floor":11,"key":"SMITH"},{"data":"hermit:Quickdraw","floor":15,"key":"SMITH"}],"circlet_count":0,"master_deck":["hermit:Strike_Hermit","hermit:Strike_Hermit","hermit:Strike_Hermit","hermit:Snapshot","hermit:Covet","hermit:Scavenge+1","hermit:CursedWeapon+1","hermit:Dive+1","hermit:HoleUp","hermit:TrackingShot","hermit:EyeOfTheStorm","hermit:Quickdraw+1","hermit:FatalDesire","hermit:ItchyTrigger+1","hermit:Dive","hermit:HighCaliber","hermit:FlashPowder+1","hermit:GoldenBullet+1"],"relics":["hermit:Momento","construct:FoamFinger","Bottled Lightning","Ring of Chaos","Bag of Marbles","Bag of Preparation","Meat on the Bone"],"acts_visited":["Exordium","TheCity"],"potions_floor_usage":[6,10,23],"damage_taken":[{"damage":5,"enemies":"Small Slimes","floor":1,"turns":3},{"damage":0,"enemies":"Cultist","floor":4,"turns":4},{"damage":18,"enemies":"3 Sentries","floor":6,"turns":14},{"damage":14,"enemies":"Lagavulin","floor":10,"turns":7},{"damage":2,"enemies":"Jaw Worm","floor":12,"turns":3},{"damage":2,"enemies":"2 Fungi Beasts","floor":13,"turns":3},{"damage":2,"enemies":"Exordium Thugs","floor":14,"turns":7},{"damage":44,"enemies":"Slime Boss","floor":16,"turns":25},{"damage":2,"enemies":"3 Byrds","floor":18,"turns":10},{"damage":56,"enemies":"Gremlin Leader","floor":23,"turns":10},{"damage":2,"enemies":"Chosen","floor":25,"turns":3},{"damage":4,"enemies":"Sentry and Sphere","floor":27,"turns":2}],"seed_played":"-2201979114144711687","potions_obtained":[{"floor":1,"key":"LiquidMemories"},{"floor":4,"key":"Flashbang"},{"floor":18,"key":"ColorlessPotion"},{"floor":23,"key":"construct:ShiftPotion"}],"is_trial":false,"path_per_floor":["M","?","$","M","?","E","$","R","T","E","R","M","M","M","R","B",null,"M","?","$","?","$","E","?","M","T","M"],"character_chosen":"HERMIT","items_purchased":["hermit:Dive"],"campfire_rested":0,"item_purchase_floors":[20],"current_hp_per_floor":[70,85,85,85,85,67,67,67,67,53,53,51,49,47,47,3,85,83,83,83,83,83,27,6,4,4,0,0],"gold":277,"neow_bonus":"RANDOM_EVENT","is_daily":false,"chose_seed":false,"campfire_upgraded":3,"win_rate":0.0,"timestamp":1609821721,"path_taken":["M","?","?","?","?","E","?","R","T","E","R","M","M","M","R","BOSS","M","?","$","?","$","E","?","M","T","M"],"items_purchased_type":["Card"],"build_version":"2020-12-22","purchased_purges":3,"victory":false,"max_hp_per_floor":[75,85,85,85,85,85,85,85,85,85,85,85,85,85,85,85,85,85,85,85,85,85,85,85,85,85,85,85],"card_choices":[{"not_picked":["hermit:HighCaliber","hermit:Misfire"],"picked":"hermit:Scavenge","floor":1},{"not_picked":["hermit:PistolWhip","hermit:LuckOfTheDraw"],"picked":"hermit:CursedWeapon","floor":4},{"not_picked":["hermit:LoneWolf","hermit:Adapt"],"picked":"hermit:Dive","floor":6},{"not_picked":["hermit:LoneWolf","hermit:Headshot"],"picked":"hermit:HoleUp","floor":10},{"not_picked":["hermit:HoleUp","hermit:Roulette"],"picked":"hermit:TrackingShot","floor":12},{"not_picked":["hermit:Coalescence","hermit:DeadMansHand"],"picked":"hermit:EyeOfTheStorm","floor":13},{"not_picked":["hermit:EyeOfTheStorm","hermit:ItchyTrigger"],"picked":"hermit:Quickdraw","floor":14},{"not_picked":["hermit:Reprieve","hermit:Dissolve"],"picked":"hermit:FatalDesire","floor":16},{"not_picked":["hermit:Roulette","hermit:Dive"],"picked":"hermit:ItchyTrigger+1","floor":18},{"not_picked":["hermit:BodyArmor","hermit:Midnight"],"picked":"hermit:HighCaliber","floor":23},{"not_picked":["hermit:Cheat","hermit:Scavenge"],"picked":"hermit:FlashPowder+1","floor":24},{"not_picked":["hermit:GhostlyPresence","hermit:Grudge+1"],"picked":"hermit:GoldenBullet+1","floor":25}],"player_experience":245905,"relics_obtained":[{"floor":6,"key":"construct:FoamFinger"},{"floor":10,"key":"Bottled Lightning"},{"floor":23,"key":"Bag of Preparation"},{"floor":26,"key":"Meat on the Bone"}],"event_choices":[{"damage_healed":0,"gold_gain":0,"cards_transformed":["hermit:Strike_Hermit"],"player_choice":"Change","damage_taken":0,"max_hp_gain":0,"max_hp_loss":0,"event_name":"Living Wall","floor":0,"gold_loss":0,"cards_obtained":["hermit:FromBeyond"]},{"cards_removed":["hermit:FromBeyond"],"damage_healed":5,"gold_gain":0,"player_choice":"Offered Rare","damage_taken":0,"max_hp_gain":10,"max_hp_loss":0,"event_name":"Bonfire Elementals","floor":2,"gold_loss":0},{"damage_healed":0,"gold_gain":0,"player_choice":"Upgraded","damage_taken":0,"max_hp_gain":0,"max_hp_loss":0,"event_name":"Upgrade Shrine","floor":5,"gold_loss":0,"cards_upgraded":["hermit:CursedWeapon"]},{"cards_removed":["hermit:Defend_Hermit"],"damage_healed":0,"gold_gain":0,"player_choice":"Gave Gold","damage_taken":0,"max_hp_gain":0,"max_hp_loss":0,"event_name":"Beggar","floor":21,"gold_loss":75}],"is_beta":false,"boss_relics":[{"not_picked":["Honey Jar","Tiny House"],"picked":"Ring of Chaos"}],"items_purged_floors":[3,20,22],"is_endless":false,"potions_floor_spawned":[1,4,18,23],"killed_by":"Sentry and Sphere","ascension_level":0}}