{"host":"5dk97cf2ubw2v967","time":1609839035,"event":{"mods":["AlwaysNeverKeys","BaseMod","Better Altar","Better Vampires","Block Reminder","Colored Powertips","Downfall","Googly Eyes","Highlight Path","Minty Spire (QoL Compilation)","Permanent Neow","Potion Indicator Mod","Quick Restart","Relic Filter","Relic Stats","Say the Spire","Spicy Shops","StSLib","Waifu the Spire","everything is the same but u backflip on backflip"],"gold_per_floor":[99,115,132,132,42,42,91,122,64,64,78,78,109,124,143,220,220,145,155,171,56,73,89,115,141,141,91,125,135,135,135,151,222,222,222,235,252,71,121,121,121,121,139,158,174,174,174,174],"floor_reached":46,"playtime":2838,"items_purged":["Guardian:Defend_Guardian","Guardian:Strike_Guardian"],"score":944,"play_id":"c374c547-5c51-4c15-a108-6e24fb0d1775","local_time":"20210105093035","is_ascension_mode":true,"campfire_choices":[{"data":"Guardian:TwinSlam","floor":1,"key":"SMITH"},{"data":"Guardian:BronzeOrb","floor":6,"key":"SMITH"},{"data":"Guardian:FuturePlans","floor":10,"key":"SMITH"},{"data":"Guardian:FierceBash","floor":18,"key":"SMITH"},{"floor":26,"key":"REST"},{"floor":30,"key":"REST"},{"data":"Guardian:Orbwalk","floor":35,"key":"SMITH"},{"data":"Guardian:Clone","floor":40,"key":"SMITH"},{"data":"Guardian:Clone","floor":42,"key":"SMITH"}],"circlet_count":0,"master_deck":["AscendersBane","Guardian:Strike_Guardian","Guardian:Defend_Guardian","Guardian:Defend_Guardian","Guardian:Defend_Guardian","Guardian:CurlUp","Guardian:TwinSlam+1","Guardian:ShieldCharger","Guardian:BronzeOrb+1","Guardian:FloatingOrbs","Guardian:FuturePlans+1","Guardian:ShieldCharger","Guardian:ChargeCore","Guardian:PolyBeam","Guardian:FierceBash+1","Guardian:Clone+1","Guardian:Orbwalk","Guardian:TimeCapacitor","Guardian:Suspension+1","Guardian:Clone+1","Guardian:ChargeUp","Guardian:TimeCapacitor","Guardian:Orbwalk+1","Guardian:Clone+1","Guardian:Incinerate","Guardian:SphericShield","Guardian:ChargeCore+1","Guardian:Gem_Purple","Guardian:Orbwalk+1","Guardian:PolyBeam"],"relics":["Guardian:ModeShifter","Thread and Needle","Toy Ornithopter","Omamori","StoneCalendar","MealTicket","Philosopher\u0027s Stone","downfall:HeartBlessingGreen","Lantern","Frozen Eye","Dream Catcher","Calling Bell","Art of War","Ornamental Fan","Pocketwatch","Guardian:BottledStasis","Mummified Hand"],"acts_visited":["Exordium","TheCity","TheBeyond"],"potions_floor_usage":[8,13,16,20,22,25,29,33,33],"damage_taken":[{"damage":0,"enemies":"Jaw Worm","floor":2,"turns":4},{"damage":3,"enemies":"Small Slimes","floor":3,"turns":4},{"damage":0,"enemies":"downfall:FleeingMerchant","floor":5,"turns":4},{"damage":12,"enemies":"Gremlin Nob","floor":8,"turns":5},{"damage":3,"enemies":"downfall:FleeingMerchant","floor":9,"turns":4},{"damage":0,"enemies":"Cultist","floor":11,"turns":4},{"damage":5,"enemies":"Lagavulin","floor":13,"turns":6},{"damage":0,"enemies":"Large Slime","floor":14,"turns":6},{"damage":2,"enemies":"Lots of Slimes","floor":15,"turns":4},{"damage":5,"enemies":"downfall:Ironclad","floor":16,"turns":10},{"damage":0,"enemies":"Chosen","floor":19,"turns":5},{"damage":21,"enemies":"3 Byrds","floor":20,"turns":3},{"damage":5,"enemies":"downfall:FleeingMerchant","floor":21,"turns":4},{"damage":11,"enemies":"Shelled Parasite and Fungi","floor":22,"turns":4},{"damage":10,"enemies":"3 Cultists","floor":23,"turns":4},{"damage":30,"enemies":"Book of Stabbing","floor":25,"turns":5},{"damage":48,"enemies":"Gremlin Leader","floor":28,"turns":7},{"damage":6,"enemies":"Snecko","floor":29,"turns":4},{"damage":13,"enemies":"Snake Plant","floor":32,"turns":5},{"damage":10,"enemies":"downfall:Defect","floor":33,"turns":7},{"damage":12,"enemies":"3 Shapes","floor":36,"turns":5},{"damage":8,"enemies":"Orb Walker","floor":37,"turns":6},{"damage":0,"enemies":"downfall:FleeingMerchant","floor":38,"turns":4},{"damage":0,"enemies":"Writhing Mass","floor":43,"turns":6},{"damage":0,"enemies":"Maw","floor":44,"turns":7},{"damage":31,"enemies":"Transient","floor":45,"turns":6},{"damage":25,"enemies":"downfall:FleeingMerchant","floor":46,"turns":2}],"seed_played":"-4699246889338282800","potions_obtained":[{"floor":3,"key":"FearPotion"},{"floor":11,"key":"ColorlessPotion"},{"floor":13,"key":"ColorlessPotion"},{"floor":14,"key":"SpeedPotion"},{"floor":16,"key":"EssenceOfSteel"},{"floor":23,"key":"Strength Potion"},{"floor":25,"key":"FearPotion"},{"floor":29,"key":"Weak Potion"},{"floor":32,"key":"Dexterity Potion"},{"floor":45,"key":"BlessingOfTheForge"}],"is_trial":false,"path_per_floor":["R","M","M","?","$","R","T","E","$","R","M","?","E","M","M","B",null,"R","M","M","$","M","M","T","E","R","?","E","M","R","?","M","B",null,"R","M","M","?","?","R","T","R","M","M","M","$"],"character_chosen":"GUARDIAN","items_purchased":["Guardian:FuturePlans","Guardian:BottledStasis"],"campfire_rested":2,"item_purchase_floors":[9,38],"current_hp_per_floor":[65,65,62,62,62,62,62,53,50,50,50,32,32,32,30,30,56,56,56,40,50,44,34,34,9,28,61,13,12,31,31,18,18,53,53,41,33,33,33,33,33,33,33,33,2,0,0,0],"gold":174,"neow_bonus":"ONE_RARE_RELIC","is_daily":false,"chose_seed":false,"campfire_upgraded":7,"win_rate":0.0,"timestamp":1609839035,"path_taken":["R","M","M","?","$","R","T","E","?","R","M","?","E","M","M","BOSS","R","M","M","$","M","M","T","E","R","?","E","M","R","?","M","BOSS","R","M","M","?","?","R","T","R","?","M","M","$"],"items_purchased_type":["Card","Relic"],"build_version":"2020-12-22","purchased_purges":2,"victory":false,"max_hp_per_floor":[65,65,65,65,65,65,65,65,65,65,65,65,65,65,65,65,65,65,65,65,65,65,65,65,65,65,65,65,65,65,65,65,65,65,65,65,65,65,65,65,65,65,65,65,65,65,65,65],"relic_stats":{"Dream Catcher":1,"counters":[27,135],"Ornamental Fan":[32],"Mummified Hand":[18],"StoneCalendar":[52],"MealTicket":30,"Art of War":[2],"obtain_stats":[{"Guardian:BottledStasis":38,"Lantern":24,"Guardian:ModeShifter":0,"Thread and Needle":0,"StoneCalendar":12,"downfall:HeartBlessingGreen":18,"Omamori":8,"Calling Bell":34,"Frozen Eye":25,"Dream Catcher":28,"Ornamental Fan":34,"Mummified Hand":41,"MealTicket":13,"Philosopher\u0027s Stone":17,"Art of War":34,"Toy Ornithopter":7,"Pocketwatch":34},{"Guardian:BottledStasis":23,"Lantern":15,"Guardian:ModeShifter":0,"Thread and Needle":0,"StoneCalendar":6,"downfall:HeartBlessingGreen":10,"Omamori":4,"Calling Bell":20,"Frozen Eye":16,"Dream Catcher":17,"Ornamental Fan":20,"Mummified Hand":23,"MealTicket":7,"Philosopher\u0027s Stone":10,"Art of War":20,"Toy Ornithopter":3,"Pocketwatch":20},{"Guardian:BottledStasis":114,"Lantern":71,"Guardian:ModeShifter":0,"Thread and Needle":0,"StoneCalendar":25,"downfall:HeartBlessingGreen":51,"Omamori":17,"Calling Bell":99,"Frozen Eye":76,"Dream Catcher":83,"Ornamental Fan":99,"Mummified Hand":114,"MealTicket":31,"Philosopher\u0027s Stone":51,"Art of War":99,"Toy Ornithopter":12,"Pocketwatch":99}],"Toy Ornithopter":43,"Pocketwatch":[15]},"card_choices":[{"not_picked":["Guardian:TemporalStrike","Guardian:VentSteam"],"picked":"Guardian:ShieldCharger","floor":2},{"not_picked":["Guardian:TemporalStrike","Guardian:BronzeArmor"],"picked":"Guardian:BronzeOrb","floor":3},{"not_picked":["Guardian:PiercingHide","Guardian:WalkerClaw"],"picked":"Guardian:Gem_Cyan","floor":5},{"not_picked":["Guardian:VentSteam","Guardian:EvasiveProtocol"],"picked":"Guardian:FloatingOrbs","floor":8},{"not_picked":["Guardian:VentSteam","Guardian:Reroute","Guardian:PrismaticBeam"],"picked":"SKIP","floor":9},{"not_picked":["Guardian:EvasiveProtocol","Guardian:RefractedBeam"],"picked":"Guardian:ShieldCharger","floor":11},{"not_picked":["Guardian:RollAttack","Guardian:FastForward"],"picked":"Guardian:Gem_Yellow","floor":13},{"not_picked":["Guardian:Incinerate","Guardian:PrimingBeam"],"picked":"Guardian:ChargeCore","floor":14},{"not_picked":["Guardian:ShieldCharger","Guardian:EvasiveProtocol"],"picked":"Guardian:PolyBeam","floor":15},{"not_picked":["Guardian:BaubleBeam","Guardian:GemFire"],"picked":"Guardian:FierceBash","floor":16},{"not_picked":["Guardian:PiercingHide","Guardian:ShieldSpikes"],"picked":"Guardian:Clone","floor":19},{"not_picked":["Guardian:CrystalBeam","Guardian:PiercingHide+1"],"picked":"Guardian:Orbwalk","floor":20},{"not_picked":["Guardian:TimeBomb","Guardian:Recover"],"picked":"Guardian:TimeCapacitor","floor":21},{"not_picked":["Guardian:GemFinder","Guardian:PrimingBeam"],"picked":"Guardian:Suspension+1","floor":22},{"not_picked":["Guardian:WalkerClaw","Guardian:Orbwalk"],"picked":"Guardian:Clone+1","floor":23},{"not_picked":["Guardian:Gem_Red","Guardian:FuturePlans"],"picked":"Guardian:ChargeUp","floor":25},{"not_picked":["Guardian:ChargeCore","Guardian:Gem_Lightblue"],"picked":"Guardian:TimeCapacitor","floor":28},{"not_picked":["Guardian:BaubleBeam","Guardian:ChargeCore"],"picked":"Guardian:Orbwalk","floor":29},{"not_picked":["Guardian:TimeBomb","Guardian:PiercingHide"],"picked":"Guardian:Clone","floor":30},{"not_picked":["Guardian:PiercingHide","Guardian:Recover"],"picked":"Guardian:Incinerate","floor":32},{"not_picked":["Guardian:BaubleBeam","Guardian:GemFire"],"picked":"Guardian:SphericShield","floor":33},{"not_picked":["Guardian:Gem_Green","Guardian:FuturePlans+1"],"picked":"Guardian:Gem_Cyan","floor":36},{"not_picked":["Guardian:ArmoredProtocol","Guardian:TemporalShield"],"picked":"Guardian:ChargeCore+1","floor":37},{"not_picked":["Guardian:Gem_Lightblue","Guardian:DonusPower","Guardian:GuardianWhirl+1"],"picked":"SKIP","floor":38},{"not_picked":["Guardian:GuardianWhirl","Guardian:TimeSifter"],"picked":"Guardian:Gem_Purple","floor":43},{"not_picked":["Guardian:Gem_Red","Guardian:Gem_Green"],"picked":"Guardian:Orbwalk+1","floor":44},{"not_picked":["Guardian:ChargeCore","Guardian:EvasiveProtocol+1"],"picked":"Guardian:PolyBeam","floor":45}],"player_experience":1299397,"relics_obtained":[{"floor":7,"key":"Toy Ornithopter"},{"floor":8,"key":"Omamori"},{"floor":13,"key":"MealTicket"},{"floor":24,"key":"Lantern"},{"floor":25,"key":"Frozen Eye"},{"floor":28,"key":"Dream Catcher"},{"floor":34,"key":"Art of War"},{"floor":34,"key":"Ornamental Fan"},{"floor":34,"key":"Pocketwatch"},{"floor":41,"key":"Mummified Hand"}],"event_choices":[{"damage_healed":0,"gold_gain":0,"player_choice":"Success","damage_taken":18,"relics_obtained":["StoneCalendar"],"max_hp_gain":0,"max_hp_loss":0,"event_name":"Scrap Ooze","floor":12,"gold_loss":0}],"is_beta":false,"boss_relics":[{"not_picked":["Velvet Choker","Sozu"],"picked":"Philosopher\u0027s Stone"},{"not_picked":["Black Star","Fusion Hammer"],"picked":"Calling Bell"}],"items_purged_floors":[5,21],"is_endless":false,"potions_floor_spawned":[3,11,13,14,16,23,25,29,32,45],"killed_by":"downfall:FleeingMerchant","ascension_level":20}}