{"host":"5gc11emcm5chfr5t","time":1609851752,"event":{"mods":["2.2 Compatiblity","AchievementEnabler","BaseMod","Bestiary","Better Note","Colored Map","Colored Powertips","Downfall","Googly Eyes","Minty Spire (QoL Compilation)","Rare Cards Sparkle","StSLib"],"gold_per_floor":[99,99,99,115,115,100,100,110,125,152,2,16,16,43,53,130,130,55,67,82,282,295,49,73,58,58,99,126,20,72,97,126,211,238,238,256,256,1273,1292,297,297,297,321,321,94,137,22,48,80,80,80],"floor_reached":50,"playtime":7376,"items_purged":["Normality","Normality"],"score":1469,"play_id":"569e67ea-27d2-41b4-84d7-ccfa15546826","local_time":"20210105080231","is_ascension_mode":true,"campfire_choices":[{"floor":1.0,"key":"RECALL"},{"floor":11.0,"key":"REST"},{"floor":13.0,"key":"REST"},{"data":"sneckomod:MorePower","floor":18.0,"key":"SMITH"},{"floor":26.0,"key":"REST"},{"data":"sneckomod:MorePower","floor":35.0,"key":"SMITH"},{"floor":44.0,"key":"REST"}],"circlet_count":0,"master_deck":["AscendersBane","sneckomod:TailWhip","sneckomod:SnekBite","sneckomod:Unknown+2","sneckomod:UnknownClassTHE_CHAMP_GRAY","sneckomod:ImprovisedAttack","sneckomod:MorePower+1","sneckomod:SerpentIdol+1","sneckomod:SoulCleanse","sneckomod:UnknownEthereal+1","sneckomod:WideSting","sneckomod:UnknownRarePower+1","sneckomod:CheapStock","sneckomod:UnknownClassBLUE+1","sneckomod:DiceBlock","sneckomod:UnknownRarePower+1","sneckomod:SoulRoll","sneckomod:UnknownClassPURPLE+1","sneckomod:SoulRoll","sneckomod:UnknownClassRED+1","sneckomod:UnknownColorless+1","sneckomod:MorePower+1","sneckomod:UnknownUncommonPower+1","sneckomod:UnknownDexterity+1","sneckomod:UnknownVulnerable+2","sneckomod:UnknownStrength+1","sneckomod:UnknownRarePower+1","sneckomod:UnknownColorless","CurseOfTheBell","sneckomod:SoulRoll+1","sneckomod:UnknownClassGREEN+1","sneckomod:DiceBlock","hexamod:Haunted","sneckomod:Unknown3Cost+1","sneckomod:SerpentIdol","sneckomod:UnknownColorless+1","sneckomod:SoulCleanse","sneckomod:UnknownRareAttack","sneckomod:UnknownRareSkill","sneckomod:UnknownRarePower","sneckomod:Unknown3Cost+1","sneckomod:SerpentIdol+1","sneckomod:QuickBite","expansioncontent:HyperBeam","sneckomod:UnknownRareAttack+1","sneckomod:QuickMove","sneckomod:UnknownRareSkill+1","sneckomod:UnknownColorless","sneckomod:MorePower+1","sneckomod:DefensiveFlair+1","sneckomod:UnknownStrike+1","expansioncontent:StudyTheSpire","sneckomod:SnakeSap+1","Panache","sneckomod:UnknownRareAttack+1","sneckomod:UnknownRarePower+1","sneckomod:SlitherStrike+1","expansioncontent:AwakenDeath","sneckomod:UnknownRareSkill+1","sneckomod:UnknownColorless+1"],"relics":["Pandora\u0027s Box","sneckomod:ConfusingCodex","Orichalcum","downfall:HeartBlessingRed","downfall:HeartBlessingBlue","Lizard Tail","Calling Bell","Pen Nib","The Courier","CaptainsWheel","downfall:HeartBlessingGreen","sneckomod:RareBoosterPack","Bronze Scales","CeramicFish","Potion Belt","Anchor","Strawberry","Pocketwatch","Astrolabe","Strange Spoon","PreservedInsect","Juzu Bracelet","Art of War","Gremlin Horn","Singing Bowl","Bottled Flame"],"acts_visited":["Exordium","TheCity","TheBeyond"],"potions_floor_usage":[48,48,50],"damage_taken":[{"damage":12.0,"enemies":"Small Slimes","floor":4.0,"turns":3.0},{"damage":0.0,"enemies":"downfall:FleeingMerchant","floor":6.0,"turns":4.0},{"damage":9.0,"enemies":"Jaw Worm","floor":8.0,"turns":2.0},{"damage":0.0,"enemies":"Cultist","floor":9.0,"turns":4.0},{"damage":8.0,"enemies":"Lagavulin","floor":10.0,"turns":10.0},{"damage":6.0,"enemies":"Exordium Wildlife","floor":12.0,"turns":2.0},{"damage":0.0,"enemies":"Gremlin Nob","floor":14.0,"turns":3.0},{"damage":0.0,"enemies":"Exordium Thugs","floor":15.0,"turns":5.0},{"damage":15.0,"enemies":"downfall:Watcher","floor":16.0,"turns":7.0},{"damage":1.0,"enemies":"3 Byrds","floor":19.0,"turns":3.0},{"damage":43.0,"enemies":"Cultist and Chosen","floor":20.0,"turns":7.0},{"damage":12.0,"enemies":"Snake Plant","floor":22.0,"turns":4.0},{"damage":0.0,"enemies":"downfall:FleeingMerchant","floor":23.0,"turns":4.0},{"damage":0.0,"enemies":"downfall:FleeingMerchant","floor":25.0,"turns":4.0},{"damage":10.0,"enemies":"Book of Stabbing","floor":27.0,"turns":4.0},{"damage":25.0,"enemies":"Snecko","floor":28.0,"turns":5.0},{"damage":15.0,"enemies":"downfall:FleeingMerchant","floor":29.0,"turns":4.0},{"damage":0.0,"enemies":"Slavers","floor":30.0,"turns":3.0},{"damage":0.0,"enemies":"Chosen and Byrds","floor":31.0,"turns":3.0},{"damage":27.0,"enemies":"Cultist and Chosen","floor":32.0,"turns":6.0},{"damage":42.0,"enemies":"downfall:Ironclad","floor":33.0,"turns":6.0},{"damage":7.0,"enemies":"3 Darklings","floor":36.0,"turns":3.0},{"damage":0.0,"enemies":"3 Shapes","floor":39.0,"turns":5.0},{"damage":9.0,"enemies":"Writhing Mass","floor":43.0,"turns":5.0},{"damage":95.0,"enemies":"Transient","floor":46.0,"turns":6.0},{"damage":6,"enemies":"Nemesis","floor":48,"turns":3},{"damage":8,"enemies":"Sphere and 2 Shapes","floor":49,"turns":3},{"damage":35,"enemies":"downfall:Silent","floor":50,"turns":9}],"seed_played":"6799960971590652857","potions_obtained":[{"floor":5.0,"key":"champ:CounterPotion"},{"floor":5.0,"key":"EssenceOfSteel"},{"floor":12.0,"key":"Weak Potion"},{"floor":20.0,"key":"EssenceOfSteel"},{"floor":22.0,"key":"SkillPotion"},{"floor":27.0,"key":"Weak Potion"},{"floor":31.0,"key":"DistilledChaos"},{"floor":48,"key":"PowerPotion"}],"is_trial":false,"path_per_floor":["R","?","?","M","?","$","T","M","M","E","R","M","R","E","M","B",null,"R","M","M","?","M","$","T","$","R","E","M","$","E","M","M","B",null,"R","M","?","?","M","?","T","?","M","R","$","M","$","E","M","B"],"character_chosen":"THE_SNECKO","items_purchased":["sneckomod:RareBoosterPack","Fruit Juice","Potion Belt","Anchor","Strawberry","expansioncontent:HyperBeam","Strange Spoon","PreservedInsect","Juzu Bracelet","expansioncontent:StudyTheSpire","Art of War","Gremlin Horn","Regen Potion","Panache","expansioncontent:AwakenDeath","Block Potion"],"campfire_rested":4,"item_purchase_floors":[23,23,29,29,29,29,40,40,40,40,40,40,40,45,47,47],"current_hp_per_floor":[75,64,64,52,52,52,52,43,43,43,80,74,93,93,93,78,89,89,88,50,50,38,43,43,43,72,62,37,44,44,44,21,52,92,92,85,85,85,85,85,85,85,78,107,107,14,14,27,21,0,0],"gold":80,"neow_bonus":"BOSS_RELIC","is_daily":false,"chose_seed":false,"campfire_upgraded":2,"win_rate":0.0,"timestamp":1609851751,"path_taken":["R","?","?","?","?","?","T","M","M","E","R","M","R","E","M","BOSS","R","M","M","?","M","?","T","$","R","E","M","$","E","M","M","BOSS","R","M","?","?","M","?","T","?","M","R","$","M","$","E","M","BOSS"],"items_purchased_type":["Relic","Potion","Relic","Relic","Relic","Card","Relic","Relic","Relic","Card","Relic","Relic","Potion","Card","Card","Potion"],"build_version":"2020-12-22","purchased_purges":2,"victory":false,"max_hp_per_floor":[83,83,83,83,83,83,83,83,83,83,93,93,93,93,93,93,93,93,93,93,93,93,98,98,98,98,98,98,105,105,105,105,105,105,105,105,105,105,105,105,105,105,107,107,107,109,109,113,115,115,115],"card_choices":[{"not_picked":["sneckomod:UnknownClassRED+1","sneckomod:Unknown2Cost+1"],"picked":"sneckomod:UnknownEthereal+1","floor":4.0},{"not_picked":["sneckomod:DiceBlock","sneckomod:QuickMove"],"picked":"sneckomod:WideSting","floor":4.0},{"not_picked":["sneckomod:UnknownEthereal+1","sneckomod:UnknownClassGUARDIAN+1"],"picked":"sneckomod:UnknownRarePower+1","floor":6.0},{"not_picked":["sneckomod:SoulDraw","sneckomod:UnknownCommonAttack"],"picked":"sneckomod:CheapStock","floor":6.0},{"not_picked":["sneckomod:Unknown1Cost+1","sneckomod:UnknownStrike+1"],"picked":"sneckomod:UnknownClassBLUE+1","floor":8.0},{"not_picked":["sneckomod:DiceBoulder","sneckomod:SnekBeam"],"picked":"sneckomod:DiceBlock","floor":8.0},{"not_picked":["sneckomod:UnknownClassGREEN+1","sneckomod:UnknownUncommonPower+1"],"picked":"sneckomod:UnknownRarePower+1","floor":9.0},{"not_picked":["sneckomod:Nope","sneckomod:RainOfDice"],"picked":"sneckomod:SoulRoll","floor":9.0},{"not_picked":["sneckomod:UnknownCommonSkill+1","sneckomod:UnknownWeak+1"],"picked":"sneckomod:UnknownClassPURPLE+1","floor":10.0},{"not_picked":["sneckomod:MasterEye","sneckomod:Nope"],"picked":"sneckomod:SoulRoll","floor":10.0},{"not_picked":["sneckomod:UnknownBlock+1","sneckomod:Unknown0Cost+1"],"picked":"sneckomod:UnknownClassRED+1","floor":12.0},{"not_picked":["sneckomod:UnknownClassHEXA_GHOST_PURPLE","sneckomod:UnknownWeak"],"picked":"sneckomod:QuickBite","floor":12.0},{"not_picked":["sneckomod:Unknown2Cost+1","sneckomod:UnknownClassSLIMEBOUND+1"],"picked":"sneckomod:UnknownColorless+1","floor":14.0},{"not_picked":["sneckomod:WideSting","sneckomod:QuickMove"],"picked":"sneckomod:MorePower","floor":14.0},{"not_picked":["sneckomod:UnknownClassPURPLE+1","sneckomod:UnknownClassTHE_CHAMP_GRAY+1"],"picked":"sneckomod:UnknownUncommonPower+1","floor":15.0},{"not_picked":["sneckomod:Unknown+1","sneckomod:UnknownWeak+1"],"picked":"sneckomod:UnknownDexterity+1","floor":15.0},{"not_picked":["sneckomod:UnknownBlock","sneckomod:UnknownStrike"],"picked":"sneckomod:UnknownVulnerable","floor":15.0},{"not_picked":["sneckomod:UnknownClassGREEN+1","sneckomod:UnknownExhaust+1"],"picked":"sneckomod:UnknownStrength+1","floor":16.0},{"not_picked":["sneckomod:Unknown0Cost+1","sneckomod:UnknownBlock+1"],"picked":"sneckomod:UnknownRarePower+1","floor":16.0},{"not_picked":["sneckomod:Cheat","sneckomod:UnknownRareSkill"],"picked":"sneckomod:UnknownColorless","floor":16.0},{"not_picked":["sneckomod:DiceBlock+1","sneckomod:IronFang"],"picked":"sneckomod:SoulRoll+1","floor":19.0},{"not_picked":["sneckomod:UnknownBlock+1","sneckomod:UnknownWeak+1"],"picked":"sneckomod:UnknownClassGREEN+1","floor":20.0},{"not_picked":["sneckomod:QuickBite","sneckomod:Unknown0Cost+1"],"picked":"sneckomod:DiceBlock","floor":20.0},{"not_picked":["sneckomod:UnknownStrike+1","sneckomod:Unknown2Cost+1","sneckomod:UnknownX+1"],"picked":"SKIP","floor":20.0},{"not_picked":["sneckomod:UnknownRareSkill+1","sneckomod:UnknownUncommonPower+1"],"picked":"sneckomod:Unknown3Cost+1","floor":22.0},{"not_picked":["sneckomod:RainOfDice","sneckomod:SoulDraw"],"picked":"sneckomod:SerpentIdol","floor":22.0},{"not_picked":["sneckomod:UnknownEthereal+1","sneckomod:UnknownVulnerable+1"],"picked":"sneckomod:UnknownColorless+1","floor":23.0},{"not_picked":["sneckomod:QuickMove","sneckomod:UnknownCommonAttack"],"picked":"sneckomod:SoulCleanse","floor":23.0},{"not_picked":["sneckomod:UnknownUncommonPower+1","sneckomod:Unknown2Cost+1","sneckomod:UnknownUncommonAttack+1"],"picked":"SKIP","floor":23.0},{"not_picked":["sneckomod:UnknownCommonSkill+1","sneckomod:UnknownClassRED+1","sneckomod:UnknownClassGREEN+1"],"picked":"SKIP","floor":25.0},{"not_picked":["sneckomod:UnknownClassGUARDIAN","sneckomod:Unknown0Cost","sneckomod:UnknownVulnerable"],"picked":"SKIP","floor":25.0},{"not_picked":["sneckomod:Unknown1Cost+1","sneckomod:UnknownVulnerable+1"],"picked":"sneckomod:Unknown3Cost+1","floor":27.0},{"not_picked":["sneckomod:UnknownVulnerable","sneckomod:IronFang"],"picked":"sneckomod:SerpentIdol+1","floor":27.0},{"not_picked":["sneckomod:UnknownWeak","sneckomod:Nope"],"picked":"sneckomod:QuickBite","floor":28.0},{"not_picked":["sneckomod:UnknownVulnerable+1","sneckomod:UnknownClassSLIMEBOUND+1","sneckomod:UnknownUncommonSkill+1"],"picked":"SKIP","floor":28.0},{"not_picked":["sneckomod:UnknownClassGREEN+1","sneckomod:UnknownClassGUARDIAN+1","sneckomod:UnknownUncommonAttack+1"],"picked":"SKIP","floor":29.0},{"not_picked":["sneckomod:DiceBlock","sneckomod:UnknownEthereal","sneckomod:UnknownStrike"],"picked":"SKIP","floor":29.0},{"not_picked":["sneckomod:UnknownClassRED+1","sneckomod:UnknownRareSkill+1"],"picked":"sneckomod:UnknownRareAttack+1","floor":30.0},{"not_picked":["sneckomod:UnknownBlock","sneckomod:SerpentIdol"],"picked":"sneckomod:QuickMove","floor":30.0},{"not_picked":["sneckomod:UnknownClassSLIMEBOUND+1","sneckomod:UnknownCommonSkill+1","sneckomod:UnknownClassHEXA_GHOST_PURPLE+1"],"picked":"SKIP","floor":30.0},{"not_picked":["sneckomod:UnknownBlock","sneckomod:UnknownCommonAttack"],"picked":"sneckomod:QuickMove","floor":31.0},{"not_picked":["sneckomod:UnknownClassBLUE+1","sneckomod:UnknownEthereal+1"],"picked":"sneckomod:UnknownRareSkill+1","floor":32.0},{"not_picked":["sneckomod:UnknownClassPURPLE","sneckomod:Unknown2Cost","sneckomod:WideSting"],"picked":"SKIP","floor":32.0},{"not_picked":["sneckomod:UnlimitedRolls","sneckomod:Cheat"],"picked":"sneckomod:UnknownColorless","floor":33.0},{"not_picked":["sneckomod:UnknownUncommonPower+1","sneckomod:UnknownClassGUARDIAN+1","sneckomod:UnknownX+1"],"picked":"SKIP","floor":36.0},{"not_picked":["sneckomod:MasterEye","sneckomod:UnknownStrike","sneckomod:UnknownDexterity"],"picked":"SKIP","floor":36.0},{"not_picked":["sneckomod:DiceBlock","sneckomod:CheapStock","sneckomod:SoulDraw"],"picked":"SKIP","floor":39.0},{"not_picked":["sneckomod:UnknownStrength+1","sneckomod:UnknownClassBLUE+1","sneckomod:UnknownUncommonAttack+1"],"picked":"Singing Bowl","floor":43.0},{"not_picked":["sneckomod:SoulDraw","sneckomod:QuickMove"],"picked":"sneckomod:SnakeSap+1","floor":43.0},{"not_picked":["sneckomod:UnknownUncommonPower+1","sneckomod:UnknownClassRED+1"],"picked":"sneckomod:UnknownRareAttack+1","floor":46.0},{"not_picked":["sneckomod:UnknownExhaust+1","sneckomod:UnknownClassPURPLE+1","sneckomod:UnknownX+1"],"picked":"Singing Bowl","floor":46.0},{"not_picked":["sneckomod:Unknown0Cost+1","sneckomod:UnknownWeak+1"],"picked":"sneckomod:UnknownRarePower+1","floor":46.0},{"not_picked":["sneckomod:UnknownUncommonAttack","sneckomod:SerpentMind"],"picked":"sneckomod:SlitherStrike+1","floor":46.0},{"not_picked":["sneckomod:UnknownClassPURPLE+1","sneckomod:UnknownVulnerable+1","sneckomod:Unknown+1"],"picked":"Singing Bowl","floor":48},{"not_picked":["sneckomod:SoulCleanse","sneckomod:DiceBoulder","sneckomod:UnknownVulnerable"],"picked":"Singing Bowl","floor":48},{"not_picked":["sneckomod:UnknownWeak+1","sneckomod:UnknownClassPURPLE+1"],"picked":"sneckomod:UnknownRareSkill+1","floor":49},{"not_picked":["sneckomod:UnknownStrength+1","sneckomod:UnknownClassGREEN+1"],"picked":"sneckomod:UnknownColorless+1","floor":49},{"not_picked":["sneckomod:UnknownBlock","sneckomod:DiceBlock","sneckomod:QuickBite+1"],"picked":"Singing Bowl","floor":49}],"player_experience":528475,"relics_obtained":[{"floor":10.0,"key":"Orichalcum"},{"floor":14.0,"key":"Lizard Tail"},{"floor":17.0,"key":"Pen Nib"},{"floor":17.0,"key":"The Courier"},{"floor":17.0,"key":"CaptainsWheel"},{"floor":24.0,"key":"Bronze Scales"},{"floor":27.0,"key":"CeramicFish"},{"floor":30.0,"key":"Pocketwatch"},{"floor":41.0,"key":"Singing Bowl"},{"floor":48,"key":"Bottled Flame"}],"event_choices":[{"damage_healed":0.0,"max_hp_gain":0.0,"max_hp_loss":0.0,"gold_gain":0.0,"event_name":"Scrap Ooze","player_choice":"Success","floor":2.0,"gold_loss":0.0,"damage_taken":11.0,"relics_obtained":["sneckomod:ConfusingCodex"]},{"damage_healed":0.0,"max_hp_gain":0.0,"max_hp_loss":0.0,"gold_gain":0.0,"event_name":"Upgrade Shrine","player_choice":"Upgraded","floor":3.0,"gold_loss":0.0,"damage_taken":0.0,"cards_upgraded":["sneckomod:SerpentIdol"]},{"damage_healed":0.0,"max_hp_gain":0.0,"max_hp_loss":0.0,"gold_gain":0.0,"event_name":"Lab","player_choice":"Got Potions","floor":5.0,"gold_loss":0.0,"damage_taken":0.0},{"cards_removed":["sneckomod:QuickBite"],"damage_healed":0.0,"max_hp_gain":0.0,"max_hp_loss":0.0,"gold_gain":0.0,"event_name":"Falling","player_choice":"Removed Attack","floor":42.0,"gold_loss":0.0,"damage_taken":0.0}],"is_beta":false,"boss_relics":[{"not_picked":["SacredBark","downfall:Hecktoplasm"],"picked":"Calling Bell"},{"not_picked":["Black Star","Philosopher\u0027s Stone"],"picked":"Astrolabe"}],"items_purged_floors":[40,45],"is_endless":false,"potions_floor_spawned":[9,12,15,20,22,27,28,31,48],"killed_by":"downfall:Silent","ascension_level":20}}