{"host":"xjswtcr3kbf32wgr","time":1609846027,"event":{"mods":["Act Like it!","Arknights The Spire","Aspiration","BaseMod","Dota2Spire","Downfall","Lobotomy","Minty Spire (QoL Compilation)","MostiFishMod","Replay The Spire","Ryuuou¡˙Õı","Shop Mod","StSLib","The Cursed","UnlockEverythingMod","Waifu the Spire","[IsaacMod]“‘»ˆº‚À˛","vexMod"],"gold_per_floor":[111,111,121,131,131,131,165,175,199,210,210,239,93,93,176,275,275,294,294,310,220,70,70,99,99,99,118,43,74,92,103,103,172,172,191,191,207,207,207],"floor_reached":38,"playtime":1530,"items_purged":["ats:Strike C"],"score":649,"play_id":"06107fe7-dfd8-40b1-aab5-1a52020e81d5","local_time":"20210105192707","is_ascension_mode":false,"campfire_choices":[{"floor":6,"key":"RECALL"},{"data":"ats:Emotion Absorption","floor":11,"key":"SMITH"},{"data":"ats:Hammer On","floor":11,"key":"SMITH"},{"data":"ats:Roar Of Ursus","floor":23,"key":"SMITH"},{"data":"ats:Sunburst","floor":23,"key":"SMITH"},{"data":"ats:Sword Rain","floor":25,"key":"SMITH"},{"data":"ats:Sword Rain","floor":25,"key":"SMITH"},{"data":"ats:Sword Rain","floor":32,"key":"SMITH"},{"data":"ats:Wolf Pack","floor":32,"key":"SMITH"}],"circlet_count":0,"master_deck":["ats:Armor Crushing Shot","ats:Defend","ats:Defend","ats:Emotion Absorption+1","OldLady","ats:Demon Strength+1","ShyLook","ats:Assault Order+1","MHz","ats:Consecutive Shot Auto","NakedNest","ats:Consecutive Shot Auto","GalaxyChild","ats:Powerful Strike","LongBird","ats:Hammer On+1","GreedKing","ats:Sword Rain+1","VoidDream","ats:Roar Of Ursus+1","CrumblingArmor","ats:Sword Rain+1","ats:Wolf Pack+1","ats:Assault Order","ats:Sunburst+1","Woodsman","Laetitia","ats:Sunburst+1","NothingThere","ats:Sword Rain+1","LittlePrince","Freischutz","ats:Sunburst+1","WallGazer","ats:Wolf Pack","Yin","ats:Hammer On+1"],"relics":["ats:Sanity","HushsDoor","DaveBox","CogitoBucket","PatriotShield","BookOfRevelations","SynthV:TestCard","ats:Originium","Replay:Arrowhead","SkinProphecy","Quantum Egg","HaiYi:Twilight","SynthV","Smiling Mask","aspiration:FrozenJewel","ResearcherNote","UnicornStump","ShadowXiaoBlade","AspirationHeart","AtMidnight","Yang_Lob"],"acts_visited":["Exordium","TheCity","TheBeyond"],"potions_floor_usage":[27],"damage_taken":[{"damage":0,"enemies":"Jaw Worm","floor":1,"turns":1},{"damage":0,"enemies":"2 Louse","floor":3,"turns":1},{"damage":0,"enemies":"Small Slimes","floor":4,"turns":2},{"damage":0,"enemies":"Lagavulin","floor":7,"turns":3},{"damage":0,"enemies":"Blue Slaver","floor":8,"turns":3},{"damage":4,"enemies":"Exordium Thugs","floor":10,"turns":3},{"damage":0,"enemies":"3 Sentries","floor":12,"turns":3},{"damage":13,"enemies":"Hexaghost","floor":16,"turns":4},{"damage":0,"enemies":"3 Byrds","floor":18,"turns":2},{"damage":0,"enemies":"Shell Parasite","floor":20,"turns":3},{"damage":0,"enemies":"Slavers","floor":24,"turns":3},{"damage":16,"enemies":"Centurion and Healer","floor":27,"turns":4},{"damage":0,"enemies":"Gremlin Leader","floor":29,"turns":5},{"damage":0,"enemies":"Snake Plant","floor":30,"turns":2},{"damage":0,"enemies":"Cultist and Chosen","floor":31,"turns":2},{"damage":0,"enemies":"Champ","floor":33,"turns":6},{"damage":2,"enemies":"3 Darklings","floor":35,"turns":7},{"damage":0,"enemies":"3 Shapes","floor":37,"turns":1},{"damage":30,"enemies":"Writhing Mass","floor":38,"turns":1}],"seed_played":"7379765983871073973","potions_obtained":[{"floor":1,"key":"Explosive Potion"},{"floor":4,"key":"ColorlessPotion"},{"floor":27,"key":"SkillPotion"},{"floor":29,"key":"Strength Potion"}],"is_trial":false,"path_per_floor":["M","?","M","M","?","R","E","M","T","M","R","E","$","?","R","B",null,"M","?","M","?","$","R","E","R","T","M","?","E","M","M","R","B",null,"M","?","M","M"],"character_chosen":"DOCTOR_CLASS","items_purchased":["ats:Sword Rain","SynthV"],"campfire_rested":0,"item_purchase_floors":[13,22],"current_hp_per_floor":[72,72,72,72,77,77,77,77,77,73,73,69,69,77,77,60,81,77,77,73,73,73,73,69,69,69,51,51,77,95,97,97,99,99,113,107,109,81,81],"gold":207,"neow_bonus":"","is_daily":false,"chose_seed":false,"campfire_upgraded":8,"win_rate":0.0,"timestamp":1609846027,"path_taken":["M","?","M","M","?","R","E","M","T","M","R","E","$","?","R","BOSS","M","?","M","?","?","R","E","R","T","?","?","E","M","M","R","BOSS","M","?","M","M"],"items_purchased_type":["Card","Relic"],"build_version":"2020-12-22","purchased_purges":1,"victory":false,"max_hp_per_floor":[72,72,72,72,77,77,77,77,77,77,77,79,79,79,79,81,81,83,83,85,85,85,85,87,87,87,91,91,93,95,97,97,99,99,113,107,109,111,111],"card_choices":[{"not_picked":["UniverseFragment","MeatLantern"],"picked":"OldLady","floor":1},{"not_picked":["Bomb","ats:Curse Doll","ats:Beaten Up"],"picked":"SKIP","floor":1},{"not_picked":["UniverseFragment","FairyFestival"],"picked":"ShyLook","floor":3},{"not_picked":["ats:Part Time Job","ats:Flexible Camouflage","ats:Shadow Raid","ats:Leaping Hammer"],"picked":"ats:Assault Order","floor":3},{"not_picked":["Murderer","Bloodbath","UniverseFragment"],"picked":"Singing Bowl","floor":4},{"not_picked":["CrumblingArmor","LongBird"],"picked":"MHz","floor":4},{"not_picked":["ats:Ignite","ats:Neurotoxin","ats:Hammer On","ats:Apocalypse"],"picked":"ats:Consecutive Shot Auto","floor":4},{"not_picked":["UniverseFragment","FairyFestival"],"picked":"NakedNest","floor":7},{"not_picked":["ats:Poison Spread","ats:Shell Defense","ats:Revitalization","ats:Closed Bolt Burst Fire"],"picked":"ats:Consecutive Shot Auto","floor":7},{"not_picked":["HeroicMonk","SpiderBud"],"picked":"GalaxyChild","floor":8},{"not_picked":["ats:Ignite","ats:Hook Shot","ats:Childhood Dance","ats:Revitalization"],"picked":"ats:Powerful Strike","floor":8},{"not_picked":["Porccubus","Variant","VoidDream"],"picked":"Singing Bowl","floor":10},{"not_picked":["OSAHOGD","WhitesApple"],"picked":"LongBird","floor":10},{"not_picked":["ats:Composite Medical Shells","ats:True Silver Slash","ats:Apocalypse","ats:Thorns"],"picked":"ats:Hammer On","floor":10},{"not_picked":["CherryBlossoms","WallGazer"],"picked":"GreedKing","floor":12},{"not_picked":["ats:Revitalization","ats:Shadow Assault","ats:Shell Defense","Bomb","ats:Hook Shot"],"picked":"SKIP","floor":12},{"not_picked":["CherryBlossoms","BigBadWolf"],"picked":"VoidDream","floor":16},{"not_picked":["ats:Disruption Kick","ats:Durian","ats:Soul Rend","ats:Volcano"],"picked":"ats:Roar Of Ursus","floor":16},{"not_picked":["PunishingBird","Murderer"],"picked":"CrumblingArmor","floor":18},{"not_picked":["ats:Curse Doll+1","ats:Childhood Dance","ats:Assault Order","ats:Consecutive Shot Auto"],"picked":"ats:Sword Rain","floor":18},{"not_picked":["ats:Cat Scratch+1","ats:Leaping Hammer","ats:Automatic Cover","ats:Magnetic Hammer"],"picked":"ats:Sunburst","floor":20},{"not_picked":["LaLuna","Bloodbath"],"picked":"Woodsman","floor":24},{"not_picked":["ats:Flexible Camouflage","ats:Steam Pump","ats:Roar Of Ursus","ats:Leaping Hammer","ats:Ambush"],"picked":"SKIP","floor":24},{"not_picked":["CherryBlossoms","OSAHOGD"],"picked":"Laetitia","floor":27},{"not_picked":["ats:Rapid Magazine","ats:Shadow Raid","ats:Ignite+1","ats:Consecutive Shot Auto+1"],"picked":"ats:Sunburst+1","floor":27},{"not_picked":["Freischutz","BodiesMountain"],"picked":"NothingThere","floor":29},{"not_picked":["ats:Thermite Blade","ats:Cat Scratch","ats:Poison Spread","ats:Shell Defense"],"picked":"ats:Sword Rain","floor":29},{"not_picked":["SpiderBud","QueenOfHatred"],"picked":"LittlePrince","floor":30},{"not_picked":["ats:Curse Doll","ats:Flexible Camouflage+1","ats:Ignite+1","ats:Roar Of Ursus","ats:Powerful Strike"],"picked":"SKIP","floor":30},{"not_picked":["MeatLantern","WallGazer"],"picked":"Freischutz","floor":31},{"not_picked":["ats:Charging Defense","ats:Ignite+1","ats:Apocalypse+1","ats:Explosion Area Strengthen"],"picked":"ats:Sunburst+1","floor":31},{"not_picked":["Murderer","Scorched"],"picked":"WallGazer","floor":33},{"not_picked":["ats:Echo Reverb","ats:Shadow Assault","ats:Nebulous Foxfire","ats:Roar Of Ursus"],"picked":"ats:Wolf Pack","floor":33},{"not_picked":["Scarecrow","WhitesApple","LittleHelper"],"picked":"Singing Bowl","floor":35},{"not_picked":["Alriune","SingingMachine"],"picked":"Yin","floor":35},{"not_picked":["ats:Powerful Strike","ats:Burning Ground+1","ats:Chain Hook","ats:Childhood Dance"],"picked":"ats:Hammer On+1","floor":35},{"not_picked":["ats:Dogmatic Field","ats:Apocalypse","ats:Chain Hook+1","ats:Cat Scratch+1","ats:Childhood Dance"],"picked":"SKIP","floor":37}],"player_experience":377696,"relics_obtained":[{"floor":1,"key":"SynthV:TestCard"},{"floor":7,"key":"ats:Originium"},{"floor":7,"key":"Replay:Arrowhead"},{"floor":12,"key":"ats:Originium"},{"floor":12,"key":"Quantum Egg"},{"floor":24,"key":"ats:Originium"},{"floor":24,"key":"Smiling Mask"},{"floor":26,"key":"aspiration:FrozenJewel"},{"floor":29,"key":"UnicornStump"},{"floor":35,"key":"AtMidnight"}],"event_choices":[{"damage_healed":0,"gold_gain":0,"player_choice":"Donut","damage_taken":0,"max_hp_gain":5,"max_hp_loss":0,"event_name":"Big Fish","floor":5,"gold_loss":0},{"damage_healed":0,"gold_gain":0,"cards_transformed":["ats:Strike V","ats:Strike S"],"player_choice":"Became Test Subject","damage_taken":0,"max_hp_gain":0,"max_hp_loss":0,"event_name":"Drug Dealer","floor":19,"gold_loss":0,"cards_obtained":["ats:Wolf Pack","ats:Assault Order"]},{"cards_removed":["ats:Defend"],"damage_healed":0,"gold_gain":0,"player_choice":"Upgrade and Remove","damage_taken":0,"max_hp_gain":0,"max_hp_loss":0,"event_name":"Designer","floor":21,"gold_loss":90,"cards_upgraded":["ats:Assault Order"]},{"cards_removed":["ats:Strike G"],"damage_healed":0,"gold_gain":0,"player_choice":"Gave Gold","damage_taken":0,"max_hp_gain":0,"max_hp_loss":0,"event_name":"Beggar","floor":28,"gold_loss":75},{"damage_healed":0,"gold_gain":0,"player_choice":"Max HP","damage_taken":0,"max_hp_gain":0,"max_hp_loss":6,"event_name":"Winding Halls","floor":36,"gold_loss":0}],"is_beta":false,"boss_relics":[{"not_picked":["ChampionBelt","Replay:Drink Me"],"picked":"HaiYi:Twilight"},{"not_picked":[]},{"not_picked":["GreenFoldingFan","FeatherPendant"],"picked":"ShadowXiaoBlade"},{"not_picked":[]}],"items_purged_floors":[13],"is_endless":false,"potions_floor_spawned":[1,4,27,29],"killed_by":"Writhing Mass","ascension_level":0}}