{"host":"0nfdmr2b19ur4mbc","time":1609835161,"event":{"mods":["2.2 Compatiblity","AchievementEnabler","Aspiration","BaseMod","Better Match","Better Note","Better Third Choice","Better Vampires","Disable Question Mark Monsters","Googly Eyes","Hubris","Infinite Spire","Minty Spire (QoL Compilation)","Quick Restart","Rare Cards Sparkle","Replay The Spire","StSLib"],"gold_per_floor":[109,109,109,109,109,109,23,50,50,76,87,99,115,133,133,231,231,245,263,263,276,294,294,321,321,395,410,485,500,525,525,525,626,626,644,424,435,447,447,477,477,477,477,477,490,490,504,536,536,536],"floor_reached":51,"playtime":2036,"items_purged":["Clash+1"],"score":971,"play_id":"bcc8c806-14c0-4187-9092-b65155b62f8f","local_time":"20210105092601","is_ascension_mode":true,"campfire_choices":[{"data":"Bash","floor":6.0,"key":"SMITH"},{"data":"Dual Wield","floor":15.0,"key":"SMITH"},{"floor":23.0,"key":"REST"},{"floor":25.0,"key":"REST"},{"data":"Spot Weakness","floor":32.0,"key":"SMITH"},{"floor":42.0,"key":"REST"},{"data":"Berserk","floor":46.0,"key":"SMITH"},{"floor":49,"key":"REST"}],"circlet_count":0,"master_deck":["Strike_R","Strike_R","Strike_R","Strike_R","Strike_R","Defend_R","Defend_R","Defend_R","Defend_R","Bash+1","Spot Weakness+1","Flash of Steel+1","infinitespire:OneForAll+1","Clothesline+1","Pommel Strike+1","Dual Wield+1","Hemogenesis+1","Blood for Blood+1","Body Slam+1","hubris:StunningStrike+1","Feed+1","Anger+1","Immolate+1","Berserk+1","Replay:Undeath\u0027s Touch+1","Rage","Parasite","Shockwave+1","ReplayTheSpireMod:Private Reserves","PanicButton","Dramatic Entrance+1","Sentinel+1"],"relics":["Burning Blood","NeowsBlessing","hubris:Towel","Molten Egg 2","Toy Ornithopter","Kunai","Electric Blood","Nloth\u0027s Gift","Strawberry","Replay:Bottled Flurry","infinitespire:Golems Mask","hubris:Zylophone","Runic Cube","Brimstone","hubris:SlimyHat","ReplayFunnel","infinitespire:PuzzleCube"],"acts_visited":["Exordium","TheCity","TheBeyond"],"potions_floor_usage":[],"damage_taken":[{"damage":0.0,"enemies":"Jaw Worm","floor":1.0,"turns":1.0},{"damage":0.0,"enemies":"Lagavulin","floor":8.0,"turns":1.0},{"damage":0.0,"enemies":"Gremlin Nob","floor":10.0,"turns":1.0},{"damage":19.0,"enemies":"Small Slimes","floor":11.0,"turns":3.0},{"damage":0.0,"enemies":"Cultist","floor":12.0,"turns":2.0},{"damage":15.0,"enemies":"Gremlin Gang","floor":13.0,"turns":3.0},{"damage":0.0,"enemies":"2 Fungi Beasts","floor":14.0,"turns":2.0},{"damage":23.0,"enemies":"The Guardian","floor":16.0,"turns":7.0},{"damage":44.0,"enemies":"3 Byrds","floor":18.0,"turns":5.0},{"damage":11.0,"enemies":"2 Thieves","floor":19.0,"turns":3.0},{"damage":11.0,"enemies":"Centurion and Healer","floor":21.0,"turns":3.0},{"damage":25.0,"enemies":"3 Cultists","floor":22.0,"turns":5.0},{"damage":58.0,"enemies":"Nightmare","floor":24.0,"turns":6.0},{"damage":7.0,"enemies":"Snecko","floor":27.0,"turns":3.0},{"damage":43.0,"enemies":"Snake Plant","floor":29.0,"turns":3.0},{"damage":27.0,"enemies":"Replay:Snechameleon","floor":30.0,"turns":4.0},{"damage":36.0,"enemies":"Collector","floor":33.0,"turns":5.0},{"damage":3.0,"enemies":"Orb Walker","floor":35.0,"turns":1.0},{"damage":22.0,"enemies":"3 Darklings","floor":37.0,"turns":2.0},{"damage":14.0,"enemies":"Writhing Mass","floor":38.0,"turns":3.0},{"damage":49.0,"enemies":"Reptomancer","floor":40.0,"turns":4.0},{"damage":12.0,"enemies":"Spire Growth","floor":45.0,"turns":3.0},{"damage":31.0,"enemies":"Transient","floor":47.0,"turns":5.0},{"damage":0.0,"enemies":"R_Hoarder","floor":48.0,"turns":1.0},{"damage":0,"enemies":"hubris:GrandSnecko","floor":50,"turns":1}],"seed_played":"-5773956827912461051","potions_obtained":[{"floor":8.0,"key":"SpeedPotion"},{"floor":11.0,"key":"Block Potion"},{"floor":16.0,"key":"Weak Potion"},{"floor":21.0,"key":"Dexterity Potion"},{"floor":22.0,"key":"BlessingOfTheForge"},{"floor":29.0,"key":"Weak Potion"},{"floor":37.0,"key":"Energy Potion"},{"floor":40.0,"key":"Strength Potion"},{"floor":45.0,"key":"BlessingOfTheForge"},{"floor":47.0,"key":"Fire Potion"}],"is_trial":false,"path_per_floor":["M","$","?","?","T","R","$","E","T","E","M","M","M","M","R","B",null,"M","M","?","M","M","R","NM","R","T","M","?","M","E","AVR","R","B",null,"M","$","M","M","?","E","?","R","T","?","M","R","M","E","R","B",null],"character_chosen":"IRONCLAD","items_purchased":["Flash of Steel+1","Brimstone"],"campfire_rested":4,"item_purchase_floors":[7,36],"current_hp_per_floor":[80,80,85,85,85,85,85,85,85,85,72,78,69,75,75,58,78,53,48,48,48,37,62,43,70,70,86,77,81,75,75,75,50,85,88,88,72,64,54,24,24,51,51,51,65,65,51,57,84,90],"gold":536,"neow_bonus":"THREE_ENEMY_KILL","is_daily":false,"chose_seed":false,"campfire_upgraded":4,"win_rate":0.0,"timestamp":1609835161,"path_taken":["M","$","?","?","?","R","$","E","T","E","M","M","M","M","R","BOSS","M","M","?","?","?","R","NM","R","T","M","?","M","E","AVR","R","BOSS","M","$","M","?","?","E","?","R","T","?","M","R","M","E","R","BOSS"],"items_purchased_type":["Card","Relic"],"build_version":"2020-12-22","purchased_purges":1,"victory":true,"max_hp_per_floor":[80,80,85,85,85,85,85,85,85,85,85,85,85,85,85,85,85,85,85,85,85,85,85,92,92,92,92,92,92,96,96,96,96,96,96,96,96,96,96,96,91,91,91,91,91,91,91,91,91,91],"card_choices":[{"not_picked":["ReplayReversal","Anger"],"picked":"Spot Weakness","floor":1.0},{"not_picked":["Sword Boomerang+1","Seeing Red"],"picked":"infinitespire:OneForAll+1","floor":8.0},{"not_picked":["Barricade","Infernal Blade"],"picked":"Clothesline+1","floor":10.0},{"not_picked":["Pummel+1","Second Wind"],"picked":"Pommel Strike+1","floor":11.0},{"not_picked":["Seeing Red","Uppercut+1"],"picked":"Clash+1","floor":12.0},{"not_picked":["Demonic Infusion","Second Wind","Dual Wield"],"picked":"SKIP","floor":13.0},{"not_picked":["Demonic Infusion","Second Wind"],"picked":"Dual Wield","floor":13.0},{"not_picked":["hubris:CleavingFinish+1","Power Through","Defy Death"],"picked":"SKIP","floor":14.0},{"not_picked":["Offering","Impervious"],"picked":"Hemogenesis+1","floor":16.0},{"not_picked":["Dark Embrace","Body Slam+1"],"picked":"Blood for Blood+1","floor":18.0},{"not_picked":["Pommel Strike+1","Searing Blow+1","Shrug It Off+1"],"picked":"SKIP","floor":19.0},{"not_picked":["ReplayTheSpireMod:Strike From Hell+1","Headbutt+1","hubris:CleavingFinish+1"],"picked":"SKIP","floor":21.0},{"not_picked":["Run Through+1","Clothesline+1"],"picked":"Body Slam+1","floor":22.0},{"not_picked":["Exhume","Body Slam+1"],"picked":"hubris:StunningStrike+1","floor":24.0},{"not_picked":["Heavy Blade+1","Perfected Strike+1"],"picked":"Feed+1","floor":27.0},{"not_picked":["Sword Boomerang+1","Cleave+1"],"picked":"Anger+1","floor":29.0},{"not_picked":["Entrench+1","Bludgeon+1"],"picked":"Immolate+1","floor":30.0},{"not_picked":["Immolate+1","Fiend Fire+1"],"picked":"Berserk","floor":33.0},{"not_picked":["Rampage+1","Ghostly Armor"],"picked":"Replay:Undeath\u0027s Touch+1","floor":35.0},{"not_picked":["Searing Blow+1","Flame Barrier"],"picked":"Rage","floor":37.0},{"not_picked":["Cleave+1","ReplayTheSpireMod:Strike From Hell+1"],"picked":"Shockwave+1","floor":38.0},{"not_picked":["hubris:Insight","Panacea"],"picked":"ReplayTheSpireMod:Private Reserves","floor":39.0},{"not_picked":["Trip","ReplayTheSpireMod:Necrogeddon+1"],"picked":"PanicButton","floor":39.0},{"not_picked":["Blind","PanicButton"],"picked":"Dramatic Entrance+1","floor":39.0},{"not_picked":["Clothesline+1","Wild Strike+1"],"picked":"Sentinel+1","floor":40.0},{"not_picked":["Metallicize","Body Slam+1","Demonic Infusion"],"picked":"SKIP","floor":45.0},{"not_picked":["Shockwave","Clothesline+1","Armaments+1"],"picked":"SKIP","floor":47.0},{"not_picked":["Shockwave","Clothesline+1","Armaments+1"],"picked":"SKIP","floor":47.0},{"not_picked":["Wild Strike+1","Shrug It Off","Pummel+1"],"picked":"SKIP","floor":48}],"player_experience":131722,"relics_obtained":[{"floor":5.0,"key":"Molten Egg 2"},{"floor":8.0,"key":"Toy Ornithopter"},{"floor":9.0,"key":"Oddly Smooth Stone"},{"floor":10.0,"key":"Kunai"},{"floor":24.0,"key":"Strawberry"},{"floor":26.0,"key":"Replay:Bottled Flurry"},{"floor":30.0,"key":"infinitespire:Golems Mask"},{"floor":40.0,"key":"hubris:SlimyHat"},{"floor":43.0,"key":"ReplayFunnel"},{"floor":48,"key":"infinitespire:PuzzleCube"}],"event_choices":[{"damage_healed":0.0,"max_hp_gain":5.0,"max_hp_loss":0.0,"gold_gain":0.0,"event_name":"Big Fish","player_choice":"Donut","floor":3.0,"gold_loss":0.0,"damage_taken":0.0},{"damage_healed":0.0,"max_hp_gain":0.0,"max_hp_loss":0.0,"gold_gain":0.0,"event_name":"N\u0027loth","player_choice":"Traded Relic","floor":20.0,"relics_lost":["Oddly Smooth Stone"],"gold_loss":0.0,"damage_taken":0.0,"relics_obtained":["Nloth\u0027s Gift"]},{"damage_healed":0.0,"max_hp_gain":0.0,"max_hp_loss":0.0,"gold_gain":75.0,"event_name":"FaceTrader","player_choice":"Touch","floor":28.0,"gold_loss":0.0,"damage_taken":9.0},{"damage_healed":0.0,"max_hp_gain":0.0,"max_hp_loss":0.0,"gold_gain":0.0,"event_name":"SensoryStone","player_choice":"Memory 3","floor":39.0,"gold_loss":0.0,"damage_taken":10.0},{"damage_healed":0.0,"max_hp_gain":0.0,"max_hp_loss":5.0,"gold_gain":0.0,"event_name":"Winding Halls","player_choice":"Max HP","floor":41.0,"gold_loss":0.0,"damage_taken":0.0},{"damage_healed":0.0,"max_hp_gain":0.0,"max_hp_loss":0.0,"gold_gain":0.0,"event_name":"Duplicator","player_choice":"Copied","floor":44.0,"gold_loss":0.0,"damage_taken":0.0,"cards_obtained":["infinitespire:SealOfDarkness"]}],"is_beta":false,"boss_relics":[{"not_picked":["infinitespire:Cupcake","SacredBark"],"picked":"Electric Blood"},{"not_picked":["aspiration:WatcherSkillbook","ReplayTheSpireMod:DimensionalGlitch"],"picked":"Runic Cube"}],"items_purged_floors":[36],"is_endless":false,"potions_floor_spawned":[8,11,16,21,22,29,37,40,45,47],"ascension_level":5}}