{"host":"873t0y8ybyo38pfq","time":1609884504,"event":{"mods":["BaseMod","Bestiary","Colored Map","Colored Powertips","Highlight Path","Minty Spire (QoL Compilation)","Quick Restart","RNG Fix","Rare Cards Sparkle","Relic Stats","StSLib"],"gold_per_floor":[117,117,66,77,77,107,107,142,142,28,28,61,74,104,104,104,104],"floor_reached":16,"playtime":455,"items_purged":["Strike_B"],"score":352,"play_id":"db9a29f3-cc03-4201-84d3-2a1d1e705a97","local_time":"20210105170824","is_ascension_mode":true,"campfire_choices":[{"data":"Echo Form","floor":7,"key":"SMITH"},{"floor":11,"key":"REST"},{"data":"Strike_B","floor":15,"key":"PURGE"}],"circlet_count":0,"master_deck":["AscendersBane","Strike_B","Defend_B+1","Defend_B","Defend_B","Defend_B+1","Zap","Dualcast+1","Glacier","Echo Form+1","Conserve Battery","Sweeping Beam+1","Cold Snap","BootSequence","FTL","Compile Driver","Conserve Battery"],"relics":["Cracked Core","NeowsBlessing","War Paint","Centennial Puzzle","Peace Pipe","Ginger","Ancient Tea Set"],"acts_visited":["Exordium"],"potions_floor_usage":[12,16],"damage_taken":[{"damage":0,"enemies":"2 Louse","floor":1,"turns":1},{"damage":0,"enemies":"Cultist","floor":4,"turns":1},{"damage":0,"enemies":"Lagavulin","floor":6,"turns":1},{"damage":38,"enemies":"Gremlin Nob","floor":8,"turns":6},{"damage":0,"enemies":"3 Sentries","floor":12,"turns":9},{"damage":0,"enemies":"Jaw Worm","floor":13,"turns":4},{"damage":10,"enemies":"Lagavulin","floor":14,"turns":7},{"damage":18,"enemies":"Hexaghost","floor":16,"turns":9}],"seed_played":"3243119287481143374","potions_obtained":[{"floor":1,"key":"Energy Potion"},{"floor":8,"key":"Dexterity Potion"},{"floor":12,"key":"Strength Potion"}],"is_trial":false,"path_per_floor":["M","?","$","M","?","E","R","E","T","$","R","E","M","E","R","B"],"character_chosen":"DEFECT","items_purchased":["Conserve Battery","BootSequence"],"campfire_rested":1,"item_purchase_floors":[3,10],"current_hp_per_floor":[64,64,64,64,43,43,43,5,5,5,26,26,26,16,16,0,0],"gold":104,"neow_bonus":"THREE_ENEMY_KILL","is_daily":false,"chose_seed":false,"campfire_upgraded":1,"win_rate":0.0,"timestamp":1609884504,"path_taken":["M","?","$","M","?","E","R","E","T","?","R","E","M","E","R","BOSS"],"items_purchased_type":["Card","Card"],"build_version":"2020-12-22","purchased_purges":1,"victory":false,"max_hp_per_floor":[71,71,71,71,71,71,71,71,71,71,71,71,71,71,71,71,71],"relic_stats":{"Peace Pipe":1,"Centennial Puzzle":[6],"counters":[8,38],"Ginger":[0],"War Paint":["Defend_B","Dualcast"],"obtain_stats":[{"Peace Pipe":9,"Centennial Puzzle":8,"NeowsBlessing":0,"Ginger":12,"War Paint":6,"Cracked Core":0,"Ancient Tea Set":14},{"Peace Pipe":4,"Centennial Puzzle":4,"NeowsBlessing":0,"Ginger":5,"War Paint":3,"Cracked Core":0,"Ancient Tea Set":7},{"Peace Pipe":9,"Centennial Puzzle":9,"NeowsBlessing":0,"Ginger":18,"War Paint":3,"Cracked Core":0,"Ancient Tea Set":29}]},"card_choices":[{"not_picked":["Chill","Redo"],"picked":"Glacier","floor":1},{"not_picked":["Coolheaded","Ball Lightning"],"picked":"Sweeping Beam","floor":4},{"not_picked":["Sweeping Beam","Beam Cell"],"picked":"Cold Snap","floor":6},{"not_picked":["Hyperbeam","Force Field","FTL"],"picked":"SKIP","floor":8},{"not_picked":["Skim","Genetic Algorithm"],"picked":"FTL","floor":12},{"not_picked":["Auto Shields","Coolheaded"],"picked":"Compile Driver","floor":13},{"not_picked":["Beam Cell","Hyperbeam"],"picked":"Conserve Battery","floor":14}],"player_experience":1522507,"relics_obtained":[{"floor":6,"key":"War Paint"},{"floor":8,"key":"Centennial Puzzle"},{"floor":9,"key":"Peace Pipe"},{"floor":12,"key":"Ginger"},{"floor":14,"key":"Ancient Tea Set"}],"event_choices":[{"damage_healed":0,"gold_gain":0,"cards_transformed":["Strike_B"],"player_choice":"Change","damage_taken":0,"max_hp_gain":0,"max_hp_loss":0,"event_name":"Living Wall","floor":2,"gold_loss":0,"cards_obtained":["Echo Form"]},{"damage_healed":0,"gold_gain":0,"player_choice":"Entered Light","damage_taken":21,"max_hp_gain":0,"max_hp_loss":0,"event_name":"Shining Light","floor":5,"gold_loss":0,"cards_upgraded":["Sweeping Beam","Defend_B"]}],"is_beta":false,"boss_relics":[],"items_purged_floors":[10],"is_endless":false,"potions_floor_spawned":[1,8,12],"killed_by":"Hexaghost","ascension_level":20}}