{"host":"q8qp14ec064gs752","time":1609876265,"event":{"mods":["2.2 Compatiblity","Bard","BaseMod","Colored Powertips","Downfall","Gremlin Mod","Marisa????????","Mimic Mod","Minty Spire (QoL Compilation)","READ ME - Guardian Mod","READ ME - Snecko Mod","Shop Mod","StSLib","The Bug Knight","The Cursed","The Disciple","The Hayseed","The Mystic","The Runesmith"],"gold_per_floor":[112,112,112,112,123,148,98,108,108,108,138,158,184,199,199,295,295,306,306,340,340,352,352,352],"floor_reached":23,"playtime":2384,"items_purged":[],"score":234,"play_id":"ea00b96d-483a-45b1-8435-e7c7ffe963d0","local_time":"20210106035105","is_ascension_mode":false,"campfire_choices":[{"data":"ReapSow","floor":10,"key":"SMITH"},{"data":"RageCommand","floor":15,"key":"SMITH"}],"circlet_count":0,"master_deck":["Strike_Br","Strike_Br","Strike_Br","Strike_Br","Defend_Br","Defend_Br","Defend_Br","Defend_Br","SecondHand","PatternShift","LockedPlans","Echoward","Accelerando","ReapSow+11","RageCommand+1","Recurrance","Echonomics+1","LockedMedicine","Echonomics","BiteCommand+1","Shame","LockedAnchor","BiteCommand+1"],"relics":["Chronometer","NeowsBlessing","Mummified Hand","Mercury?","Eternal Feather","Sundial","Mercury Hourglass","Blood Vial","Orichalcum","Black Star","Bag of Marbles","Red Mask"],"acts_visited":["Exordium","TheCity"],"potions_floor_usage":[22,23,23],"damage_taken":[{"damage":0,"enemies":"Small Slimes","floor":1,"turns":1},{"damage":0,"enemies":"2 Louse","floor":5,"turns":1},{"damage":0,"enemies":"Lagavulin","floor":6,"turns":1},{"damage":0,"enemies":"Cultist","floor":8,"turns":5},{"damage":21,"enemies":"3 Sentries","floor":11,"turns":5},{"damage":7,"enemies":"Blue Slaver","floor":12,"turns":3},{"damage":7,"enemies":"Lagavulin","floor":13,"turns":5},{"damage":5,"enemies":"Large Slime","floor":14,"turns":4},{"damage":4,"enemies":"Hexaghost","floor":16,"turns":6},{"damage":7,"enemies":"Shell Parasite","floor":18,"turns":6},{"damage":52,"enemies":"Masked Bandits","floor":20,"turns":5},{"damage":5,"enemies":"Snake Plant","floor":22,"turns":4},{"damage":10,"enemies":"Slavers","floor":23,"turns":3}],"seed_played":"3605419067718869600","potions_obtained":[{"floor":1,"key":"EssenceOfSteel"},{"floor":5,"key":"Guardian:BlockOnCardUsePotion"},{"floor":12,"key":"Swift Potion"}],"is_trial":false,"path_per_floor":["M","?","?","?","M","E","?","M","T","R","E","M","E","M","R","B",null,"M","?","?","?","M","E"],"character_chosen":"CHRONO_CLASS","items_purchased":[],"campfire_rested":0,"item_purchase_floors":[],"current_hp_per_floor":[65,65,65,58,58,58,58,58,58,64,43,38,33,30,39,37,65,58,58,8,8,5,0,0],"gold":352,"neow_bonus":"THREE_ENEMY_KILL","is_daily":false,"chose_seed":false,"campfire_upgraded":2,"win_rate":0.0,"timestamp":1609876265,"path_taken":["M","?","?","?","M","E","?","M","T","R","E","M","E","M","R","BOSS","M","?","?","?","?","E"],"items_purchased_type":[],"build_version":"2020-12-22","purchased_purges":0,"victory":false,"max_hp_per_floor":[65,65,65,65,65,65,65,65,65,65,65,65,65,65,65,65,65,65,65,65,65,65,65,65],"card_choices":[{"not_picked":["VestedLegacy","CrunchTime"],"picked":"LockedPlans","floor":1},{"not_picked":["Recurrance","HandsUpB"],"picked":"Echoward","floor":5},{"not_picked":["LockedMawBank","LockedMedicine"],"picked":"Tempo","floor":6},{"not_picked":["ResonantCall","HandsUpC"],"picked":"ReapSow","floor":8},{"not_picked":["Analog","LockedThread"],"picked":"RageCommand","floor":11},{"not_picked":["TiringSlam","ExoVibe"],"picked":"Recurrance","floor":12},{"not_picked":["BeatsPerMinute","LockedMercury"],"picked":"Echonomics","floor":13},{"not_picked":["Parity","LockedThread"],"picked":"LockedMedicine","floor":14},{"not_picked":["OldTimer","Fragmentalize"],"picked":"Echonomics","floor":16},{"not_picked":["LockedMawBank","CrunchTime"],"picked":"BiteCommand+1","floor":18},{"not_picked":["LockedScales","PrimeTime"],"picked":"LockedAnchor","floor":20},{"not_picked":["HandsUpC+1","LockedWarPaint"],"picked":"BiteCommand+1","floor":22}],"player_experience":163972,"relics_obtained":[{"floor":6,"key":"Sundial"},{"floor":9,"key":"Mercury Hourglass"},{"floor":11,"key":"Blood Vial"},{"floor":13,"key":"Orichalcum"},{"floor":20,"key":"Red Mask"}],"event_choices":[{"damage_healed":0,"gold_gain":0,"player_choice":"Box","damage_taken":0,"relics_obtained":["Mummified Hand"],"max_hp_gain":0,"max_hp_loss":0,"event_name":"Big Fish","floor":2,"gold_loss":0,"cards_obtained":["Regret"]},{"damage_healed":0,"gold_gain":0,"player_choice":"Success","damage_taken":7,"relics_obtained":["Eternal Feather"],"max_hp_gain":0,"max_hp_loss":0,"event_name":"Scrap Ooze","floor":4,"gold_loss":0},{"cards_removed":["Regret"],"damage_healed":0,"gold_gain":0,"player_choice":"Card Removal","damage_taken":0,"max_hp_gain":0,"max_hp_loss":0,"event_name":"The Cleric","floor":7,"gold_loss":50},{"damage_healed":0,"gold_gain":0,"player_choice":"Stole Relic","damage_taken":0,"relics_obtained":["Bag of Marbles"],"max_hp_gain":0,"max_hp_loss":0,"event_name":"Addict","floor":19,"gold_loss":0,"cards_obtained":["Shame"]},{"damage_healed":0,"gold_gain":0,"player_choice":"Fought Bandits","damage_taken":0,"max_hp_gain":0,"max_hp_loss":0,"event_name":"Masked Bandits","floor":20,"gold_loss":0},{"damage_healed":0,"gold_gain":0,"player_choice":"Upgraded","damage_taken":0,"max_hp_gain":0,"max_hp_loss":0,"event_name":"Upgrade Shrine","floor":21,"gold_loss":0,"cards_upgraded":["Echonomics"]}],"is_beta":false,"boss_relics":[{"not_picked":["Busted Crown","Runesmith:UraniumAnvil"],"picked":"Black Star"}],"items_purged_floors":[],"is_endless":false,"potions_floor_spawned":[1,5,12],"killed_by":"Slavers","ascension_level":0}}