{"host":"a2lvm7nbw6nkrc91","time":1609814707,"event":{"mods":["BaseMod","Friendly Minions","Hermit","Kiyohime£¨?ýï£©","Koishi","Lobotomy","Minty Spire (QoL Compilation)","Prisma Mod","Replay The Spire","StSLib","The Bug Knight"],"gold_per_floor":[110,124,136,149,164,164,164],"floor_reached":6,"playtime":332,"items_purged":[],"score":40,"play_id":"6ed819fe-8ce7-473b-8ff2-5596a28cdcdb","local_time":"20210105114507","is_ascension_mode":false,"campfire_choices":[],"circlet_count":0,"master_deck":["hermit:Strike_Hermit","hermit:Strike_Hermit","hermit:Strike_Hermit","hermit:Strike_Hermit","hermit:Defend_Hermit","hermit:Defend_Hermit","hermit:Defend_Hermit","hermit:Defend_Hermit","hermit:Snapshot","hermit:Covet","MeatLantern","hermit:Desperado","LittleHelper","hermit:Vantage","OSAHOGD","hermit:Showdown","VoidDream","hermit:Vantage","MHz","hermit:Roulette"],"relics":["hermit:Momento","CogitoBucket"],"acts_visited":["Exordium"],"potions_floor_usage":[6],"damage_taken":[{"damage":6.0,"enemies":"2 Louse","floor":1.0,"turns":3.0},{"damage":0.0,"enemies":"Small Slimes","floor":2.0,"turns":3.0},{"damage":1.0,"enemies":"Jaw Worm","floor":3.0,"turns":2.0},{"damage":7,"enemies":"3 Louse","floor":4,"turns":4},{"damage":0,"enemies":"Lots of Slimes","floor":5,"turns":6},{"damage":63,"enemies":"HollowMod:MossKnight","floor":6,"turns":8}],"seed_played":"-4063308686150701018","potions_obtained":[{"floor":4,"key":"Energy Potion"},{"floor":5,"key":"hermit:BlackBile"}],"is_trial":false,"path_per_floor":["M","M","M","M","M","E"],"character_chosen":"HERMIT","items_purchased":[],"campfire_rested":0,"item_purchase_floors":[],"current_hp_per_floor":[69,69,68,61,61,0,0],"gold":164,"neow_bonus":"","is_daily":false,"chose_seed":false,"campfire_upgraded":0,"win_rate":0.0,"timestamp":1609814707,"path_taken":["M","M","M","M","M","E"],"items_purchased_type":[],"build_version":"2020-12-22","purchased_purges":0,"victory":false,"max_hp_per_floor":[75,75,75,75,75,75,75],"card_choices":[{"not_picked":["BigBadWolf","Scorched"],"picked":"MeatLantern","floor":1.0},{"not_picked":["hermit:DeadMansHand","hermit:Glare"],"picked":"hermit:Desperado","floor":1.0},{"not_picked":["FairyFestival","Rudolta"],"picked":"LittleHelper","floor":2.0},{"not_picked":["hermit:Grudge","hermit:NoHoldsBarred"],"picked":"hermit:Vantage","floor":2.0},{"not_picked":["Murderer","FairyFestival"],"picked":"OSAHOGD","floor":3.0},{"not_picked":["hermit:HighCaliber","hermit:LowProfile"],"picked":"hermit:Showdown","floor":3.0},{"not_picked":["HappyTeddy","CherryBlossoms"],"picked":"VoidDream","floor":4},{"not_picked":["hermit:Desperado","hermit:HeroicBravado"],"picked":"hermit:Vantage","floor":4},{"not_picked":["Bloodbath","Scorched"],"picked":"MHz","floor":5},{"not_picked":["hermit:Feint","hermit:Glare"],"picked":"hermit:Roulette","floor":5}],"player_experience":516503,"relics_obtained":[],"event_choices":[],"is_beta":false,"boss_relics":[],"items_purged_floors":[],"is_endless":false,"potions_floor_spawned":[4,5],"killed_by":"HollowMod:MossKnight","ascension_level":0}}