{"host":"fjyrzoy7zi2e08p3","time":1609809042,"event":{"mods":["Aspiration","BaseMod","BetterRewards","Colored Map","Colored Powertips","Dota2Spire","Downfall","Highlight Path","KinomotoSakuraMod(木之本樱)","Marisa（F雨　魔理沙）","Minty Spire (QoL Compilation)","Quick Restart","Remilia（蕾米莉亚）","RumiaBox-露米娅的神秘盒子","Spicy Shops","StSLib","SuperFastMode","Waifu the Spire","WarShipGirlsR/战舰少女R mod"],"gold_per_floor":[109,126,140,140,151,185,185,216,216,216,230,256,256,271,271,368,368,386,406,406,477,491,491,521,521,521,554,135,135,153,169,169,265,315,331,349,37,0,20,49,49,82,82,82,46,56,69,101,101,101],"floor_reached":51,"playtime":1638,"items_purged":["Pride","Pain"],"score":1871,"play_id":"cfd2dd75-ce3a-4072-a493-5fe3660596fd","local_time":"20210105091042","is_ascension_mode":true,"campfire_choices":[{"data":"rmod:maintain","floor":7,"key":"SMITH"},{"data":"rmod:secretscript","floor":10,"key":"SMITH"},{"data":"rmod:circuitoustactics","floor":13,"key":"SMITH"},{"data":"rmod:wolves","floor":15,"key":"SMITH"},{"data":"rmod:royalracing","floor":23,"key":"SMITH"},{"data":"rmod:circuitoustactics","floor":25,"key":"SMITH"},{"data":"rmod:wife","floor":32,"key":"SMITH"},{"data":"rmod:maintain","floor":41,"key":"SMITH"},{"data":"rmod:maingunfire","floor":49,"key":"SMITH"}],"circlet_count":0,"master_deck":["rmod:strick","rmod:strick+1","rmod:strick","rmod:strick","rmod:defend","rmod:defend","rmod:defend","rmod:basicallowance","rmod:maingunfire+1","rmod:maintain+1","rmod:openingtorpedo","rmod:wolves+1","rmod:firesupport","rmod:secretscript+1","rmod:circuitoustactics+1","rmod:rockthrower","rmod:maintain+1","rmod:royalracing+1","rmod:circuitoustactics+1","Master of Strategy","rmod:wife+1","rmod:acesubmarine","rmod:royalracing+1"],"relics":["rmod:firstchargereward","Lee\u0027s Waffle","ChaoDraw","Bag of Marbles","Mummified Hand","Pen Nib","Bottled Lightning","Dota2Spire:Butterfly","Dota2Spire:DrumOfEndurance","EasyGame_NEW","Dota2Spire:EtherealBlade","Pantograph","Dream Catcher","Centennial Puzzle","Ancient Tea Set","Tiny House","Membership Card","aspiration:Lifesprig","Orrery","Red Mask","aspiration:HiddenCompartment","Bag of Preparation","aspiration:FrozenJewel","Cauldron","Dota2Spire:OctarineCore"],"acts_visited":["Exordium","TheCity","TheBeyond"],"potions_floor_usage":[11,11,24,33,35],"damage_taken":[{"damage":6.0,"enemies":"Cultist","floor":1.0,"turns":4.0},{"damage":0.0,"enemies":"Small Slimes","floor":2.0,"turns":1.0},{"damage":0.0,"enemies":"Jaw Worm","floor":3.0,"turns":2.0},{"damage":6.0,"enemies":"Large Slime","floor":5.0,"turns":2.0},{"damage":10,"enemies":"Gremlin Nob","floor":6,"turns":3},{"damage":0,"enemies":"Lagavulin","floor":8,"turns":2},{"damage":0,"enemies":"Lots of Slimes","floor":11,"turns":1},{"damage":0,"enemies":"Gremlin Nob","floor":12,"turns":2},{"damage":0,"enemies":"2 Fungi Beasts","floor":14,"turns":2},{"damage":0,"enemies":"Slime Boss","floor":16,"turns":3},{"damage":0,"enemies":"Shell Parasite","floor":18,"turns":2},{"damage":11,"enemies":"2 Thieves","floor":19,"turns":2},{"damage":0,"enemies":"Snake Plant","floor":22,"turns":2},{"damage":0,"enemies":"Slavers","floor":24,"turns":2},{"damage":14,"enemies":"Book of Stabbing","floor":27,"turns":2},{"damage":0,"enemies":"3 Cultists","floor":30,"turns":2},{"damage":4,"enemies":"Centurion and Healer","floor":31,"turns":2},{"damage":18,"enemies":"Champ","floor":33,"turns":3},{"damage":16,"enemies":"Orb Walker","floor":35,"turns":2},{"damage":0,"enemies":"3 Darklings","floor":36,"turns":2},{"damage":1,"enemies":"Spire Growth","floor":39,"turns":2},{"damage":0,"enemies":"Giant Head","floor":40,"turns":2},{"damage":0,"enemies":"Nemesis","floor":42,"turns":3},{"damage":0,"enemies":"Jaw Worm Horde","floor":46,"turns":1},{"damage":0,"enemies":"Maw","floor":47,"turns":1},{"damage":0,"enemies":"Reptomancer","floor":48,"turns":1},{"damage":0,"enemies":"Donu and Deca","floor":50,"turns":2}],"seed_played":"194598375635795153","potions_obtained":[{"floor":1.0,"key":"Weak Potion"},{"floor":6,"key":"AttackPotion"},{"floor":11,"key":"Fruit Juice"},{"floor":12,"key":"Ancient Potion"},{"floor":14,"key":"CultistPotion"},{"floor":19,"key":"AttackPotion"},{"floor":24,"key":"FearPotion"},{"floor":27,"key":"Regen Potion"},{"floor":31,"key":"PowerPotion"},{"floor":34,"key":"Explosive Potion"},{"floor":35,"key":"SkillPotion"}],"is_trial":false,"path_per_floor":["M","M","M","?","M","E","R","E","T","R","M","E","R","M","R","B",null,"M","M","?","T","M","R","E","R","T","E","$","?","M","M","R","B",null,"M","M","$","?","M","E","R","E","T","?","$","M","M","E","R","B",null],"character_chosen":"PRAEFECT","items_purchased":["Lee\u0027s Waffle","ChaoDraw","Bag of Marbles","Mummified Hand","Pen Nib","Master of Strategy","rmod:wife","Ancient Tea Set","Membership Card","aspiration:Lifesprig","Orrery","Cauldron"],"campfire_rested":0,"item_purchase_floors":[0,0,0,0,0,28,28,28,37,37,37,45],"current_hp_per_floor":[76,76,76,76,70,60,60,60,60,60,65,65,65,65,65,65,82,82,71,71,71,71,71,71,71,71,57,57,57,57,53,53,60,85,69,69,69,69,68,68,68,68,68,68,68,68,68,68,68,92],"gold":101,"neow_bonus":"","is_daily":false,"chose_seed":false,"campfire_upgraded":9,"win_rate":0.0,"timestamp":1609809042,"path_taken":["M","M","?","?","M","E","R","E","T","R","M","E","R","M","R","BOSS","M","M","?","?","M","R","E","R","T","E","$","?","M","M","R","BOSS","M","M","?","?","M","E","R","E","T","?","$","M","?","E","R","BOSS"],"items_purchased_type":["Relic","Relic","Relic","Relic","Relic","Card","Card","Relic","Relic","Relic","Relic","Relic"],"build_version":"2020-12-22","purchased_purges":2,"victory":true,"max_hp_per_floor":[82,82,82,82,82,82,82,82,82,82,87,87,87,87,87,87,87,87,87,87,87,87,87,87,87,87,87,87,87,87,87,87,87,92,92,92,92,92,92,92,92,92,92,92,92,92,92,92,92,92],"card_choices":[{"not_picked":["rmod:rockthrower","rmod:bulid"],"picked":"rmod:maintain","floor":1.0},{"not_picked":["rmod:highspeedshooting","rmod:aviationdawn"],"picked":"rmod:openingtorpedo","floor":2.0},{"not_picked":["rmod:fletcherpendant","rmod:diaomin","rmod:aluminumsupply"],"picked":"SKIP","floor":3.0},{"not_picked":["rmod:fuelsupply","rmod:fletcherpendant","rmod:combined"],"picked":"SKIP","floor":5.0},{"not_picked":["rmod:spoils","rmod:sl"],"picked":"rmod:firesupport","floor":6},{"not_picked":["rmod:unsinkable","rmod:openingtorpedo"],"picked":"rmod:secretscript","floor":8},{"not_picked":["rmod:highspeedshooting","rmod:goodsister"],"picked":"rmod:circuitoustactics","floor":11},{"not_picked":["rmod:heivgo","rmod:ring"],"picked":"rmod:rockthrower","floor":12},{"not_picked":["rmod:supportescort","rmod:tearstotiara"],"picked":"rmod:maintain","floor":14},{"not_picked":["rmod:wolves+1","rmod:steelsupply"],"picked":"rmod:royalracing","floor":18},{"not_picked":["rmod:heivgo","rmod:highspeedshooting","rmod:diamondstrike+1"],"picked":"SKIP","floor":19},{"not_picked":["rmod:supportescort+1","rmod:firesupport","rmod:intelligenceanalysis"],"picked":"SKIP","floor":22},{"not_picked":["rmod:fletcher","rmod:fletcherpendant","rmod:tearstotiara"],"picked":"SKIP","floor":24},{"not_picked":["rmod:diamondstrike","rmod:supportescort","rmod:goodsister"],"picked":"SKIP","floor":27},{"not_picked":["rmod:garrisonisland","rmod:ammunitionsupply","rmod:overbreakdown"],"picked":"SKIP","floor":30},{"not_picked":["rmod:openingtorpedo","rmod:ammunitionsupply","rmod:selfconfidence"],"picked":"SKIP","floor":31},{"not_picked":["rmod:secretscript","rmod:stealaluminum"],"picked":"rmod:acesubmarine","floor":33},{"not_picked":["rmod:highspeedshooting","rmod:concentratefire+1","rmod:wolves"],"picked":"SKIP","floor":35},{"not_picked":["rmod:aluminumsupply+1","rmod:steelsupply+1","rmod:circuitoustactics"],"picked":"SKIP","floor":36},{"not_picked":["rmod:lonelyqueen","rmod:tearstotiara+1"],"picked":"rmod:royalracing+1","floor":37},{"not_picked":["rmod:chargemoney+1","rmod:firesupport","rmod:openingtorpedo+1"],"picked":"SKIP","floor":39},{"not_picked":["rmod:spoils+1","rmod:firesupport","rmod:smokecover+1"],"picked":"SKIP","floor":40},{"not_picked":["rmod:aggressivemary","rmod:goodfighter+1","rmod:highspeedshooting+1"],"picked":"SKIP","floor":42},{"not_picked":["rmod:fuelsupply+1","rmod:goodfighter","rmod:garrisonisland"],"picked":"SKIP","floor":46},{"not_picked":["rmod:gendarmerie+1","rmod:aviationdawn","rmod:victimresponsibility"],"picked":"SKIP","floor":47},{"not_picked":["rmod:supportescort+1","rmod:stealaluminum","rmod:intelligenceanalysis"],"picked":"SKIP","floor":48}],"player_experience":130593,"relics_obtained":[{"floor":6,"key":"Bottled Lightning"},{"floor":8,"key":"Dota2Spire:Butterfly"},{"floor":12,"key":"Dota2Spire:DrumOfEndurance"},{"floor":21,"key":"Dota2Spire:EtherealBlade"},{"floor":24,"key":"Pantograph"},{"floor":26,"key":"Dream Catcher"},{"floor":27,"key":"Centennial Puzzle"},{"floor":40,"key":"aspiration:HiddenCompartment"},{"floor":42,"key":"Bag of Preparation"},{"floor":43,"key":"aspiration:FrozenJewel"},{"floor":48,"key":"Dota2Spire:OctarineCore"}],"event_choices":[{"damage_healed":0.0,"max_hp_gain":0.0,"max_hp_loss":0.0,"gold_gain":0.0,"cards_transformed":["rmod:defend"],"event_name":"Transmorgrifier","player_choice":"Transformed","floor":4.0,"gold_loss":0.0,"damage_taken":0.0,"cards_obtained":["rmod:wolves"]},{"damage_healed":0,"gold_gain":0,"player_choice":"Read","damage_taken":0,"max_hp_gain":0,"max_hp_loss":0,"event_name":"The Library","floor":20,"gold_loss":0,"cards_obtained":["rmod:circuitoustactics"]},{"damage_healed":0,"gold_gain":0,"player_choice":"Ignored","damage_taken":0,"max_hp_gain":0,"max_hp_loss":0,"event_name":"N\u0027loth","floor":29,"gold_loss":0},{"damage_healed":0,"gold_gain":0,"player_choice":"Paid","damage_taken":0,"relics_obtained":["Red Mask"],"max_hp_gain":0,"max_hp_loss":0,"event_name":"Tomb of Lord Red Mask","floor":38,"gold_loss":37},{"damage_healed":0,"gold_gain":0,"player_choice":"Memory 1","damage_taken":0,"max_hp_gain":0,"max_hp_loss":0,"event_name":"SensoryStone","floor":44,"gold_loss":0}],"is_beta":false,"boss_relics":[{"not_picked":["Velvet Choker","Busted Crown"],"picked":"EasyGame_NEW"},{"not_picked":["aspiration:DefectSkillbook","Runic Pyramid"],"picked":"Tiny House"}],"items_purged_floors":[28,37],"is_endless":false,"potions_floor_spawned":[1,6,11,12,14,19,24,27,31,35,39,46,47],"ascension_level":8}}