{"host":"0azimyi6n3ugndj4","time":1609860452,"event":{"mods":["2.2 Compatiblity","BaseMod","Bestiary","Conspire","Curses Come First","Defuse TimeMaze Blight","Hermit","Hubris","Hyrulean Relics","Infinite Spire","Jorbs\u0027s Wanderer Trilogy","Minty Spire (QoL Compilation)","Relic Stats","Replay The Spire","StSLib","SuperFastMode","The Cursed","The Hierophant","Uncapped","¡¼?Úª?ø«¡½REMEMod"],"gold_per_floor":[124,124,144,144,172,211,211,232,232,232,72,95,95,129,129,129,129],"floor_reached":16,"playtime":305,"items_purged":[],"score":320,"play_id":"d4123309-7194-4cf7-8624-7557b63c1e06","local_time":"20210106002732","daily_mods":["SealedDeck","Hoarder","Insanity","Chimera","Specialized","ControlledChaos","Allstar","Diverse","Colorless Cards","Heirloom","Time Dilation","Flight","Elite Swarm","Binary"],"is_ascension_mode":true,"campfire_choices":[{"data":"Demon Form","floor":7,"key":"SMITH"},{"floor":15,"key":"REST"}],"circlet_count":0,"master_deck":["Demon Form+1","Wraith Form v2+1","Echo Form","DevaForm","stsjorbsmod:ArcaneForm","stsjorbsmod:WastingForm","AscendersBane","Bash","Survivor","Zap","Eruption","Strike_R","Strike_G","Strike_B","Defend_R","Defend_G","Defend_P","Loop","hermit:WideOpen","TheCursedMod:CircleOfFlame","Hologram","ThirdEye","Prepared","stsjorbsmod:ChainLightning","stsjorbsmod:LoseGrip","stsjorbsmod:FlameWard","hermit:Maintenance","Iron Wave","hermit:TrackingShot","stsjorbsmod:FracturedMind","Replay:Battleflow","Acrobatics","stsjorbsmod:ScorchingRay","Blade Dance","TheCursedMod:Stretching","Leg Sweep","Perfected Strike","Panic Button","stsjorbsmod:ChatteringStrike","Tactician","hierophant:CursedGold","PathToVictory","Replay:Battleflow","Force Field","Tempest","hermit:NoHoldsBarred","hermit:Spite","hermit:Deadeye","hermit:TakeCover","Sword Boomerang","Purity","hermit:Showdown","hierophant:ThreeLashes","stsjorbsmod:TollTheDead","SignatureMove","hierophant:Zeal","Cloak And Dagger","Anger","Replay:AtTheReady","Prepared","stsjorbsmod:Channel","hierophant:Smite","hermit:Misfire","Jack Of All Trades","hermit:CalledShot","stsjorbsmod:AnimateObjects","hierophant:RustyCrate","stsjorbsmod:Mindworm","stsjorbsmod:Mindworm","stsjorbsmod:Mindworm","stsjorbsmod:Mindworm","stsjorbsmod:Mindworm","stsjorbsmod:Mindworm","stsjorbsmod:Mindworm","stsjorbsmod:Mindworm","stsjorbsmod:Mindworm","stsjorbsmod:Mindworm","stsjorbsmod:Mindworm","stsjorbsmod:Mindworm","stsjorbsmod:Mindworm","stsjorbsmod:Mindworm","stsjorbsmod:Mindworm","Acrobatics","Acrobatics","Acrobatics","stsjorbsmod:Hurt","stsjorbsmod:Hurt","stsjorbsmod:Hurt","Steam","Steam","Steam","hermit:BigShot","hermit:BigShot","hermit:BigShot","Evaluate","Evaluate","Evaluate","Outmaneuver","Outmaneuver","Outmaneuver","WaveOfTheHand","WaveOfTheHand","WaveOfTheHand","stsjorbsmod:ParryingBlow","stsjorbsmod:ParryingBlow","stsjorbsmod:ParryingBlow","Sanctity","Sanctity","Sanctity","Steam Power","Steam Power","Steam Power","Hyperbeam","Hyperbeam","Hyperbeam","Neutralize","Neutralize","Neutralize","Pain","Pain","Pain"],"relics":["Ring of the Snake","Frozen Eye","Busted Crown","REME_ComplimentaryCards","Ice Cream","WarpedTongs","CeramicFish","Blood Vial"],"acts_visited":["Exordium"],"potions_floor_usage":[16,16],"damage_taken":[{"damage":6,"enemies":"2 Louse","floor":1,"turns":2},{"damage":0,"enemies":"Cultist","floor":3,"turns":2},{"damage":0,"enemies":"infinitespire:Voidling","floor":5,"turns":1},{"damage":2,"enemies":"Lagavulin","floor":6,"turns":5},{"damage":0,"enemies":"3 Louse","floor":8,"turns":1},{"damage":5,"enemies":"Lots of Slimes","floor":12,"turns":4},{"damage":10,"enemies":"Gremlin Nob","floor":14,"turns":5},{"damage":64,"enemies":"Hexaghost","floor":16,"turns":7}],"seed_played":"5747418116633672708","potions_obtained":[{"floor":1,"key":"Reflective Coating"},{"floor":8,"key":"Poison Potion"},{"floor":14,"key":"Weak Potion"}],"is_trial":true,"path_per_floor":["M","?","M","?","M","E","R","M","T","?","$","M","?","E","R","B"],"character_chosen":"THE_SILENT","items_purchased":["CeramicFish"],"campfire_rested":1,"item_purchase_floors":[11],"current_hp_per_floor":[53,53,53,53,53,51,51,51,51,51,51,46,51,41,62,0,0],"gold":129,"neow_bonus":"","is_daily":false,"chose_seed":false,"campfire_upgraded":1,"win_rate":0.0,"timestamp":1609860452,"path_taken":["M","?","?","?","?","E","R","?","T","?","$","?","?","E","R","BOSS"],"items_purchased_type":["Relic"],"build_version":"2020-12-22","purchased_purges":0,"victory":false,"max_hp_per_floor":[66,66,66,66,66,66,66,66,66,66,66,66,71,71,71,71,71],"relic_stats":{"Blood Vial":2,"Busted Crown":28,"counters":[8,27],"CeramicFish":0,"obtain_stats":[{"Ice Cream":0,"Blood Vial":14,"Frozen Eye":0,"Busted Crown":0,"CeramicFish":11,"Ring of the Snake":0,"REME_ComplimentaryCards":0,"WarpedTongs":10},{"Ice Cream":0,"Blood Vial":7,"Frozen Eye":0,"Busted Crown":0,"CeramicFish":5,"Ring of the Snake":0,"REME_ComplimentaryCards":0,"WarpedTongs":5},{"Ice Cream":0,"Blood Vial":20,"Frozen Eye":0,"Busted Crown":0,"CeramicFish":11,"Ring of the Snake":0,"REME_ComplimentaryCards":0,"WarpedTongs":11}],"Ring of the Snake":[16],"WarpedTongs":[16]},"card_choices":[],"player_experience":1546570,"relics_obtained":[{"floor":14,"key":"Blood Vial"}],"event_choices":[{"damage_healed":0,"gold_gain":0,"player_choice":"1 cards matched","damage_taken":0,"max_hp_gain":0,"max_hp_loss":0,"event_name":"Match and Keep!","floor":2,"gold_loss":0,"cards_obtained":["Neutralize"]},{"damage_healed":0,"gold_gain":0,"player_choice":"Upgraded","damage_taken":0,"max_hp_gain":0,"max_hp_loss":0,"event_name":"Upgrade Shrine","floor":4,"gold_loss":0,"cards_upgraded":["Wraith Form v2"]},{"damage_healed":0,"gold_gain":0,"player_choice":"Rummage","damage_taken":0,"relics_obtained":["WarpedTongs"],"max_hp_gain":0,"max_hp_loss":0,"event_name":"Accursed Blacksmith","floor":10,"gold_loss":0,"cards_obtained":["Pain"]},{"damage_healed":0,"gold_gain":0,"player_choice":"Donut","damage_taken":0,"max_hp_gain":5,"max_hp_loss":0,"event_name":"Big Fish","floor":13,"gold_loss":0}],"is_beta":false,"boss_relics":[],"items_purged_floors":[],"is_endless":false,"potions_floor_spawned":[1,8,14],"killed_by":"Hexaghost","ascension_level":20}}