{"host":"Timothy","time":1609889090,"event":{"mods":["AchievementEnabler","BaseMod","Bestiary","Highlight Path","Minty Spire (QoL Compilation)","Quick Restart","Slay-I"],"gold_per_floor":[119,119,139,139,139,139,167,167,167,187,212,212,137,152,152,251,251,270,270,288,152,152,152,152,182,182,182,182,211,229,242,242,337,337,347,347,366,383,400,432,432,459,459,459,472,486,505,49,49,49],"floor_reached":51,"playtime":3937,"items_purged":["Strike_P","Pain","Shame"],"score":830,"play_id":"94b908a0-ad41-440f-883e-515ac83c915e","local_time":"20210105152450","is_ascension_mode":false,"campfire_choices":[{"data":"Eruption","floor":6.0,"key":"SMITH"},{"data":"CutThroughFate","floor":8.0,"key":"SMITH"},{"data":"Defend_P","floor":12.0,"key":"SMITH"},{"data":"Defend_P","floor":15.0,"key":"SMITH"},{"data":"TalkToTheHand","floor":23.0,"key":"SMITH"},{"data":"Establishment","floor":32.0,"key":"SMITH"},{"data":"BattleHymn","floor":41.0,"key":"SMITH"},{"data":"Vigilance","floor":44,"key":"SMITH"},{"data":"BattleHymn","floor":49,"key":"SMITH"}],"circlet_count":0,"master_deck":["Strike_P+1","Defend_P+1","Defend_P+1","Defend_P+1","Eruption+1","Vigilance+1","CutThroughFate+1","Consecrate","Judgement","TalkToTheHand+1","Wireheading","Evaluate+1","BattleHymn+1","Ghostly","Ghostly","Ghostly","Ghostly","Ghostly","DeusExMachina","Vengeance","Establishment+1","Evaluate+1","SandsOfTime","Evaluate+1","ThirdEye+1","BattleHymn+1","Nirvana"],"relics":["Coffee Dripper","CloakClasp","Gremlin Horn","Cursed Key","WarpedTongs","Toy Ornithopter","Pen Nib","Blood Vial","VioletLotus","The Courier","MealTicket","Bird Faced Urn"],"acts_visited":["Exordium","TheCity","TheBeyond"],"potions_floor_usage":[],"damage_taken":[{"damage":0.0,"enemies":"Small Slimes","floor":1.0,"turns":2.0},{"damage":0.0,"enemies":"2 Louse","floor":3.0,"turns":2.0},{"damage":2.0,"enemies":"Lagavulin","floor":7.0,"turns":6.0},{"damage":0.0,"enemies":"Cultist","floor":10.0,"turns":2.0},{"damage":16.0,"enemies":"3 Sentries","floor":11.0,"turns":13.0},{"damage":0.0,"enemies":"Exordium Thugs","floor":14.0,"turns":2.0},{"damage":1.0,"enemies":"Hexaghost","floor":16.0,"turns":7.0},{"damage":0.0,"enemies":"Shell Parasite","floor":18.0,"turns":6.0},{"damage":0.0,"enemies":"Chosen","floor":20.0,"turns":3.0},{"damage":0.0,"enemies":"Slavers","floor":25.0,"turns":4.0},{"damage":0.0,"enemies":"Book of Stabbing","floor":29.0,"turns":5.0},{"damage":0.0,"enemies":"Centurion and Healer","floor":30.0,"turns":5.0},{"damage":0.0,"enemies":"Chosen and Byrds","floor":31.0,"turns":5.0},{"damage":21.0,"enemies":"Collector","floor":33.0,"turns":9.0},{"damage":0.0,"enemies":"3 Darklings","floor":35.0,"turns":5.0},{"damage":0.0,"enemies":"Orb Walker","floor":37.0,"turns":4.0},{"damage":12.0,"enemies":"Transient","floor":38.0,"turns":5.0},{"damage":0.0,"enemies":"Sphere and 2 Shapes","floor":39.0,"turns":5.0},{"damage":10.0,"enemies":"Nemesis","floor":40.0,"turns":7.0},{"damage":0.0,"enemies":"Reptomancer","floor":42.0,"turns":6.0},{"damage":1,"enemies":"Jaw Worm Horde","floor":45,"turns":4},{"damage":0,"enemies":"Maw","floor":46,"turns":9},{"damage":0,"enemies":"Writhing Mass","floor":47,"turns":6},{"damage":17,"enemies":"Awakened One","floor":50,"turns":10}],"seed_played":"-4515940267184081908","potions_obtained":[{"floor":5.0,"key":"Block Potion"},{"floor":5.0,"key":"LiquidBronze"},{"floor":5.0,"key":"Fruit Juice"},{"floor":11.0,"key":"Strength Potion"},{"floor":16.0,"key":"Block Potion"},{"floor":18.0,"key":"SteroidPotion"},{"floor":20.0,"key":"PowerPotion"},{"floor":45,"key":"PowerPotion"}],"is_trial":false,"path_per_floor":["M","?","M","?","?","R","E","R","T","M","E","R","$","M","R","B",null,"M","?","M","$","?","R","?","E","T","T","?","E","M","M","R","B",null,"M","?","M","M","M","E","R","E","T","R","M","M","M","$","R","B",null],"character_chosen":"WATCHER","items_purchased":["BattleHymn","BattleHymn","Nirvana","Bird Faced Urn"],"campfire_rested":0,"item_purchase_floors":[21,48,48,48],"current_hp_per_floor":[72,65,65,51,51,51,54,54,54,54,38,38,38,38,38,37,77,77,77,77,77,38,38,38,38,38,38,38,38,38,38,38,17,38,38,38,38,26,28,25,25,27,27,27,28,30,32,38,38,23],"gold":49,"neow_bonus":"BOSS_RELIC","is_daily":false,"chose_seed":false,"campfire_upgraded":9,"win_rate":0.0,"timestamp":1609889090,"path_taken":["M","?","M","?","?","R","E","R","T","M","E","R","$","?","R","BOSS","M","?","M","$","?","R","?","E","T","?","?","E","M","M","R","BOSS","M","?","M","?","M","E","R","E","T","R","M","M","M","$","R","BOSS"],"items_purchased_type":["Card","Card","Card","Relic"],"build_version":"2020-12-18","purchased_purges":3,"victory":true,"max_hp_per_floor":[72,72,72,72,72,72,77,77,77,77,77,77,77,77,77,77,77,77,77,77,77,38,38,38,38,38,38,38,38,38,38,38,38,38,38,38,38,38,38,38,38,38,38,38,38,38,38,38,38,38],"card_choices":[{"not_picked":["Indignation","ThirdEye"],"picked":"CutThroughFate","floor":1.0},{"not_picked":["BowlingBash","WreathOfFlame","Crescendo"],"picked":"SKIP","floor":3.0},{"not_picked":["FlyingSleeves","Blasphemy","FollowUp"],"picked":"SKIP","floor":7.0},{"not_picked":["FlyingSleeves","Halt"],"picked":"Consecrate","floor":10.0},{"not_picked":["FlyingSleeves","Evaluate"],"picked":"Judgement","floor":11.0},{"not_picked":["Prostrate","Pray"],"picked":"TalkToTheHand","floor":14.0},{"not_picked":["SignatureMove","FollowUp"],"picked":"Wireheading","floor":18.0},{"not_picked":["FollowUp+1","EmptyMind"],"picked":"Evaluate+1","floor":20.0},{"not_picked":["EmptyFist","PathToVictory","Prostrate+1"],"picked":"SKIP","floor":25.0},{"not_picked":["BowlingBash+1","Crescendo"],"picked":"Establishment","floor":29.0},{"not_picked":["Halt","CrushJoints"],"picked":"Evaluate+1","floor":30.0},{"not_picked":["EmptyFist","WheelKick","FlurryOfBlows"],"picked":"SKIP","floor":31.0},{"not_picked":["FlyingSleeves+1","ThirdEye","FlurryOfBlows+1"],"picked":"SKIP","floor":35.0},{"not_picked":["WheelKick+1","Perseverance+1"],"picked":"SandsOfTime","floor":37.0},{"not_picked":["WheelKick+1","Consecrate","Wireheading"],"picked":"SKIP","floor":38.0},{"not_picked":["Vengeance","Halt+1"],"picked":"Evaluate+1","floor":39.0},{"not_picked":["EmptyBody+1","EmptyMind+1","Fasting2+1"],"picked":"SKIP","floor":40.0},{"not_picked":["Vault","EmptyMind"],"picked":"ThirdEye+1","floor":42.0},{"not_picked":["MentalFortress+1","SashWhip+1","FollowUp+1"],"picked":"SKIP","floor":45},{"not_picked":["Crescendo","Wireheading+1","BowlingBash+1"],"picked":"SKIP","floor":46},{"not_picked":["FlurryOfBlows+1","Consecrate","Indignation+1"],"picked":"SKIP","floor":47}],"player_experience":753156,"relics_obtained":[{"floor":7.0,"key":"CloakClasp"},{"floor":11.0,"key":"Gremlin Horn"},{"floor":25.0,"key":"Toy Ornithopter"},{"floor":26.0,"key":"Pen Nib"},{"floor":29.0,"key":"Blood Vial"},{"floor":40.0,"key":"The Courier"},{"floor":42.0,"key":"MealTicket"}],"event_choices":[{"cards_removed":["Strike_P"],"damage_healed":0.0,"max_hp_gain":0.0,"max_hp_loss":0.0,"gold_gain":0.0,"event_name":"Golden Wing","player_choice":"Card Removal","floor":2.0,"gold_loss":0.0,"damage_taken":7.0},{"damage_healed":0.0,"max_hp_gain":0.0,"max_hp_loss":0.0,"gold_gain":0.0,"event_name":"Shining Light","player_choice":"Entered Light","floor":4.0,"gold_loss":0.0,"damage_taken":14.0,"cards_upgraded":["Strike_P","Defend_P"]},{"damage_healed":0.0,"max_hp_gain":0.0,"max_hp_loss":0.0,"gold_gain":0.0,"event_name":"Lab","player_choice":"Got Potions","floor":5.0,"gold_loss":0.0,"damage_taken":0.0},{"damage_healed":0.0,"max_hp_gain":0.0,"max_hp_loss":0.0,"gold_gain":0.0,"event_name":"Accursed Blacksmith","player_choice":"Rummage","floor":19.0,"gold_loss":0.0,"damage_taken":0.0,"relics_obtained":["WarpedTongs"],"cards_obtained":["Pain"]},{"damage_healed":0.0,"max_hp_gain":0.0,"max_hp_loss":39.0,"gold_gain":0.0,"event_name":"Ghosts","player_choice":"Became a Ghost","floor":22.0,"gold_loss":0.0,"damage_taken":0.0,"cards_obtained":["Ghostly","Ghostly","Ghostly","Ghostly","Ghostly"]},{"damage_healed":0.0,"max_hp_gain":0.0,"max_hp_loss":0.0,"gold_gain":0.0,"event_name":"The Mausoleum","player_choice":"Ignored","floor":24.0,"gold_loss":0.0,"damage_taken":0.0},{"damage_healed":0.0,"max_hp_gain":0.0,"max_hp_loss":0.0,"gold_gain":0.0,"cards_transformed":["Strike_P","Defend_P"],"event_name":"Drug Dealer","player_choice":"Became Test Subject","floor":28.0,"gold_loss":0.0,"damage_taken":0.0,"cards_obtained":["DeusExMachina","Vengeance"]},{"damage_healed":0.0,"max_hp_gain":0.0,"max_hp_loss":0.0,"gold_gain":0.0,"event_name":"Wheel of Change","player_choice":"Full Heal","floor":36.0,"gold_loss":0.0,"damage_taken":0.0}],"is_beta":true,"boss_relics":[{"not_picked":["Pandora\u0027s Box","Runic Dome"],"picked":"Cursed Key"},{"not_picked":["SacredBark","Calling Bell"],"picked":"VioletLotus"}],"items_purged_floors":[13,21,48],"is_endless":false,"potions_floor_spawned":[11,14,16,18,20,33,37,45,46],"ascension_level":0}}