{"host":"vsdszi3rnxsdp24p","time":1609863526,"event":{"mods":["AchievementEnabler","BaseMod","Bestiary","Colored Map","Colored Powertips","Curses Come First","DeckTracker","Hermit","Highlight Path","Minty Spire (QoL Compilation)","Quick Restart","Relic Sorter","Relic Stats","StSLib","SuperFastMode","Synergy Search","The Cursed","The Mystic"],"gold_per_floor":[116,136,136,411,421,421,440,451,476,531,531,550,578,592,592,692,692,704,704,704,704,704,704],"floor_reached":22,"playtime":1426,"items_purged":[],"score":211,"play_id":"3808e68b-4e69-4149-9407-aa4c98737729","local_time":"20210105171846","is_ascension_mode":false,"campfire_choices":[{"data":"Ball Lightning","floor":6,"key":"SMITH"},{"data":"Seek","floor":11,"key":"SMITH"},{"floor":15,"key":"REST"}],"circlet_count":0,"master_deck":["Strike_B+1","Strike_B","Strike_B","Strike_B","Defend_B","Defend_B","Defend_B","Defend_B","Zap","Dualcast","Dramatic Entrance+1","Doom and Gloom","Glacier","Regret","Ball Lightning+1","Turbo","Seek+1","Barrage","Streamline","Cold Snap","Fission","White Noise","J.A.X."],"relics":["Cracked Core","Whetstone","Dream Catcher","Philosopher\u0027s Stone"],"acts_visited":["Exordium","TheCity"],"potions_floor_usage":[7,8,8,13,13,16],"damage_taken":[{"damage":10,"enemies":"Small Slimes","floor":1,"turns":2},{"damage":1,"enemies":"Jaw Worm","floor":2,"turns":2},{"damage":2,"enemies":"Cultist","floor":5,"turns":3},{"damage":0,"enemies":"3 Louse","floor":7,"turns":2},{"damage":0,"enemies":"Large Slime","floor":8,"turns":3},{"damage":12,"enemies":"Looter","floor":12,"turns":3},{"damage":2,"enemies":"Gremlin Nob","floor":13,"turns":3},{"damage":0,"enemies":"2 Fungi Beasts","floor":14,"turns":1},{"damage":26,"enemies":"Slime Boss","floor":16,"turns":9},{"damage":12,"enemies":"Spheric Guardian","floor":18,"turns":4},{"damage":49,"enemies":"3 Byrds","floor":22,"turns":4}],"seed_played":"-3741353976349617878","potions_obtained":[{"floor":7,"key":"EntropicBrew"},{"floor":8,"key":"BlessingOfTheForge"},{"floor":12,"key":"SkillPotion"}],"is_trial":false,"path_per_floor":["M","M","?","?","M","R","M","M","T","?","R","M","E","M","R","B",null,"M","?","?","?","M"],"character_chosen":"DEFECT","items_purchased":[],"campfire_rested":1,"item_purchase_floors":[],"current_hp_per_floor":[65,64,64,64,62,62,62,62,62,62,62,50,48,48,70,44,75,63,63,63,49,0,0],"gold":704,"neow_bonus":"RANDOM_COLORLESS","is_daily":false,"chose_seed":false,"campfire_upgraded":2,"win_rate":0.0,"timestamp":1609863526,"path_taken":["M","M","?","?","M","R","?","M","T","?","R","M","E","M","R","BOSS","M","?","?","?","M"],"items_purchased_type":[],"build_version":"2020-12-22","purchased_purges":0,"victory":false,"max_hp_per_floor":[75,75,75,75,75,75,75,75,75,75,75,75,75,75,75,75,75,75,75,75,80,80,80],"relic_stats":{"Dream Catcher":1,"counters":[11,36],"Whetstone":["Dramatic Entrance","Strike_B"],"obtain_stats":[{"Dream Catcher":13,"Philosopher\u0027s Stone":17,"Whetstone":9,"Cracked Core":0},{"Dream Catcher":7,"Philosopher\u0027s Stone":9,"Whetstone":5,"Cracked Core":0},{"Dream Catcher":18,"Philosopher\u0027s Stone":28,"Whetstone":12,"Cracked Core":0}]},"card_choices":[{"not_picked":["Trip","Impatience"],"picked":"Dramatic Entrance","floor":0},{"not_picked":["Chaos","Self Repair"],"picked":"Doom and Gloom","floor":1},{"not_picked":["Doom and Gloom","Barrage"],"picked":"Glacier","floor":2},{"not_picked":["Heatsinks","Beam Cell"],"picked":"Ball Lightning","floor":5},{"not_picked":["Stack","Auto Shields"],"picked":"Turbo","floor":7},{"not_picked":["Streamline","Auto Shields"],"picked":"Seek","floor":8},{"not_picked":["Beam Cell","Gash"],"picked":"Barrage","floor":12},{"not_picked":["Sweeping Beam","Beam Cell"],"picked":"Streamline","floor":13},{"not_picked":["Turbo","Steam"],"picked":"Cold Snap","floor":14},{"not_picked":["All For One","Biased Cognition"],"picked":"Fission","floor":16},{"not_picked":["Rebound","Compile Driver"],"picked":"White Noise","floor":18}],"player_experience":137035,"relics_obtained":[{"floor":9,"key":"Whetstone"},{"floor":13,"key":"Dream Catcher"}],"event_choices":[{"damage_healed":0,"gold_gain":0,"player_choice":"Leave","damage_taken":0,"max_hp_gain":0,"max_hp_loss":0,"event_name":"The Cleric","floor":3,"gold_loss":0},{"damage_healed":0,"gold_gain":275,"player_choice":"Desecrate","damage_taken":0,"max_hp_gain":0,"max_hp_loss":0,"event_name":"Golden Shrine","floor":4,"gold_loss":0,"cards_obtained":["Regret"]},{"damage_healed":0,"gold_gain":55,"player_choice":"Gained Gold","damage_taken":0,"max_hp_gain":0,"max_hp_loss":0,"event_name":"Golden Wing","floor":10,"gold_loss":0},{"damage_healed":0,"gold_gain":0,"player_choice":"Obtain J.A.X.","damage_taken":0,"max_hp_gain":0,"max_hp_loss":0,"event_name":"Drug Dealer","floor":19,"gold_loss":0,"cards_obtained":["J.A.X."]},{"damage_healed":0,"gold_gain":0,"player_choice":"Ignored","damage_taken":0,"max_hp_gain":0,"max_hp_loss":0,"event_name":"Ghosts","floor":20,"gold_loss":0},{"damage_healed":0,"gold_gain":0,"player_choice":"Shed Blood","damage_taken":19,"max_hp_gain":5,"max_hp_loss":0,"event_name":"Forgotten Altar","floor":21,"gold_loss":0}],"is_beta":false,"boss_relics":[{"not_picked":["Fusion Hammer","Ectoplasm"],"picked":"Philosopher\u0027s Stone"}],"items_purged_floors":[],"is_endless":false,"potions_floor_spawned":[7,8,12],"killed_by":"3 Byrds","ascension_level":0}}