{"host":"qvl114e0jmbc6yhm","time":1609890235,"event":{"mods":["Act Like it!","BaseMod","Hermit","Highlight Path","Hubris","Jedi Mod","Marisa????????","Marked Mod","Minty Spire (QoL Compilation)","Permanent Neow","Random Character Button","Relic Sorter","Relic Stats","Replay The Spire","Shop Mod","Spicy Shops","StSLib","The Jungle","The Runesmith"],"gold_per_floor":[363,383,383,398,398,431,431,464,511,511,106,125,139,149,149,226,226,245,245,257,112,112,137,137,172,172,172,183,199,233,253,253,325,325,339,339,339,356,8,8,35,41,41,99,99,134,134,62,62,44],"floor_reached":51,"playtime":4516,"items_purged":["Entrench"],"score":1297,"play_id":"c68b38ae-88a0-41d2-8b22-c1e52f1611b2","local_time":"20210105184355","is_ascension_mode":true,"campfire_choices":[{"data":"Whirlwind","floor":7,"key":"SMITH"},{"floor":10,"key":"REST"},{"data":"Bash","floor":15,"key":"SMITH"},{"data":"Flame Barrier","floor":15,"key":"SMITH"},{"data":"Uppercut","floor":24,"key":"SMITH"},{"data":"Impervious","floor":24,"key":"SMITH"},{"data":"Pommel Strike","floor":27,"key":"SMITH"},{"data":"Pommel Strike","floor":27,"key":"SMITH"},{"data":"Demon Form","floor":40,"key":"SMITH"},{"data":"Corruption","floor":40,"key":"SMITH"},{"data":"1","floor":45,"key":"LIFT"},{"data":"2","floor":47,"key":"LIFT"},{"data":"3","floor":49,"key":"LIFT"}],"circlet_count":0,"master_deck":["AscendersBane","Strike_R","Strike_R","Strike_R","Strike_R","Defend_R","Defend_R","Defend_R","Defend_R","Bash+1","Clothesline+1","Whirlwind+1","Shrug It Off","Flame Barrier+1","Pommel Strike+1","Pommel Strike+1","Limit Break","Disarm+1","Pummel","Uppercut+1","Twin Strike","Impervious+1","Dropkick","Demon Form+1","Corruption+1","AbeCurse","Entrench","ReplayTheSpireMod:Limb From Limb","Replay:Undeath\u0027s Touch","Impervious","Pummel+1","Feel No Pain"],"relics":["Burning Blood","hubris:Icosahedron","StrikeDummy","Regal Pillow","ReplayTheSpireMod:Spearhead","Replay:Arrowhead","jedi:paperlyon","Pet Ghost","jedi:gremlinknob","Mercury Hourglass","Abe\u0027s Treasure","Charon\u0027s Ashes","Replay:Bandana","hubris:TenFootPole","jedi:Pinwheel","Girya"],"acts_visited":["Exordium","TheCity","TheBeyond"],"potions_floor_usage":[6,23,23,30,30,33,35,38,42,50],"damage_taken":[{"damage":0,"enemies":"Small Slimes","floor":1,"turns":3},{"damage":9,"enemies":"2 Louse","floor":2,"turns":3},{"damage":0,"enemies":"Cultist","floor":4,"turns":3},{"damage":37,"enemies":"Lagavulin","floor":6,"turns":9},{"damage":19,"enemies":"Replay:BlueRogue","floor":8,"turns":9},{"damage":13,"enemies":"Large Slime","floor":12,"turns":5},{"damage":6,"enemies":"3 Louse","floor":13,"turns":2},{"damage":7,"enemies":"Red Slaver","floor":14,"turns":4},{"damage":36,"enemies":"The Guardian","floor":16,"turns":13},{"damage":0,"enemies":"Spheric Guardian","floor":18,"turns":3},{"damage":0,"enemies":"Chosen","floor":20,"turns":3},{"damage":20,"enemies":"Book of Stabbing","floor":23,"turns":5},{"damage":4,"enemies":"Replay:Snechameleon","floor":25,"turns":8},{"damage":21,"enemies":"Centurion and Healer","floor":28,"turns":4},{"damage":0,"enemies":"Snecko","floor":29,"turns":2},{"damage":21,"enemies":"Slavers","floor":30,"turns":5},{"damage":9,"enemies":"3 Cultists","floor":31,"turns":5},{"damage":18,"enemies":"hubris:MusketHawk","floor":33,"turns":6},{"damage":9,"enemies":"3 Shapes","floor":35,"turns":4},{"damage":10,"enemies":"3 Darklings","floor":38,"turns":4},{"damage":7,"enemies":"Nemesis","floor":42,"turns":7},{"damage":0,"enemies":"Reptomancer","floor":44,"turns":5},{"damage":0,"enemies":"Transient","floor":46,"turns":5},{"damage":10,"enemies":"Donu and Deca","floor":50,"turns":4}],"seed_played":"-1713575573944002980","potions_obtained":[{"floor":2,"key":"Languid Potion"},{"floor":6,"key":"Swift Potion"},{"floor":8,"key":"Languid Potion"},{"floor":16,"key":"Adrenaline Potion"},{"floor":23,"key":"FearPotion"},{"floor":29,"key":"Weak Potion"},{"floor":32,"key":"jedi:holywater"},{"floor":32,"key":"Fruit Juice"},{"floor":33,"key":"Adrenaline Potion"},{"floor":35,"key":"jedi:hoardpotion"},{"floor":42,"key":"SneckoOil"},{"floor":46,"key":"FearPotion"}],"is_trial":false,"path_per_floor":["M","M","?","M","?","E","R","E","T","R","$","M","M","M","R","B",null,"M","?","M","$","?","E","R","E","T","R","M","M","E","M","R","B",null,"M","?","?","M","$","R","T","E","T","E","R","M","R","$","R","B",null],"character_chosen":"IRONCLAD","items_purchased":["Replay:Arrowhead","Flame Barrier","Uppercut","Charon\u0027s Ashes","Entrench","Feel No Pain"],"campfire_rested":1,"item_purchase_floors":[11,11,21,39,39,48],"current_hp_per_floor":[68,65,65,68,68,37,37,24,24,59,59,52,52,51,51,21,56,62,62,68,68,68,54,54,56,56,56,41,47,32,29,29,17,55,57,57,57,53,53,53,53,52,52,58,58,64,64,64,64,60],"gold":44,"neow_bonus":"TWO_FIFTY_GOLD","is_daily":false,"chose_seed":false,"campfire_upgraded":9,"win_rate":0.0,"timestamp":1609890235,"path_taken":["M","M","?","M","?","E","R","E","T","R","$","M","M","M","R","BOSS","M","?","?","$","?","E","R","E","T","R","M","?","E","M","R","BOSS","M","?","?","M","$","R","?","E","T","E","R","M","R","?","R","BOSS"],"items_purchased_type":["Relic","Card","Card","Relic","Card","Card"],"build_version":"2020-12-22","purchased_purges":1,"victory":true,"max_hp_per_floor":[68,68,68,68,68,68,68,68,68,68,68,68,68,68,68,68,68,68,68,68,68,68,68,68,68,68,68,68,68,68,68,68,68,68,73,73,73,73,73,73,73,73,73,73,73,73,73,73,73,73],"relic_stats":{"Regal Pillow":15,"counters":[24,121],"Charon\u0027s Ashes":[232],"obtain_stats":[{"Girya":44,"Regal Pillow":8,"jedi:gremlinknob":25,"Charon\u0027s Ashes":39,"jedi:Pinwheel":43,"Burning Blood":0,"Replay:Arrowhead":11,"Pet Ghost":23,"Mercury Hourglass":30,"ReplayTheSpireMod:Spearhead":9,"Replay:Bandana":41,"hubris:Icosahedron":37,"jedi:paperlyon":17,"hubris:TenFootPole":42,"StrikeDummy":6,"Abe\u0027s Treasure":34},{"Girya":22,"Regal Pillow":5,"jedi:gremlinknob":13,"Charon\u0027s Ashes":20,"jedi:Pinwheel":21,"Burning Blood":0,"Replay:Arrowhead":5,"Pet Ghost":12,"Mercury Hourglass":16,"ReplayTheSpireMod:Spearhead":5,"Replay:Bandana":20,"hubris:Icosahedron":19,"jedi:paperlyon":9,"hubris:TenFootPole":21,"StrikeDummy":4,"Abe\u0027s Treasure":18},{"Girya":112,"Regal Pillow":27,"jedi:gremlinknob":70,"Charon\u0027s Ashes":100,"jedi:Pinwheel":107,"Burning Blood":0,"Replay:Arrowhead":27,"Pet Ghost":62,"Mercury Hourglass":81,"ReplayTheSpireMod:Spearhead":27,"Replay:Bandana":100,"hubris:Icosahedron":96,"jedi:paperlyon":51,"hubris:TenFootPole":107,"StrikeDummy":18,"Abe\u0027s Treasure":92}],"Burning Blood":135,"Mercury Hourglass":[171]},"card_choices":[{"not_picked":["Armaments","Perfected Strike","Seeing Red"],"picked":"SKIP","floor":1},{"not_picked":["Fire Breathing","Reckless Charge","jedi:collectorstrike"],"picked":"SKIP","floor":2},{"not_picked":["Wild Strike","Dropkick","Iron Wave"],"picked":"SKIP","floor":4},{"not_picked":["Cleave","Thunderclap"],"picked":"Whirlwind","floor":6},{"not_picked":["Limit Break","Abandon"],"picked":"Shrug It Off","floor":8},{"not_picked":["Blood for Blood","Havoc","Armaments"],"picked":"SKIP","floor":12},{"not_picked":["Body Slam","Searing Blow"],"picked":"Pommel Strike","floor":13},{"not_picked":["Fire Breathing","Thunderclap"],"picked":"Pommel Strike","floor":14},{"not_picked":["Juggernaut","Demonic Infusion"],"picked":"Limit Break","floor":16},{"not_picked":["Havoc","Pummel"],"picked":"Disarm+1","floor":18},{"not_picked":["Sword Boomerang","Heavy Blade"],"picked":"Pummel","floor":20},{"not_picked":["Twin Strike","Clothesline"],"picked":"Impervious","floor":23},{"not_picked":["Defy Death","hubris:ReadiedAction"],"picked":"Dropkick","floor":25},{"not_picked":["Run Through","Fire Breathing","Perfected Strike"],"picked":"SKIP","floor":28},{"not_picked":["jedi:controlledanger","ReplayReversal","Evolve"],"picked":"SKIP","floor":29},{"not_picked":["Hemogenesis","Pummel+1"],"picked":"Demon Form","floor":30},{"not_picked":["Iron Wave","Run Through+1","Second Wind"],"picked":"SKIP","floor":31},{"not_picked":["Juggernaut","jedi:bloodyhammer"],"picked":"Corruption","floor":33},{"not_picked":["Combust","Run Through","Whirlwind"],"picked":"SKIP","floor":35},{"not_picked":["Warcry","Thunderclap","Entrench"],"picked":"SKIP","floor":38},{"not_picked":["Clash","Havoc","Run Through"],"picked":"SKIP","floor":44},{"not_picked":["Replay:Undeath\u0027s Touch","ReplayTheSpireMod:Corrosion Curse"],"picked":"Pummel+1","floor":46}],"player_experience":2411543,"relics_obtained":[{"floor":6,"key":"StrikeDummy"},{"floor":8,"key":"Regal Pillow"},{"floor":9,"key":"ReplayTheSpireMod:Spearhead"},{"floor":23,"key":"Pet Ghost"},{"floor":25,"key":"jedi:gremlinknob"},{"floor":30,"key":"Mercury Hourglass"},{"floor":41,"key":"Replay:Bandana"},{"floor":42,"key":"hubris:TenFootPole"},{"floor":43,"key":"jedi:Pinwheel"},{"floor":44,"key":"Girya"}],"event_choices":[{"damage_healed":0,"gold_gain":0,"cards_transformed":["Strike_R"],"player_choice":"Transformed","damage_taken":0,"max_hp_gain":0,"max_hp_loss":0,"event_name":"Transmorgrifier","floor":19,"gold_loss":0,"cards_obtained":["Entrench"]},{"damage_healed":0,"gold_gain":0,"player_choice":"Read","damage_taken":0,"max_hp_gain":0,"max_hp_loss":0,"event_name":"The Library","floor":22,"gold_loss":0,"cards_obtained":["Twin Strike"]},{"damage_healed":0,"gold_gain":0,"player_choice":"Ignored","damage_taken":0,"max_hp_gain":0,"max_hp_loss":0,"event_name":"Tomb of Lord Red Mask","floor":36,"gold_loss":0}],"is_beta":false,"boss_relics":[{"not_picked":["Fusion Hammer","Replay:Fungal Core"],"picked":"jedi:paperlyon"},{"not_picked":["Black Star","Black Blood"],"picked":"Abe\u0027s Treasure"}],"items_purged_floors":[21],"is_endless":false,"potions_floor_spawned":[2,6,8,13,16,18,23,29,33,35,42,46],"ascension_level":14}}