{"host":"4w8ocelhatf0iefc","time":1609816725,"event":{"mods":["AchievementEnabler","Act Like it!","Aspiration","BaseMod","Colored Map","Colored Powertips","Downfall","GifTheSpireLib","Hubris","Infinite Spire","Minty Spire (QoL Compilation)","Replay The Spire","StSLib"],"gold_per_floor":[118,131,131,131,144,144,176,176,176,203,3,15,15,29,29,128,128,141,141,141,141,157,187,187,202,202,233,44,69,69,81,81,184,184,198,198,216,227,247,274,274,309,309,309,322,342,358,372,372,467,517,531,531,531,547,560,576,526,526,526,526,548,558,558,575,575,665,665,668,668,668,673,671,671,596,596,596,616,617,935,942,570,570,663,663,669,669,679,679,688,688,684,684,684,678,687,682,682,716,716,808,808,817,817,822,549,563,563,578,578,630,630,415,240,240,159,159,239,239,240,240,232,232,232,236,311,411,485,153,153,153,174,179,179,266,266,299,299,0,15,15,39,39,48,48,48,132,152,152,152,152,241,268,268,195,229,334],"floor_reached":158,"playtime":6087,"items_purged":["Defend_P","Regret","Defend_P","Writhe","Strike_P+1","Defend_P","Strike_P+1","Parasite","Clumsy"],"score":4577,"play_id":"bef35b6d-6393-42fa-b325-923d5ae140f9","local_time":"20210105111845","is_ascension_mode":true,"campfire_choices":[{"data":"Eruption","floor":6.0,"key":"SMITH"},{"data":"PathToVictory","floor":8.0,"key":"SMITH"},{"data":"White Noise","floor":15.0,"key":"SMITH"},{"data":"Judgement","floor":24.0,"key":"SMITH"},{"data":"hubris:InfiniteBlow+17","floor":32.0,"key":"SMITH"},{"data":"hubris:InfiniteBlow+18","floor":41.0,"key":"SMITH"},{"data":"hubris:InfiniteBlow+19","floor":44.0,"key":"SMITH"},{"data":"hubris:InfiniteBlow+20","floor":49.0,"key":"SMITH"},{"data":"hubris:InfiniteBlow+22","floor":59.0,"key":"SMITH"},{"data":"Alpha","floor":61.0,"key":"SMITH"},{"data":"hubris:InfiniteBlow+23","floor":66.0,"key":"SMITH"},{"floor":74.0,"key":"RECALL"},{"data":"ReplayTheSpireMod:Chaos Vortex","floor":76.0,"key":"SMITH"},{"data":"hubris:InfiniteBlow+24","floor":83.0,"key":"SMITH"},{"data":"hubris:InfiniteBlow+25","floor":91.0,"key":"SMITH"},{"data":"Vigilance","floor":93.0,"key":"SMITH"},{"data":"hubris:InfiniteBlow+26","floor":98.0,"key":"SMITH"},{"data":"hubris:InfiniteBlow+27","floor":100.0,"key":"SMITH"},{"data":"hubris:InfiniteBlow+56","floor":108,"key":"SMITH"},{"data":"hubris:InfiniteBlow+57","floor":112,"key":"SMITH"},{"data":"hubris:InfiniteBlow+58","floor":117,"key":"SMITH"},{"data":"hubris:InfiniteBlow+60","floor":143,"key":"SMITH"},{"data":"hubris:InfiniteBlow+61","floor":146,"key":"SMITH"},{"data":"hubris:InfiniteBlow+62","floor":149,"key":"SMITH"},{"data":"hubris:InfiniteBlow+63","floor":151,"key":"SMITH"},{"data":"hubris:InfiniteBlow+64","floor":154,"key":"SMITH"},{"data":"hubris:InfiniteBlow+65","floor":154,"key":"SMITH"}],"circlet_count":0,"master_deck":["Eruption+1","Vigilance+1","EmptyBody+1","PathToVictory+1","White Noise+1","MasterReality+1","Burning Pact","Devotion","hubris:InfiniteBlow+66","FlurryOfBlows+1","Judgement+1","hubris:InfiniteBlow+45","LessonLearned","DeusExMachina+1","Alpha+1","ReplayTheSpireMod:Chaos Vortex+1","DeusExMachina","expansioncontent:StudyTheSpire","PathToVictory+1","CutThroughFate+1","Protect+1","ReplayUltimateDefense+1","DevaForm+1","hubris:Envy","Flying Knee+1","ReplayTheSpireMod:Brewmster+1","Alpha"],"relics":["Nuclear Battery","hubris:SlimyHat","Vampiric Spirits","Blue Candle","Replay:Bottled Steam","Lantern","hubris:FunFungus","Lee\u0027s Waffle","ChewingGum","CeramicFish","sneckomod:LoadedDie","Guardian:BottledAnomaly","WristBlade","Guardian:BottledStasis","Toy Ornithopter","aspiration:RandomNobGenerator","PureWater","hubris:GrandSneckoEye","Gremlin Food","champ:ChampionCrown","Membership Card","aspiration:StickyExplosives","infinitespire:PuzzleCube","Medical Kit","Champion Belt","hubris:Macrotransations","Replay:M_StaffOfTheSnake","champ:DefensiveTrainingManual","downfall:HeartsMalice","Iron Core","aspiration:WatcherSkillbook","Red Mask","aspiration:SneckoTail","ReplayTheSpireMod:Ring of Challenge","WarpedTongs","m_DevilBlood","hubris:FruitBowl","White Beast Statue","infinitespire:Midas Blood","Cauldron","Replay:Arrowhead","HandDrill","hubris:ScarierMask","hubris:RGBLights","Slimebound:PotencyRelic","champ:BlackKnightHelmet","aspiration:HiddenCompartment","Astrolabe","replay:Trail_Library","infinitespire:BottledMercury","Mango","Burning Blood","SlaversCollar","Boot","Enchiridion","Cracked Core","m_IronCrown","Odd Mushroom","infinitespire:Beetle Shell","TheAbacus","Byrd Skull","infinitespire:WardingShard","Dead Branch","ReplayTheSpireMod:DimensionalGlitch","TungstenRod","infinitespire:Chaos","Chemical X","Chameleon Ring"],"acts_visited":["Exordium","TheCity","TheBeyond","Exordium","TheCity","TheBeyond","TheCity","TheBeyond","TheEnding"],"potions_floor_usage":[],"damage_taken":[{"damage":0.0,"enemies":"2 Louse","floor":1.0,"turns":2.0},{"damage":8.0,"enemies":"Small Slimes","floor":2.0,"turns":5.0},{"damage":3.0,"enemies":"Jaw Worm","floor":5.0,"turns":2.0},{"damage":10.0,"enemies":"Gremlin Nob","floor":7.0,"turns":3.0},{"damage":12.0,"enemies":"Replay:BlueRogue","floor":10.0,"turns":5.0},{"damage":4.0,"enemies":"Blue Slaver","floor":12.0,"turns":3.0},{"damage":7.0,"enemies":"Lots of Slimes","floor":14.0,"turns":3.0},{"damage":54.0,"enemies":"The Guardian","floor":16.0,"turns":9.0},{"damage":21.0,"enemies":"Spheric Guardian","floor":18.0,"turns":5.0},{"damage":3.0,"enemies":"Chosen","floor":22.0,"turns":2.0},{"damage":0.0,"enemies":"Nightmare","floor":23.0,"turns":1.0},{"damage":5.0,"enemies":"Centurion and Healer","floor":25.0,"turns":3.0},{"damage":0.0,"enemies":"Replay:Snechameleon","floor":27.0,"turns":1.0},{"damage":0.0,"enemies":"Book of Stabbing","floor":29.0,"turns":1.0},{"damage":0.0,"enemies":"3 Cultists","floor":31.0,"turns":3.0},{"damage":0.0,"enemies":"Champ","floor":33.0,"turns":3.0},{"damage":0.0,"enemies":"Orb Walker","floor":35.0,"turns":3.0},{"damage":0.0,"enemies":"3 Shapes","floor":37.0,"turns":1.0},{"damage":21.0,"enemies":"Jaw Worm Horde","floor":38.0,"turns":3.0},{"damage":0.0,"enemies":"Writhing Mass","floor":39.0,"turns":1.0},{"damage":0.0,"enemies":"R_Hoarder","floor":40.0,"turns":2.0},{"damage":0.0,"enemies":"Reptomancer","floor":42.0,"turns":2.0},{"damage":0.0,"enemies":"Transient","floor":45.0,"turns":4.0},{"damage":0.0,"enemies":"Maw","floor":46.0,"turns":1.0},{"damage":2.0,"enemies":"4 Shapes","floor":47.0,"turns":3.0},{"damage":0.0,"enemies":"Jaw Worm Horde","floor":48.0,"turns":2.0},{"damage":0.0,"enemies":"hubris:GrandSnecko","floor":50.0,"turns":2.0},{"damage":0.0,"enemies":"2 Louse","floor":52.0,"turns":1.0},{"damage":0.0,"enemies":"Small Slimes","floor":55.0,"turns":1.0},{"damage":0.0,"enemies":"Cultist","floor":56.0,"turns":1.0},{"damage":0.0,"enemies":"Gremlin Nob","floor":57.0,"turns":2.0},{"damage":0.0,"enemies":"Lagavulin","floor":62.0,"turns":2.0},{"damage":0.0,"enemies":"Exordium Wildlife","floor":63.0,"turns":2.0},{"damage":0.0,"enemies":"Blue Slaver","floor":65.0,"turns":1.0},{"damage":0.0,"enemies":"Hexaghost","floor":67.0,"turns":2.0},{"damage":0.0,"enemies":"Chosen","floor":69.0,"turns":1.0},{"damage":11.0,"enemies":"Shell Parasite","floor":72.0,"turns":2.0},{"damage":0.0,"enemies":"Snake Plant","floor":73.0,"turns":3.0},{"damage":0.0,"enemies":"Book of Stabbing","floor":78.0,"turns":1.0},{"damage":0.0,"enemies":"3 Cultists","floor":79.0,"turns":2.0},{"damage":50.0,"enemies":"Gremlin Leader","floor":80.0,"turns":3.0},{"damage":0.0,"enemies":"Cultist and Chosen","floor":81.0,"turns":2.0},{"damage":0.0,"enemies":"Champ","floor":84.0,"turns":2.0},{"damage":7.0,"enemies":"Orb Walker","floor":86.0,"turns":2.0},{"damage":0.0,"enemies":"3 Shapes","floor":88.0,"turns":2.0},{"damage":0.0,"enemies":"Writhing Mass","floor":90.0,"turns":1.0},{"damage":0.0,"enemies":"3 Darklings","floor":92.0,"turns":2.0},{"damage":0.0,"enemies":"4 Shapes","floor":95.0,"turns":3.0},{"damage":29.0,"enemies":"R_Hoarder","floor":96.0,"turns":3.0},{"damage":0.0,"enemies":"Transient","floor":97.0,"turns":3.0},{"damage":0.0,"enemies":"Reptomancer","floor":99.0,"turns":1.0},{"damage":8.0,"enemies":"infinitespire:MassOfShapes","floor":101.0,"turns":1.0},{"damage":0,"enemies":"Cultist","floor":103,"turns":1},{"damage":0,"enemies":"Jaw Worm","floor":105,"turns":1},{"damage":0,"enemies":"Small Slimes","floor":107,"turns":1},{"damage":0,"enemies":"Nightmare","floor":109,"turns":3},{"damage":1,"enemies":"Slime Boss","floor":118,"turns":2},{"damage":1,"enemies":"Shell Parasite","floor":120,"turns":1},{"damage":4,"enemies":"2 Thieves","floor":122,"turns":2},{"damage":2,"enemies":"Nightmare","floor":125,"turns":3},{"damage":0,"enemies":"Book of Stabbing","floor":132,"turns":2},{"damage":1,"enemies":"Snake Plant","floor":133,"turns":1},{"damage":49,"enemies":"Pondfish","floor":135,"turns":3},{"damage":0,"enemies":"Orb Walker","floor":137,"turns":1},{"damage":7,"enemies":"3 Darklings","floor":140,"turns":2},{"damage":1,"enemies":"Nemesis","floor":142,"turns":1},{"damage":0,"enemies":"Transient","floor":148,"turns":1},{"damage":1,"enemies":"infinitespire:LordOfFortification","floor":152,"turns":4},{"damage":0,"enemies":"Shield and Spear","floor":156,"turns":1},{"damage":0,"enemies":"The Heart","floor":157,"turns":1}],"seed_played":"-1132420548241113019","potions_obtained":[{"floor":2.0,"key":"Regen Potion"},{"floor":5.0,"key":"SpeedPotion"},{"floor":12.0,"key":"DistilledChaos"},{"floor":14.0,"key":"Slimebound:ThreeZeroPotion"},{"floor":16.0,"key":"AttackPotion"},{"floor":18.0,"key":"Elixir"},{"floor":22.0,"key":"SteroidPotion"},{"floor":35.0,"key":"ColorlessPotion"},{"floor":38.0,"key":"Guardian:BlockOnCardUsePotion"},{"floor":42.0,"key":"champ:CounterPotion"},{"floor":50.0,"key":"StancePotion"},{"floor":51.0,"key":"Explosive Potion"},{"floor":52.0,"key":"Strength Potion"},{"floor":63.0,"key":"Slimebound:ThreeZeroPotion"},{"floor":69.0,"key":"AttackPotion"},{"floor":73.0,"key":"sneckomod:MuddlingPotion"},{"floor":78.0,"key":"SteroidPotion"},{"floor":153,"key":"Dexterity Potion"},{"floor":153,"key":"BlessingOfTheForge"},{"floor":153,"key":"Swift Potion"},{"floor":153,"key":"PowerPotion"},{"floor":153,"key":"ColorlessPotion"},{"floor":156,"key":"BlessingOfTheForge"}],"is_trial":false,"path_per_floor":["M","M","?","?","M","R","E","R","T","E","$","M","?","M","R","B",null,"M","?","AVR","T","M","NM","R","M","T","E","$","E","T","M","R","B",null,"M","?","M","M","M","E","R","E","T","R","M","M","M","M","R","B",null,"M","?","?","M","M","E","$","R","T","R","E","M","AVR","M","R","B",null,"M","?","T","M","M","R","?","R","T","E","M","E","M","$","R","B",null,"M","?","M","?","M","R","M","R","T","M","E","M","R","E","R","B",null,"M","?","M","$","M","R","NM","?","T","R","$","$","?","?","R","B",null,"M","?","M","?","?","NM","?","?","T","$","?","AVR","E","M","R_BF","B",null,"M","?","?","M","?","E","R","?","T","R","?","M","R","AVR","R","B",null,"R","$","E","B",null],"character_chosen":"WATCHER","items_purchased":["Membership Card","MasterReality+1","hexamod:BolsterEngine","DollysMirror","Letter Opener","Pantograph","ReplayTheSpireMod:ShopPack","Mummified Hand","TheAbacus","Blue Candle","OrangePellets","Boot","Replay:Kaleidoscope","Chemical X"],"campfire_rested":0,"item_purchase_floors":[11,11,28,28,82,82,82,106,106,113,114,129,129,155],"current_hp_per_floor":[72,67,67,67,67,67,60,60,60,51,51,50,50,55,55,4,72,56,56,64,72,72,80,80,80,80,85,85,88,88,93,101,101,101,103,103,105,89,94,99,111,113,113,113,115,117,119,121,121,121,128,130,130,130,132,134,136,136,136,136,136,138,140,140,142,142,144,144,146,146,146,140,145,150,150,150,150,152,152,105,110,114,129,159,160,158,138,143,143,146,164,166,166,166,168,144,149,167,172,174,171,176,176,176,178,178,180,180,182,182,182,182,182,182,182,174,174,176,176,178,178,179,179,179,182,164,164,164,164,148,148,153,157,183,139,185,187,187,187,185,185,187,189,189,189,189,148,153,168,168,183,197,225,225,225,225,225],"gold":334,"neow_bonus":"NOSTALGIA","is_daily":false,"chose_seed":false,"campfire_upgraded":26,"win_rate":0.0,"timestamp":1609816725,"path_taken":["M","M","?","?","M","R","E","R","T","E","?","?","?","M","R","BOSS","M","?","AVR","?","M","NM","R","M","T","E","$","E","?","M","R","BOSS","M","?","?","M","M","E","R","E","T","R","?","M","M","?","R","BOSS","M","?","?","M","M","E","$","R","T","R","E","M","AVR","M","R","BOSS","M","?","?","M","M","R","?","R","T","E","M","E","M","$","R","BOSS","M","?","M","?","M","R","M","R","T","M","E","?","R","E","R","BOSS","M","?","?","$","M","R","NM","?","T","R","?","$","?","?","R","BOSS","M","?","M","?","?","NM","?","?","T","$","?","AVR","E","M","R_BF","BOSS","M","?","?","M","?","E","R","?","T","R","?","M","R","AVR","R","BOSS","R","$","E","BOSS"],"items_purchased_type":["Relic","Card","Relic","Relic","Relic","Relic","Relic","Relic","Relic","Relic","Relic","Relic","Relic","Relic"],"build_version":"2020-12-22","purchased_purges":9,"victory":true,"max_hp_per_floor":[72,72,72,72,72,72,72,72,72,72,72,72,72,72,72,72,72,74,74,82,90,90,95,95,97,97,99,99,99,99,101,101,101,101,103,103,105,107,109,111,111,113,113,113,115,117,119,121,121,121,128,130,130,130,132,134,136,136,136,136,136,138,140,140,142,142,144,144,146,146,146,148,150,150,150,150,150,152,152,152,154,158,158,160,160,162,162,164,164,164,164,166,166,166,168,170,172,172,174,174,176,176,176,176,178,178,180,180,182,182,182,182,182,182,182,174,174,176,176,178,178,180,180,180,182,182,182,182,179,179,179,181,183,183,185,185,187,187,187,189,189,189,189,189,189,189,195,197,197,197,197,197,225,225,225,225,225],"card_choices":[{"not_picked":["CrushJoints","Replay:BluntJabs"],"picked":"EmptyBody","floor":1.0},{"not_picked":["CutThroughFate","EmptyBody"],"picked":"PathToVictory","floor":2.0},{"not_picked":["Prostrate","Dagger Throw"],"picked":"Burst","floor":5.0},{"not_picked":["Swivel","Havoc","Study"],"picked":"SKIP","floor":7.0},{"not_picked":["CutThroughFate","DeceiveReality"],"picked":"White Noise","floor":10.0},{"not_picked":["Perseverance","Protect"],"picked":"Burning Pact","floor":12.0},{"not_picked":["Cloak And Dagger","ClearTheMind"],"picked":"Reprogram","floor":14.0},{"not_picked":["Storm of Steel","Scrawl"],"picked":"Devotion","floor":16.0},{"not_picked":["Fasting2","EmptyFist","Swivel"],"picked":"Singing Bowl","floor":18.0},{"not_picked":["PathToVictory","Consecrate+1"],"picked":"FlurryOfBlows+1","floor":22.0},{"not_picked":["Replay:BluntJabs","Crescendo+1"],"picked":"Judgement","floor":23.0},{"not_picked":["Prostrate","BowlingBash","Replay:DivineShield"],"picked":"Singing Bowl","floor":25.0},{"not_picked":["Study","Crescendo","EmptyFist"],"picked":"Singing Bowl","floor":27.0},{"not_picked":["EmptyBody+1","Crescendo+1"],"picked":"LessonLearned","floor":29.0},{"not_picked":["SandsOfTime","hubris:SpiceAddiction","SignatureMove"],"picked":"Singing Bowl","floor":31.0},{"not_picked":["ConjureBlade","Replay:AllIn"],"picked":"DeusExMachina","floor":33.0},{"not_picked":["ThirdEye","Consecrate+1","CutThroughFate+1"],"picked":"Singing Bowl","floor":35.0},{"not_picked":["hubris:SpiceAddiction","hubris:SpiceAddiction","EmptyBody+1"],"picked":"Singing Bowl","floor":37.0},{"not_picked":["BowlingBash","LikeWater+1","ClearTheMind+1"],"picked":"Singing Bowl","floor":38.0},{"not_picked":["Swivel","Replay:ManipulateFuture+1","Consecrate"],"picked":"Singing Bowl","floor":39.0},{"not_picked":["ReachHeaven+1","hubris:SpiceAddiction","Replay:BluntJabs+1"],"picked":"Singing Bowl","floor":40.0},{"not_picked":["Evaluate+1","CutThroughFate","Study"],"picked":"Singing Bowl","floor":42.0},{"not_picked":["Halt","Swivel+1","BowlingBash"],"picked":"Singing Bowl","floor":45.0},{"not_picked":["Worship+1","Omniscience","Replay:AtTheReady"],"picked":"Singing Bowl","floor":46.0},{"not_picked":["Replay:BluntJabs+1","hubris:SpiceAddiction","Replay:AtTheReady+1"],"picked":"Singing Bowl","floor":47.0},{"not_picked":["Worship","EmptyFist+1","Fasting2"],"picked":"Singing Bowl","floor":48.0},{"not_picked":["hubris:SpiceAddiction","Wish"],"picked":"Alpha","floor":50.0},{"not_picked":["Protect+1","hubris:SpiceAddiction","hubris:SpiceAddiction"],"picked":"Singing Bowl","floor":51.0},{"not_picked":["SashWhip","Weave","Protect"],"picked":"Singing Bowl","floor":52.0},{"not_picked":["Crescendo","CrushJoints","FearNoEvil"],"picked":"Singing Bowl","floor":55.0},{"not_picked":["Replay:AtTheReady","Vengeance","Prostrate"],"picked":"Singing Bowl","floor":56.0},{"not_picked":["Crescendo","EmptyFist","PathToVictory"],"picked":"Singing Bowl","floor":57.0},{"not_picked":["Prostrate","TalkToTheHand","CrushJoints"],"picked":"Singing Bowl","floor":62.0},{"not_picked":["WreathOfFlame","ClearTheMind","BowlingBash"],"picked":"Singing Bowl","floor":63.0},{"not_picked":["Consecrate","hubris:SpiceAddiction","BattleHymn"],"picked":"Singing Bowl","floor":65.0},{"not_picked":["Brilliance","Judgement","Ragnarok"],"picked":"Singing Bowl","floor":67.0},{"not_picked":["infinitespire:Oblivion","ReplayTheSpireMod:Book of Names"],"picked":"ReplayTheSpireMod:Chaos Vortex","floor":67.0},{"not_picked":["hexamod:Haunted","Pain"],"picked":"Writhe","floor":68.0},{"not_picked":["Regret","hubris:Disease"],"picked":"Delirium","floor":68.0},{"not_picked":["Delirium","Decay"],"picked":"Parasite","floor":68.0},{"not_picked":["CrushJoints+1","EmptyFist","Pray"],"picked":"Singing Bowl","floor":69.0},{"not_picked":["Pray","CarveReality","Protect"],"picked":"Singing Bowl","floor":72.0},{"not_picked":["Replay:BluntJabs","Wireheading","InnerPeace"],"picked":"Singing Bowl","floor":73.0},{"not_picked":["Halt","ClearTheMind","ForeignInfluence"],"picked":"Singing Bowl","floor":78.0},{"not_picked":["Adaptation+1","hubris:SpiceAddiction"],"picked":"PathToVictory+1","floor":79.0},{"not_picked":["CarveReality","Replay:Battleflow"],"picked":"DeusExMachina","floor":80.0},{"not_picked":["Weave+1","Replay:Battleflow","Consecrate"],"picked":"Singing Bowl","floor":81.0},{"not_picked":["Poisoned Strike","Thinking Ahead"],"picked":"expansioncontent:StudyTheSpire","floor":82.0},{"not_picked":["hubris:Ssssneak","Trip","PanicButton"],"picked":"Singing Bowl","floor":82.0},{"not_picked":["expansioncontent:ChargeUp","expansioncontent:Chronoboost","expansioncontent:Torchfire"],"picked":"Singing Bowl","floor":82.0},{"not_picked":["Wish","DeusExMachina","Brilliance"],"picked":"Singing Bowl","floor":84.0},{"not_picked":["Prostrate+1","hubris:SpiceAddiction","Halt+1"],"picked":"Singing Bowl","floor":86.0},{"not_picked":["Nirvana","Wireheading+1","CrushJoints"],"picked":"Singing Bowl","floor":88.0},{"not_picked":["FlurryOfBlows","Swivel+1"],"picked":"CutThroughFate+1","floor":90.0},{"not_picked":["hubris:SpiceAddiction","FollowUp+1","Replay:Hum+1"],"picked":"Singing Bowl","floor":92.0},{"not_picked":["Pray+1","DeceiveReality","ClearTheMind"],"picked":"Singing Bowl","floor":95.0},{"not_picked":["Consecrate","Tantrum","ClearTheMind+1"],"picked":"Singing Bowl","floor":96.0},{"not_picked":["SandsOfTime","WheelKick+1","Replay:Battleflow+1"],"picked":"Singing Bowl","floor":97.0},{"not_picked":["SandsOfTime","Vault","FollowUp+1"],"picked":"Singing Bowl","floor":99.0},{"not_picked":["DevaForm","Wish","Omniscience"],"picked":"Singing Bowl","floor":101.0},{"not_picked":["Replay:AtTheReady","Prostrate"],"picked":"Slimebound:SlimeSpikes","floor":103},{"not_picked":["Consecrate","EmptyFist","JustLucky"],"picked":"Singing Bowl","floor":105},{"not_picked":["Replay:AllIn","TalkToTheHand","Consecrate"],"picked":"Singing Bowl","floor":107},{"not_picked":["CrushJoints","Infinite Blades","Replay:Battleflow"],"picked":"Singing Bowl","floor":109},{"not_picked":["LessonLearned","hubris:SpiceAddiction","Establishment"],"picked":"Singing Bowl","floor":118},{"not_picked":["Tantrum","Collect","Replay:Vibes"],"picked":"Singing Bowl","floor":120},{"not_picked":["FlurryOfBlows","ReachHeaven","JustLucky"],"picked":"Singing Bowl","floor":122},{"not_picked":["EmptyFist","Weave","Worship"],"picked":"Singing Bowl","floor":125},{"not_picked":["TalkToTheHand","CutThroughFate","FlurryOfBlows"],"picked":"Singing Bowl","floor":132},{"not_picked":["Meditate","Collect+1","Prostrate"],"picked":"Singing Bowl","floor":133},{"not_picked":["Omniscience","Alpha","Replay:LoomingThreat+1"],"picked":"Singing Bowl","floor":135},{"not_picked":["FollowUp+1","FlurryOfBlows+1","Sanctity"],"picked":"Singing Bowl","floor":137},{"not_picked":["FollowUp","Collect","WaveOfTheHand+1"],"picked":"Singing Bowl","floor":140},{"not_picked":["FlyingSleeves","hubris:SpiceAddiction","EmptyMind+1"],"picked":"SKIP","floor":142},{"not_picked":["Pray+1","hubris:SpiceAddiction","PathToVictory"],"picked":"Singing Bowl","floor":147},{"not_picked":["Evaluate","ClearTheMind+1","JustLucky+1"],"picked":"Singing Bowl","floor":147},{"not_picked":["FlyingSleeves+1","ClearTheMind","Replay:LoomingThreat+1"],"picked":"Singing Bowl","floor":147},{"not_picked":["hubris:SpiceAddiction","MentalFortress+1","hubris:SpiceAddiction"],"picked":"Singing Bowl","floor":148},{"not_picked":["MasterReality+1","LessonLearned"],"picked":"DevaForm+1","floor":152},{"not_picked":["BattleHymn+1","ReplayReversal+1","FollowUp+1","Anger"],"picked":"SKIP","floor":156},{"not_picked":["MasterReality","Judgement","LessonLearned"],"picked":"Alpha","floor":157}],"player_experience":520299,"relics_obtained":[{"floor":7.0,"key":"Du-Vu Doll"},{"floor":10.0,"key":"Singing Bowl"},{"floor":21.0,"key":"hubris:Spice"},{"floor":23.0,"key":"Durian"},{"floor":26.0,"key":"Vajra"},{"floor":27.0,"key":"Pondfish Scales"},{"floor":29.0,"key":"hubris:GlazedTorus"},{"floor":30.0,"key":"Eternal Feather"},{"floor":40.0,"key":"TeardropLocket"},{"floor":42.0,"key":"Damaru"},{"floor":43.0,"key":"hubris:TinFlute"},{"floor":57.0,"key":"Replay:Purple Gloves"},{"floor":60.0,"key":"StoneCalendar"},{"floor":62.0,"key":"aspiration:Lifesprig"},{"floor":71.0,"key":"Torii"},{"floor":77.0,"key":"Ice Cream"},{"floor":78.0,"key":"Replay:PocketPolymizer"},{"floor":80.0,"key":"Old Coin"},{"floor":94.0,"key":"Nunchaku"},{"floor":96.0,"key":"Guardian:GemstoneGun"},{"floor":99.0,"key":"Kunai"},{"floor":109,"key":"Incense Burner"},{"floor":111,"key":"Juzu Bracelet"},{"floor":128,"key":"hubris:Zylophone"},{"floor":130,"key":"Replay:Blank Codex"},{"floor":132,"key":"Frozen Egg 2"},{"floor":142,"key":"CeramicFish"},{"floor":156,"key":"Chameleon Ring"}],"event_choices":[{"damage_healed":0.0,"max_hp_gain":0.0,"max_hp_loss":0.0,"gold_gain":0.0,"event_name":"Big Fish","player_choice":"Box","floor":3.0,"gold_loss":0.0,"damage_taken":0.0,"relics_obtained":["Replay:Bottled Eggs"],"cards_obtained":["Regret"]},{"damage_healed":0.0,"max_hp_gain":0.0,"max_hp_loss":0.0,"gold_gain":0.0,"event_name":"Drug Dealer","player_choice":"Inject Mutagens","floor":19.0,"gold_loss":0.0,"damage_taken":0.0,"relics_obtained":["MutagenicStrength"]},{"cards_removed":["Reprogram"],"damage_healed":0.0,"max_hp_gain":0.0,"max_hp_loss":0.0,"gold_gain":0.0,"event_name":"Purifier","player_choice":"Purged","floor":36.0,"gold_loss":0.0,"damage_taken":0.0},{"damage_healed":0.0,"max_hp_gain":0.0,"max_hp_loss":0.0,"gold_gain":0.0,"event_name":"Living Wall","player_choice":"Grow","floor":53.0,"gold_loss":0.0,"damage_taken":0.0,"cards_upgraded":["hubris:InfiniteBlow"]},{"damage_healed":0.0,"max_hp_gain":0.0,"max_hp_loss":0.0,"gold_gain":0.0,"event_name":"Ghosts","player_choice":"Ignored","floor":70.0,"gold_loss":0.0,"damage_taken":0.0},{"cards_removed":["Delirium"],"damage_healed":0.0,"max_hp_gain":0.0,"max_hp_loss":0.0,"gold_gain":0.0,"event_name":"Beggar","player_choice":"Gave Gold","floor":75.0,"gold_loss":75.0,"damage_taken":0.0},{"damage_healed":0.0,"max_hp_gain":0.0,"max_hp_loss":0.0,"gold_gain":0.0,"event_name":"Winding Halls","player_choice":"Embrace Madness","floor":87.0,"gold_loss":0.0,"damage_taken":20.0,"cards_obtained":["Madness","Madness"]},{"damage_healed":0.0,"max_hp_gain":0.0,"max_hp_loss":0.0,"gold_gain":0.0,"event_name":"Lab","player_choice":"Got Potions","floor":89.0,"gold_loss":0.0,"damage_taken":0.0},{"damage_healed":0,"gold_gain":0,"player_choice":"Cursed","damage_taken":0,"max_hp_gain":0,"max_hp_loss":0,"event_name":"Wheel of Change","floor":104,"gold_loss":0,"cards_obtained":["Decay"]},{"damage_healed":0,"gold_gain":0,"player_choice":"Paid Gold","damage_taken":0,"relics_obtained":["hubris:Spice"],"max_hp_gain":0,"max_hp_loss":0,"event_name":"WeMeetAgain","floor":116,"gold_loss":81},{"damage_healed":0,"gold_gain":0,"player_choice":"Ignored","damage_taken":0,"max_hp_gain":0,"max_hp_loss":0,"event_name":"Ghosts","floor":121,"gold_loss":0},{"cards_removed":["Decay"],"damage_healed":0,"gold_gain":0,"player_choice":"Offered Curse","damage_taken":0,"relics_obtained":["Spirit Poop"],"max_hp_gain":0,"max_hp_loss":0,"event_name":"Bonfire Elementals","floor":123,"gold_loss":0},{"damage_healed":0,"gold_gain":75,"player_choice":"Touch","damage_taken":18,"max_hp_gain":0,"max_hp_loss":0,"event_name":"FaceTrader","floor":126,"gold_loss":0},{"damage_healed":0,"gold_gain":100,"player_choice":"Pray","damage_taken":0,"max_hp_gain":0,"max_hp_loss":0,"event_name":"Golden Shrine","floor":127,"gold_loss":0},{"damage_healed":0,"gold_gain":0,"player_choice":"Obtained Book","damage_taken":16,"max_hp_gain":0,"max_hp_loss":0,"event_name":"Cursed Tome","floor":130,"gold_loss":0},{"damage_healed":0,"gold_gain":0,"player_choice":"Paid","damage_taken":0,"relics_obtained":["Red Mask"],"max_hp_gain":0,"max_hp_loss":0,"event_name":"Tomb of Lord Red Mask","floor":139,"gold_loss":299},{"damage_healed":0,"gold_gain":0,"cards_transformed":["Madness"],"player_choice":"Transformed","damage_taken":0,"max_hp_gain":0,"max_hp_loss":0,"event_name":"Transmorgrifier","floor":144,"gold_loss":0,"cards_obtained":["ReplayUltimateDefense"]}],"is_beta":false,"boss_relics":[{"not_picked":["infinitespire:Cupcake","Ectoplasm"],"picked":"hubris:VirtuousBlindfold"},{"not_picked":["hubris:Spice","hubris:Spice","hubris:Spice"]},{"not_picked":["Snecko Eye","hubris:TerracottaHorce"],"picked":"Tiny House"},{"not_picked":["hubris:Spice","hubris:Spice"],"picked":"Replay:Ancient Bell"},{"not_picked":["Boot","Juzu Bracelet"],"picked":"ReplayTheSpireMod:Lightbulb"},{"not_picked":["hubris:Spice","hubris:Spice"],"picked":"HornCleat"},{"not_picked":["hubris:Zylophone","Gambling Chip"],"picked":"aspiration:HatOfInfinitePower"},{"not_picked":["Black Star","aspiration:RitualDagger"],"picked":"Replay:Grab Bag"},{"not_picked":["Velvet Choker","hubris:TerracottaHorce"],"picked":"Sozu"},{"not_picked":["hubris:GrandSneckoEye","ChewingGum"],"picked":"Coffee Dripper"},{"not_picked":["Calling Bell","SlaversCollar"],"picked":"VioletLotus"},{"not_picked":["hubris:Spice","hubris:Spice","hubris:Spice"]},{"not_picked":["hubris:Spice","hubris:Spice"],"picked":"Kintsugi"},{"not_picked":["hubris:Spice","hubris:Spice","hubris:Spice"]},{"not_picked":["Cursed Key","aspiration:RitualDagger"],"picked":"hubris:Backtick"}],"items_purged_floors":[20,28,58,82,106,113,114,129,150],"is_endless":true,"potions_floor_spawned":[2,5,12,14,16,18,22,31,35,38,42,47,50,52,63,69,73,78,86,97,99,101,107,118,120,122,133,142,152,156,157],"ascension_level":3}}