{"host":"g01l53quoe6lrer0","time":1609882084,"event":{"mods":["2.2 Compatiblity","AchievementEnabler","BaseMod","Colored Map","Highlight Path","Keyboard Shortcuts","Minty Spire (QoL Compilation)","Permanent Neow","Quick Restart","StSLib","SuperFastMode","everything is the same but u backflip on backflip"],"gold_per_floor":[411,411,193,209,227,252,252,327,327,327,327,11,11,46,46,149,149,166,178,178,196,111,111,32,32,56,56,73,73,104,115,115,115,115],"floor_reached":33,"playtime":671,"items_purged":["Strike_R","Strike_R"],"score":429,"play_id":"a1fdfe30-c154-4fc0-9beb-6d4936a2014b","local_time":"20210106062804","is_ascension_mode":true,"campfire_choices":[{"data":"Immolate","floor":7,"key":"SMITH"},{"floor":11,"key":"REST"},{"data":"Evolve","floor":13,"key":"SMITH"},{"data":"Inflame","floor":15,"key":"SMITH"},{"data":"Limit Break","floor":23,"key":"SMITH"},{"floor":27,"key":"REST"},{"data":"Rupture","floor":32,"key":"SMITH"}],"circlet_count":0,"master_deck":["Strike_R+1","Strike_R","Strike_R","Defend_R","Defend_R","Defend_R+1","Defend_R","Bash","Twin Strike","Immolate+1","Second Wind","Pummel","Evolve+1","Inflame+1","Limit Break+1","Headbutt","Exhume","Inflame","J.A.X.","Heavy Blade+1","Rupture+1"],"relics":["Burning Blood","Old Coin","Meat on the Bone","Pen Nib","PreservedInsect","Bottled Tornado","Sozu","Gremlin Horn","Nunchaku","Bronze Scales","Molten Egg 2"],"acts_visited":["Exordium","TheCity"],"potions_floor_usage":[14,18],"damage_taken":[{"damage":14,"enemies":"Jaw Worm","floor":1,"turns":6},{"damage":0,"enemies":"2 Louse","floor":4,"turns":2},{"damage":1,"enemies":"Cultist","floor":5,"turns":4},{"damage":34,"enemies":"Gremlin Nob","floor":6,"turns":4},{"damage":17,"enemies":"Lagavulin","floor":14,"turns":5},{"damage":35,"enemies":"Hexaghost","floor":16,"turns":9},{"damage":4,"enemies":"3 Byrds","floor":18,"turns":3},{"damage":22,"enemies":"2 Thieves","floor":19,"turns":2},{"damage":12,"enemies":"Chosen and Byrds","floor":21,"turns":4},{"damage":1,"enemies":"Centurion and Healer","floor":28,"turns":2},{"damage":3,"enemies":"Gremlin Leader","floor":30,"turns":3},{"damage":15,"enemies":"Cultist and Chosen","floor":31,"turns":3},{"damage":77,"enemies":"Champ","floor":33,"turns":6}],"seed_played":"-4328137326546521995","potions_obtained":[{"floor":5,"key":"Block Potion"},{"floor":16,"key":"DistilledChaos"}],"is_trial":false,"path_per_floor":["M","?","$","M","M","E","R","?","T","?","R","$","R","E","R","B",null,"M","M","?","M","?","R","$","?","T","R","M","?","E","M","R","B"],"character_chosen":"IRONCLAD","items_purchased":["Immolate","Evolve","PreservedInsect","Inflame"],"campfire_rested":2,"item_purchase_floors":[3,12,12,24],"current_hp_per_floor":[64,48,48,54,59,31,31,20,20,20,44,44,44,45,45,28,67,69,53,53,47,47,47,47,47,47,71,76,76,79,70,70,0,0],"gold":115,"neow_bonus":"ONE_RARE_RELIC","is_daily":false,"chose_seed":false,"campfire_upgraded":5,"win_rate":0.0,"timestamp":1609882084,"path_taken":["M","?","$","M","M","E","R","?","T","?","R","$","R","E","R","BOSS","M","?","?","?","?","R","?","?","T","R","M","?","E","M","R","BOSS"],"items_purchased_type":["Card","Card","Relic","Card"],"build_version":"2020-12-22","purchased_purges":2,"victory":false,"max_hp_per_floor":[80,80,80,80,80,80,80,80,80,80,80,80,80,80,80,80,80,80,80,80,80,80,80,80,80,80,80,80,80,80,80,80,80,80],"card_choices":[{"not_picked":["Pommel Strike","Flex"],"picked":"Twin Strike","floor":1},{"not_picked":["Reckless Charge","Ghostly Armor"],"picked":"Second Wind","floor":4},{"not_picked":["Havoc","Twin Strike","Heavy Blade"],"picked":"SKIP","floor":5},{"not_picked":["Uppercut","True Grit"],"picked":"Pummel","floor":6},{"not_picked":["Armaments","Cleave"],"picked":"Inflame","floor":14},{"not_picked":["Barricade","Feed"],"picked":"Limit Break","floor":16},{"not_picked":["Armaments","Havoc","Spot Weakness"],"picked":"SKIP","floor":18},{"not_picked":["Heavy Blade","Spot Weakness"],"picked":"Headbutt","floor":19},{"not_picked":["Havoc","Wild Strike"],"picked":"Exhume","floor":21},{"not_picked":["Combust","Feel No Pain","Armaments"],"picked":"SKIP","floor":28},{"not_picked":["Power Through","Metallicize"],"picked":"Heavy Blade+1","floor":30},{"not_picked":["Cleave+1","Anger+1"],"picked":"Rupture","floor":31}],"player_experience":44311,"relics_obtained":[{"floor":6,"key":"Meat on the Bone"},{"floor":9,"key":"Pen Nib"},{"floor":14,"key":"Bottled Tornado"},{"floor":26,"key":"Nunchaku"},{"floor":30,"key":"Molten Egg 2"}],"event_choices":[{"damage_healed":0,"gold_gain":0,"player_choice":"Entered Light","damage_taken":16,"max_hp_gain":0,"max_hp_loss":0,"event_name":"Shining Light","floor":2,"gold_loss":0,"cards_upgraded":["Strike_R","Defend_R"]},{"damage_healed":0,"gold_gain":75,"player_choice":"Gather Gold","damage_taken":11,"max_hp_gain":0,"max_hp_loss":0,"event_name":"World of Goop","floor":8,"gold_loss":0},{"cards_removed":["Doubt"],"damage_healed":0,"gold_gain":0,"player_choice":"Purged","damage_taken":0,"max_hp_gain":0,"max_hp_loss":0,"event_name":"Purifier","floor":10,"gold_loss":0},{"damage_healed":0,"gold_gain":0,"player_choice":"Got Potions","damage_taken":0,"max_hp_gain":0,"max_hp_loss":0,"event_name":"Lab","floor":20,"gold_loss":0},{"damage_healed":0,"gold_gain":0,"player_choice":"Obtained Relic","damage_taken":0,"relics_obtained":["Gremlin Horn"],"max_hp_gain":0,"max_hp_loss":0,"event_name":"Addict","floor":22,"gold_loss":85},{"damage_healed":0,"gold_gain":0,"player_choice":"Obtain J.A.X.","damage_taken":0,"max_hp_gain":0,"max_hp_loss":0,"event_name":"Drug Dealer","floor":25,"gold_loss":0,"cards_obtained":["J.A.X."]},{"damage_healed":0,"gold_gain":0,"player_choice":"Opened","damage_taken":0,"relics_obtained":["Bronze Scales"],"max_hp_gain":0,"max_hp_loss":0,"event_name":"The Mausoleum","floor":29,"gold_loss":0}],"is_beta":false,"boss_relics":[{"not_picked":["Astrolabe","Runic Cube"],"picked":"Sozu"}],"items_purged_floors":[3,12],"is_endless":false,"potions_floor_spawned":[5,16,18],"killed_by":"Champ","ascension_level":9}}