{"host":"mvz90ilxx8epviq1","time":1609816386,"event":{"mods":["2.2 Compatiblity","AchievementEnabler","Act Like it!","Bartender","BaseMod","Better Note","Better Third Choice","Better Vampires","Clockwork Mod","Colored Map","Colored Powertips","Downfall","Gensokyo","Hallownest","Hermit","Hubris","Koishi","Marisa????????","Minty Spire (QoL Compilation)","Replay The Spire","SIMod","Shop Mod","Spicy Shops","StSLib","The Alterego","The Blackbeard","The Bug Knight","The Construct","The Cursed","The Mystic","The Senshi","The Servant 0.9.4","The Wild Card","slay the spire mod where everything is the same but ironclad has a cowboy hat"],"gold_per_floor":[112,112,128,148,125,159,159,159,184,199,244,261,295,311,311,411,411,421,421,696,696,696],"floor_reached":21,"playtime":2058,"items_purged":[],"score":214,"play_id":"38659df5-ab24-410e-a016-300339ff38a0","local_time":"20210104221306","is_ascension_mode":false,"campfire_choices":[{"floor":15.0,"key":"REST"}],"circlet_count":0,"master_deck":["Koishi:BasicStrike","Koishi:BasicStrike","Koishi:BasicStrike","Koishi:BasicStrike","Koishi:BasicDefend","Koishi:BasicDefend","Koishi:BasicDefend","Koishi:BasicDefend","Koishi:Provoke","Koishi:HauntingSlash","Koishi:SprinkleStarAndHeart","TheCursedMod:SpreadPlague","Koishi:DreadfulBlow","Koishi:ParalyzingFear","Koishi:DreadfulBlow","Koishi:DanmakuParanoia","Koishi:GhostParty","Koishi:UnseenTerror","Koishi:StingingMind","Koishi:FormlessExistence","Koishi:FidgetySnatcher","Regret"],"relics":["Koishi:ImaginaryFriend","Replay:Accelerometer","Ring of Fury","Ring of Searing","Replay:Rubber Ducky","Orichalcum","Koishi:ColorfulDays","hubris:BottledHeart"],"acts_visited":["Exordium","TheCity"],"potions_floor_usage":[],"damage_taken":[{"damage":4.0,"enemies":"Cultist","floor":1.0,"turns":4.0},{"damage":12.0,"enemies":"Small Slimes","floor":3.0,"turns":5.0},{"damage":4.0,"enemies":"2 Louse","floor":4.0,"turns":3.0},{"damage":38.0,"enemies":"Lagavulin","floor":6.0,"turns":10.0},{"damage":0.0,"enemies":"Large Slime","floor":10.0,"turns":3.0},{"damage":9.0,"enemies":"3 Louse","floor":12.0,"turns":3.0},{"damage":0.0,"enemies":"3 Sentries","floor":13.0,"turns":7.0},{"damage":5.0,"enemies":"Exordium Wildlife","floor":14.0,"turns":3.0},{"damage":19.0,"enemies":"The Guardian","floor":16.0,"turns":8.0},{"damage":19.0,"enemies":"3 Byrds","floor":18.0,"turns":4.0},{"damage":8,"enemies":"Shelled Parasite and Fungi","floor":21,"turns":4}],"seed_played":"-8831860439436937969","potions_obtained":[{"floor":1.0,"key":"Energy Potion"},{"floor":4.0,"key":"SpeedPotion"},{"floor":12.0,"key":"PowerPotion"},{"floor":16.0,"key":"Dexterity Potion"}],"is_trial":false,"path_per_floor":["M","?","M","M","$","E","?","?","T","M","?","M","E","M","R","B",null,"M","?","?","M"],"character_chosen":"KOISHI","items_purchased":["Koishi:ParalyzingFear"],"campfire_rested":1,"item_purchase_floors":[5],"current_hp_per_floor":[64,64,53,50,50,18,23,23,23,23,23,14,17,14,35,26,71,56,1,1,0,0],"gold":696,"neow_bonus":"TEN_PERCENT_HP_BONUS","is_daily":false,"chose_seed":false,"campfire_upgraded":0,"win_rate":0.0,"timestamp":1609816386,"path_taken":["M","?","M","M","?","E","?","?","T","M","?","M","E","?","R","BOSS","M","?","?","?"],"items_purchased_type":["Card"],"build_version":"2020-12-22","purchased_purges":0,"victory":false,"max_hp_per_floor":[66,66,66,66,66,66,71,71,71,71,71,71,71,71,71,71,71,71,1,1,1,1],"card_choices":[{"not_picked":["Koishi:LastRemote","Koishi:StrangeCloudFist"],"picked":"Koishi:SprinkleStarAndHeart","floor":1.0},{"not_picked":["Koishi:UnconsciousUprising","Koishi:SpiritedAway","Koishi:VengefulSpirit"],"picked":"SKIP","floor":3.0},{"not_picked":["Koishi:BramblyRoseGarden","Koishi:SubterraneanRose"],"picked":"Koishi:DreadfulBlow","floor":4.0},{"not_picked":["Koishi:GhostParty","Koishi:ReflexRadar"],"picked":"Koishi:DreadfulBlow","floor":6.0},{"not_picked":["Koishi:Possession","Koishi:FourthEye"],"picked":"Koishi:DanmakuParanoia","floor":10.0},{"not_picked":["Koishi:HeartfeltFancy","Koishi:DanmakuParanoia"],"picked":"Koishi:GhostParty","floor":12.0},{"not_picked":["Koishi:LastRemote","Koishi:FourthEye"],"picked":"Koishi:UnseenTerror","floor":13.0},{"not_picked":["Koishi:DreadfulBlow","Koishi:ReflexRadar"],"picked":"Koishi:StingingMind","floor":14.0},{"not_picked":["Koishi:RollingInRichesHeart","Koishi:TerrifyingSpectre"],"picked":"Koishi:FormlessExistence","floor":16.0},{"not_picked":["Koishi:HeartfeltFancy","Koishi:ReflexRadar"],"picked":"Koishi:FidgetySnatcher","floor":18.0}],"player_experience":460269,"relics_obtained":[{"floor":6.0,"key":"Replay:Accelerometer"},{"floor":8.0,"key":"Ring of Fury"},{"floor":8.0,"key":"Ring of Searing"},{"floor":9.0,"key":"Replay:Rubber Ducky"},{"floor":13.0,"key":"Orichalcum"}],"event_choices":[{"cards_removed":["Koishi:BasicDefend"],"damage_healed":0.0,"max_hp_gain":0.0,"max_hp_loss":0.0,"gold_gain":0.0,"event_name":"betterNote:BetterNote","player_choice":"Take \u0026 Give","floor":2.0,"gold_loss":0.0,"damage_taken":0.0,"cards_obtained":["TheCursedMod:SpreadPlague"]},{"damage_healed":0.0,"max_hp_gain":5.0,"max_hp_loss":0.0,"gold_gain":0.0,"event_name":"Big Fish","player_choice":"Donut","floor":7.0,"gold_loss":0.0,"damage_taken":0.0},{"damage_healed":0.0,"max_hp_gain":0.0,"max_hp_loss":0.0,"gold_gain":275.0,"event_name":"Golden Shrine","player_choice":"Desecrate","floor":20.0,"gold_loss":0.0,"damage_taken":0.0,"cards_obtained":["Regret"]}],"is_beta":false,"boss_relics":[{"not_picked":["Calling Bell","construct:ClawGrip"],"picked":"Koishi:ColorfulDays"}],"items_purged_floors":[],"is_endless":false,"potions_floor_spawned":[1,4,12,16],"killed_by":"Shelled Parasite and Fungi","ascension_level":0}}