{"host":"6h0diz2ap0m56grs","time":1609883358,"event":{"mods":["2.2 Compatiblity","BaseMod","Colored Map","Marisa????????","Minty Spire (QoL Compilation)","Quick Restart","Replay The Spire","Shop Mod","StSLib","The Servant 0.9.4"],"gold_per_floor":[113,124,124,199,218,261,261,261,288,319,352,391,424,466,475,612,612,612,612],"floor_reached":18,"playtime":376,"items_purged":[],"score":374,"play_id":"d9d35f64-9935-4690-b9e4-03d32312b696","local_time":"20210105154918","daily_mods":["SealedDeck","Heirloom","Time Dilation","Flight"],"is_ascension_mode":true,"campfire_choices":[{"data":"Replay:Poison Smokescreen","floor":7,"key":"SMITH"},{"data":"Replay:Poison Smokescreen","floor":8,"key":"SMITH"},{"floor":15,"key":"DIG"}],"circlet_count":0,"master_deck":["Flying Knee","Backflip","PiercingWail","PiercingWail","Eviscerate","Fluid Movement","Poisoned Stab","Backflip","Replay:Poison Smokescreen+1","Replay:Poison Smokescreen+1","Toxin Wave","Bane","Atom Bomb","All Out Attack","Dash","ReplayTheSpireMod:Necrosis","Noxious Fumes","ReplayTheSpireMod:From All Sides"],"relics":["Snecko Eye","Ring of Chaos","replay:Trail_Library","Lizard Tail","Golden Idol","Blood Vial","Replay:Rubber Ducky","Ancient Tea Set","Calipers","Replay:Multitool","Garlic","CeramicFish","Dream Catcher","Philosopher\u0027s Stone"],"acts_visited":["Exordium","TheCity"],"potions_floor_usage":[],"damage_taken":[{"damage":0,"enemies":"Jaw Worm","floor":1,"turns":2},{"damage":0,"enemies":"Small Slimes","floor":2,"turns":1},{"damage":0,"enemies":"2 Louse","floor":5,"turns":2},{"damage":0,"enemies":"3 Sentries","floor":6,"turns":3},{"damage":0,"enemies":"Gremlin Nob","floor":10,"turns":2},{"damage":0,"enemies":"Lagavulin","floor":11,"turns":2},{"damage":0,"enemies":"Gremlin Nob","floor":12,"turns":2},{"damage":0,"enemies":"Lagavulin","floor":13,"turns":2},{"damage":0,"enemies":"Gremlin Nob","floor":14,"turns":2},{"damage":1,"enemies":"The Guardian","floor":16,"turns":4},{"damage":0,"enemies":"2 Thieves","floor":18,"turns":1}],"seed_played":"-5388304067895051391","potions_obtained":[{"floor":1,"key":"ColorlessPotion"},{"floor":2,"key":"SteroidPotion"},{"floor":11,"key":"BlessingOfTheForge"},{"floor":13,"key":"Energy Potion"},{"floor":14,"key":"Dexterity Potion"}],"is_trial":true,"path_per_floor":["M","M","?","?","M","E","R","R","T","E","E","E","E","E","R","B",null,"M"],"character_chosen":"THE_SILENT","items_purchased":[],"campfire_rested":0,"item_purchase_floors":[],"current_hp_per_floor":[70,70,53,42,42,42,42,42,42,44,46,48,50,52,52,53,70,70,70],"gold":612,"neow_bonus":"","is_daily":false,"chose_seed":false,"campfire_upgraded":2,"win_rate":0.0,"timestamp":1609883358,"path_taken":["M","M","?","?","M","E","R","R","T","E","E","E","E","E","R","BOSS","M"],"items_purchased_type":[],"build_version":"2020-12-22","purchased_purges":0,"victory":false,"max_hp_per_floor":[70,70,70,70,70,70,70,70,70,70,70,70,70,70,70,70,70,70,70],"card_choices":[{"not_picked":["ReplayTheSpireMod:Shiv Toss","Backflip","Sucker Punch"],"picked":"SKIP","floor":1},{"not_picked":["Expertise","PiercingWail"],"picked":"Toxin Wave","floor":2},{"not_picked":["Prepared","Dodge and Roll"],"picked":"Bane","floor":5},{"not_picked":["Backflip","Deflect","Distraction"],"picked":"SKIP","floor":6},{"not_picked":["Tactician","Skewer"],"picked":"Atom Bomb","floor":10},{"not_picked":["Flying Knee","Tactician","Deflect"],"picked":"SKIP","floor":11},{"not_picked":["Cloak And Dagger","Underhanded Strike"],"picked":"All Out Attack","floor":12},{"not_picked":["Poisoned Stab","Dagger Spray"],"picked":"Dash","floor":13},{"not_picked":["Deadly Poison","Bouncing Flask"],"picked":"ReplayTheSpireMod:Necrosis","floor":14},{"not_picked":["After Image","ReplayTheSpireMod:Necrosis"],"picked":"ReplayTheSpireMod:From All Sides","floor":16}],"player_experience":142992,"relics_obtained":[{"floor":6,"key":"Blood Vial"},{"floor":9,"key":"Replay:Rubber Ducky"},{"floor":10,"key":"Ancient Tea Set"},{"floor":11,"key":"Calipers"},{"floor":12,"key":"Replay:Multitool"},{"floor":13,"key":"Garlic"},{"floor":14,"key":"CeramicFish"},{"floor":15,"key":"Dream Catcher"}],"event_choices":[{"damage_healed":0,"gold_gain":0,"player_choice":"Take Damage","damage_taken":17,"relics_obtained":["Golden Idol"],"max_hp_gain":0,"max_hp_loss":0,"event_name":"Golden Idol","floor":3,"gold_loss":0},{"damage_healed":0,"gold_gain":75,"player_choice":"Gather Gold","damage_taken":11,"max_hp_gain":0,"max_hp_loss":0,"event_name":"World of Goop","floor":4,"gold_loss":0}],"is_beta":false,"boss_relics":[{"not_picked":["Snecko Heart","HoveringKite"],"picked":"Philosopher\u0027s Stone"}],"items_purged_floors":[],"is_endless":false,"potions_floor_spawned":[1,2,11,13,14],"killed_by":"2 Thieves","ascension_level":1}}