{"host":"mqpbkea33q7k5ozs","time":1609861729,"event":{"mods":["AchievementEnabler","BaseMod","Colored Map","Highlight Path","Minty Spire (QoL Compilation)"],"gold_per_floor":[115,4,4,4,22,49,49,66,66,66,66,83,83,96,96,199,199,215,314,0,15,32,32,51,51,51,51,51,67,67,80,80,180,180,209,209,228,228,228,228,267,267,291,291,291],"floor_reached":44,"playtime":1626,"items_purged":[],"score":523,"play_id":"9cc4f585-76b1-49f5-9250-fd92f843b58e","local_time":"20210105104849","is_ascension_mode":true,"campfire_choices":[{"floor":7.0,"key":"REST"},{"floor":10.0,"key":"REST"},{"floor":13.0,"key":"REST"},{"data":"Noxious Fumes","floor":15.0,"key":"SMITH"},{"floor":23.0,"key":"REST"},{"floor":25.0,"key":"REST"},{"floor":28.0,"key":"REST"},{"floor":32.0,"key":"RECALL"},{"floor":40.0,"key":"REST"},{"floor":42.0,"key":"REST"}],"circlet_count":0,"master_deck":["Strike_G+1","Strike_G+1","Strike_G+1","Strike_G+1","Strike_G+1","Defend_G+1","Defend_G+1","Defend_G+1","Defend_G+1","Defend_G+1","Survivor","Neutralize","Noxious Fumes+1","Bouncing Flask","Deadly Poison","Night Terror","Crippling Poison","Bullet Time","Backflip+1","Leg Sweep+1","Predator+1","Caltrops+1","Envenom","Phantasmal Killer","CurseOfTheBell","Terror","Crippling Poison","Deadly Poison+1"],"relics":["Snecko Eye","Dead Branch","Ginger","SlaversCollar","MutagenicStrength","Calling Bell","CeramicFish","Question Card","Girya","Juzu Bracelet","PreservedInsect"],"acts_visited":["Exordium","TheCity","TheBeyond"],"potions_floor_usage":[],"damage_taken":[{"damage":4.0,"enemies":"Small Slimes","floor":1.0,"turns":4.0},{"damage":9.0,"enemies":"2 Louse","floor":5.0,"turns":3.0},{"damage":35.0,"enemies":"Gremlin Nob","floor":6.0,"turns":5.0},{"damage":11.0,"enemies":"Jaw Worm","floor":8.0,"turns":3.0},{"damage":6.0,"enemies":"Looter","floor":12.0,"turns":3.0},{"damage":4.0,"enemies":"2 Fungi Beasts","floor":14.0,"turns":4.0},{"damage":22.0,"enemies":"Hexaghost","floor":16.0,"turns":6.0},{"damage":23.0,"enemies":"3 Byrds","floor":18.0,"turns":5.0},{"damage":11.0,"enemies":"2 Thieves","floor":21.0,"turns":4.0},{"damage":26.0,"enemies":"Centurion and Healer","floor":22.0,"turns":6.0},{"damage":0.0,"enemies":"Shelled Parasite and Fungi","floor":24.0,"turns":4.0},{"damage":0.0,"enemies":"3 Cultists","floor":29.0,"turns":3.0},{"damage":0.0,"enemies":"Snecko","floor":31.0,"turns":4.0},{"damage":5.0,"enemies":"Collector","floor":33.0,"turns":5.0},{"damage":16.0,"enemies":"Orb Walker","floor":35.0,"turns":4.0},{"damage":42.0,"enemies":"3 Darklings","floor":37.0,"turns":5.0},{"damage":36.0,"enemies":"Giant Head","floor":41.0,"turns":9.0},{"damage":0,"enemies":"Maw","floor":44,"turns":2}],"seed_played":"2868849398872276414","potions_obtained":[{"floor":5.0,"key":"ColorlessPotion"},{"floor":8.0,"key":"FearPotion"},{"floor":14.0,"key":"DuplicationPotion"},{"floor":18.0,"key":"Ancient Potion"},{"floor":31.0,"key":"DistilledChaos"},{"floor":35.0,"key":"Poison Potion"},{"floor":36.0,"key":"SteroidPotion"},{"floor":36.0,"key":"SteroidPotion"}],"is_trial":false,"path_per_floor":["M","$","?","?","M","E","R","M","T","R","$","M","R","M","R","B",null,"M","?","?","M","M","R","M","R","T","?","R","M","?","M","R","B",null,"M","?","M","?","?","R","E","R","T","M"],"character_chosen":"THE_SILENT","items_purchased":["Noxious Fumes","Bouncing Flask"],"campfire_rested":8,"item_purchase_floors":[2,2],"current_hp_per_floor":[66,66,52,57,48,13,35,24,24,46,46,40,62,58,58,36,75,52,52,52,41,15,37,37,59,59,59,75,75,75,75,75,70,75,59,59,17,17,17,39,3,25,25,25,25],"gold":291,"neow_bonus":"BOSS_RELIC","is_daily":false,"chose_seed":false,"campfire_upgraded":1,"win_rate":0.0,"timestamp":1609861729,"path_taken":["M","$","?","?","M","E","R","M","T","R","$","M","R","M","R","BOSS","M","?","?","M","M","R","M","R","T","?","R","M","?","M","R","BOSS","M","?","?","?","?","R","E","R","T","M"],"items_purchased_type":["Card","Card"],"build_version":"2020-12-22","purchased_purges":0,"victory":false,"max_hp_per_floor":[70,70,70,75,75,75,75,75,75,75,75,75,75,75,75,75,75,75,75,75,75,75,75,75,75,75,75,75,75,75,75,75,75,75,75,75,75,75,75,75,75,75,75,75,75],"card_choices":[{"not_picked":["Backflip","Dodge and Roll"],"picked":"Bane","floor":1.0},{"not_picked":["All Out Attack","Flying Knee","Distraction"],"picked":"SKIP","floor":5.0},{"not_picked":["Sucker Punch","Acrobatics"],"picked":"Deadly Poison","floor":6.0},{"not_picked":["Reflex","Backflip","Underhanded Strike"],"picked":"SKIP","floor":8.0},{"not_picked":["Escape Plan","Prepared"],"picked":"Night Terror","floor":12.0},{"not_picked":["Dagger Throw","Leg Sweep"],"picked":"Crippling Poison","floor":14.0},{"not_picked":["A Thousand Cuts","Unload"],"picked":"Bullet Time","floor":16.0},{"not_picked":["Masterful Stab","Sucker Punch"],"picked":"Backflip+1","floor":18.0},{"not_picked":["Quick Slash","Prepared"],"picked":"Leg Sweep+1","floor":21.0},{"not_picked":["Dagger Spray","Outmaneuver","Acrobatics"],"picked":"SKIP","floor":22.0},{"not_picked":["Quick Slash","Skewer"],"picked":"Predator+1","floor":24.0},{"not_picked":["Dagger Throw","Calculated Gamble+1"],"picked":"Caltrops+1","floor":29.0},{"not_picked":["Bane","Tactician"],"picked":"Envenom","floor":31.0},{"not_picked":["Bullet Time","Unload"],"picked":"Phantasmal Killer","floor":33.0},{"not_picked":["Infinite Blades","Blade Dance","Setup+1"],"picked":"Terror","floor":35.0},{"not_picked":["Tactician","Distraction","Concentrate+1"],"picked":"Crippling Poison","floor":37.0},{"not_picked":["Blur+1","Blade Dance","Cloak And Dagger+1"],"picked":"Deadly Poison+1","floor":41.0}],"player_experience":459202,"relics_obtained":[{"floor":6.0,"key":"Dead Branch"},{"floor":9.0,"key":"Ginger"},{"floor":34.0,"key":"CeramicFish"},{"floor":34.0,"key":"Question Card"},{"floor":34.0,"key":"Girya"},{"floor":41.0,"key":"Juzu Bracelet"},{"floor":43.0,"key":"PreservedInsect"}],"event_choices":[{"damage_healed":0.0,"max_hp_gain":0.0,"max_hp_loss":0.0,"gold_gain":0.0,"event_name":"Shining Light","player_choice":"Entered Light","floor":3.0,"gold_loss":0.0,"damage_taken":14.0,"cards_upgraded":["Strike_G","Strike_G"]},{"damage_healed":0.0,"max_hp_gain":5.0,"max_hp_loss":0.0,"gold_gain":0.0,"event_name":"Big Fish","player_choice":"Donut","floor":4.0,"gold_loss":0.0,"damage_taken":0.0},{"damage_healed":0.0,"max_hp_gain":0.0,"max_hp_loss":0.0,"gold_gain":99.0,"event_name":"Nest","player_choice":"Stole From Cult","floor":19.0,"gold_loss":0.0,"damage_taken":0.0},{"damage_healed":0.0,"max_hp_gain":0.0,"max_hp_loss":0.0,"gold_gain":0.0,"event_name":"Masked Bandits","player_choice":"Paid Fearfully","floor":20.0,"gold_loss":314.0,"damage_taken":0.0},{"damage_healed":0.0,"max_hp_gain":0.0,"max_hp_loss":0.0,"gold_gain":0.0,"event_name":"Drug Dealer","player_choice":"Inject Mutagens","floor":27.0,"gold_loss":0.0,"damage_taken":0.0,"relics_obtained":["MutagenicStrength"]},{"damage_healed":0.0,"max_hp_gain":0.0,"max_hp_loss":0.0,"gold_gain":0.0,"event_name":"Back to Basics","player_choice":"Simplicity","floor":30.0,"gold_loss":0.0,"damage_taken":0.0,"cards_upgraded":["Strike_G","Strike_G","Strike_G","Defend_G","Defend_G","Defend_G","Defend_G","Defend_G"]},{"damage_healed":0.0,"max_hp_gain":0.0,"max_hp_loss":0.0,"gold_gain":0.0,"event_name":"Lab","player_choice":"Got Potions","floor":36.0,"gold_loss":0.0,"damage_taken":0.0},{"damage_healed":0.0,"max_hp_gain":0.0,"max_hp_loss":0.0,"gold_gain":0.0,"event_name":"Mysterious Sphere","player_choice":"Ignored","floor":38.0,"gold_loss":0.0,"damage_taken":0.0},{"cards_removed":["Bane"],"damage_healed":0.0,"max_hp_gain":0.0,"max_hp_loss":0.0,"gold_gain":0.0,"event_name":"Falling","player_choice":"Removed Attack","floor":39.0,"gold_loss":0.0,"damage_taken":0.0}],"is_beta":false,"boss_relics":[{"not_picked":["WristBlade","Astrolabe"],"picked":"SlaversCollar"},{"not_picked":["Coffee Dripper","Philosopher\u0027s Stone"],"picked":"Calling Bell"}],"items_purged_floors":[],"is_endless":false,"potions_floor_spawned":[5,8,14,18,31,35,37],"killed_by":"Maw","ascension_level":4}}