{"host":"dbo0lztt1pyfwysk","time":1609872620,"event":{"mods":["Act Like it!","BaseMod","Conspire","Downfall","Gensokyo","GifTheSpireLib","Hubris","Infinite Spire","KinomotoSakuraMod(????)","Koishi","Luminous","Marisa????????","Minty Spire (QoL Compilation)","Prisma Mod","Remilia??????","Replay The Spire","Shade Mod","Shop Mod","StSLib"],"gold_per_floor":[119,119,132,150,150,150,29,41,41,59,71,71,71,83,83,185,185,200,200,51,51,51,51,63,63,118,43,43,61,61,71,71,172,172,184,202,218,73,73,73,83,94,94,94,94,104,104,104,104,104,104],"floor_reached":50,"playtime":11619,"items_purged":["Strike_G","Strike_G"],"score":759,"play_id":"58e391d2-ae0a-4dd2-9f21-631a980b2a05","local_time":"20210105195020","is_ascension_mode":true,"campfire_choices":[{"data":"infinitespire:Neurotoxin","floor":6,"key":"SMITH"},{"data":"Bouncing Flask","floor":15,"key":"SMITH"},{"data":"Deadly Poison","floor":23,"key":"SMITH"},{"data":"Catalyst","floor":25,"key":"SMITH"},{"data":"Deadly Poison","floor":28,"key":"SMITH"},{"data":"Leg Sweep","floor":30,"key":"SMITH"},{"data":"Fluid Movement","floor":32,"key":"SMITH"},{"floor":40,"key":"REST"},{"floor":47,"key":"REST"},{"floor":49,"key":"REST"}],"circlet_count":0,"master_deck":["AscendersBane","Strike_G+1","Defend_G","Defend_G","Defend_G","Defend_G+1","Defend_G","Survivor","Neutralize+1","Deadly Poison+1","infinitespire:Neurotoxin+1","Deadly Poison+1","Leg Sweep+1","Bouncing Flask+1","Fluid Movement+1","Catalyst+1","ReplayTheSpireMod:Necrosis","Blur+1"],"relics":["Ring of the Snake","Anchor","infinitespire:Cupcake","TwistedFunnel","StoneCalendar","Gremlin Food","WristBlade","hubris:EmptyBottle","Letter Opener","The Courier"],"acts_visited":["Exordium","TheCity","TheBeyond"],"potions_floor_usage":[10,16,16,37,37,41,50,50,50],"damage_taken":[{"damage":1,"enemies":"Jaw Worm","floor":1,"turns":4},{"damage":0,"enemies":"conspire:RoseBush","floor":3,"turns":4},{"damage":0,"enemies":"Cultist","floor":4,"turns":4},{"damage":3,"enemies":"Blue Slaver","floor":8,"turns":5},{"damage":6,"enemies":"Exordium Thugs","floor":10,"turns":4},{"damage":11,"enemies":"Looter","floor":11,"turns":3},{"damage":2,"enemies":"Large Slime","floor":14,"turns":8},{"damage":28,"enemies":"Slime Boss","floor":16,"turns":11},{"damage":0,"enemies":"Spheric Guardian","floor":18,"turns":3},{"damage":0,"enemies":"Chosen","floor":24,"turns":3},{"damage":1,"enemies":"Snake Plant","floor":29,"turns":3},{"damage":0,"enemies":"Sentry and Sphere","floor":31,"turns":3},{"damage":44,"enemies":"Champ","floor":33,"turns":8},{"damage":0,"enemies":"3 Shapes","floor":35,"turns":5},{"damage":24,"enemies":"3 Darklings","floor":36,"turns":3},{"damage":18,"enemies":"Sphere and 2 Shapes","floor":37,"turns":6},{"damage":4,"enemies":"Jaw Worm Horde","floor":41,"turns":3},{"damage":4,"enemies":"Writhing Mass","floor":42,"turns":3},{"damage":9,"enemies":"3 Darklings","floor":46,"turns":7},{"damage":115,"enemies":"conspire:OrnateMirror","floor":50,"turns":3}],"seed_played":"5749927953356560884","potions_obtained":[{"floor":1,"key":"Explosive Potion"},{"floor":4,"key":"PowerPotion"},{"floor":10,"key":"Ancient Potion"},{"floor":14,"key":"Strength Potion"},{"floor":29,"key":"ColorlessPotion"},{"floor":31,"key":"Adrenaline Potion"},{"floor":33,"key":"Block Potion"},{"floor":36,"key":"PowerPotion"},{"floor":37,"key":"Energy Potion"},{"floor":45,"key":"Poison Potion"},{"floor":45,"key":"BlessingOfTheForge"}],"is_trial":false,"path_per_floor":["M","?","M","M","?","R","$","M","T","M","M","$","?","M","R","B",null,"M","?","$","?","AVR","R","M","R","T","?","R","M","R","M","R","B",null,"M","M","M","$","?","R","M","M","T","T","?","M","R","?","R","B"],"character_chosen":"THE_SILENT","items_purchased":["Deadly Poison","TwistedFunnel","hubris:EmptyBottle"],"campfire_rested":3,"item_purchase_floors":[7,20,38],"current_hp_per_floor":[62,62,62,62,62,62,62,59,59,53,42,42,42,40,40,12,56,56,56,56,56,56,56,56,56,56,56,56,55,55,55,55,11,55,55,31,13,13,13,34,30,26,26,26,26,17,38,38,59,0,0],"gold":104,"neow_bonus":"UPGRADE_CARD","is_daily":false,"chose_seed":false,"campfire_upgraded":7,"win_rate":0.0,"timestamp":1609872620,"path_taken":["M","?","M","M","?","R","$","M","T","M","M","?","?","?","R","BOSS","M","?","$","?","AVR","R","M","R","T","?","R","M","R","?","R","BOSS","M","M","M","$","?","R","?","M","T","?","?","?","R","?","R","BOSS"],"items_purchased_type":["Card","Relic","Relic"],"build_version":"2020-12-22","purchased_purges":2,"victory":false,"max_hp_per_floor":[70,70,70,70,70,70,70,70,70,70,70,70,70,70,70,70,70,70,70,70,70,70,70,70,70,70,70,70,70,70,70,70,70,70,70,70,70,70,70,70,70,70,70,70,70,70,70,70,70,70,70],"card_choices":[{"not_picked":["Tactician","Prepared"],"picked":"Deadly Poison","floor":1},{"not_picked":["Flying Knee","ReplayTheSpireMod:Scrap Shanks","ReplayTheSpireMod:Tripwire"],"picked":"SKIP","floor":3},{"not_picked":["Sucker Punch","conspire:PoisonWeapons"],"picked":"infinitespire:Neurotoxin","floor":4},{"not_picked":["Dagger Throw","Blade Dance","hubris:TrickCloak"],"picked":"SKIP","floor":8},{"not_picked":["ReplayTheSpireMod:Exploit Weakness","Bane"],"picked":"Leg Sweep","floor":10},{"not_picked":["Outmaneuver","ReplayTheSpireMod:Exploit Weakness"],"picked":"Bouncing Flask","floor":11},{"not_picked":["PiercingWail","Acrobatics"],"picked":"Fluid Movement","floor":14},{"not_picked":["Prepared","Hidden Blade","Slice"],"picked":"SKIP","floor":18},{"not_picked":["Hidden Blade","hubris:SlightOfHand"],"picked":"Catalyst","floor":24},{"not_picked":["Deadly Poison","Sneak Up","Cloak And Dagger"],"picked":"SKIP","floor":29},{"not_picked":["hubris:SlightOfHand","Outmaneuver","Sneak Up"],"picked":"SKIP","floor":31},{"not_picked":["A Thousand Cuts","infinitespire:Neurotoxin"],"picked":"ReplayTheSpireMod:Necrosis","floor":33},{"not_picked":["Dodge and Roll","hubris:Sniper","Cloak And Dagger"],"picked":"SKIP","floor":35},{"not_picked":["Deadly Poison","hubris:Counter","Dodge and Roll"],"picked":"SKIP","floor":36},{"not_picked":["ReplayTheSpireMod:Shiv Toss","Blade Dance"],"picked":"Blur","floor":37},{"not_picked":["ReplayTheSpireMod:Scrap Shanks","ReplayTheSpireMod:Exploit Weakness+1","Flying Knee"],"picked":"SKIP","floor":41},{"not_picked":["Distraction","Dagger Spray","Dagger Throw+1"],"picked":"SKIP","floor":42},{"not_picked":["Backflip","Dagger Throw","Prepared"],"picked":"SKIP","floor":46}],"player_experience":618645,"relics_obtained":[{"floor":9,"key":"Anchor"},{"floor":26,"key":"Gremlin Food"},{"floor":43,"key":"Letter Opener"},{"floor":44,"key":"The Courier"}],"event_choices":[{"damage_healed":0,"gold_gain":0,"player_choice":"Leave","damage_taken":0,"max_hp_gain":0,"max_hp_loss":0,"event_name":"conspire:Investor","floor":5,"gold_loss":0},{"cards_removed":["Strike_G"],"damage_healed":0,"gold_gain":0,"player_choice":"Purged","damage_taken":0,"max_hp_gain":0,"max_hp_loss":0,"event_name":"Purifier","floor":13,"gold_loss":0},{"damage_healed":0,"gold_gain":0,"player_choice":"Ignored","damage_taken":0,"max_hp_gain":0,"max_hp_loss":0,"event_name":"Ghosts","floor":19,"gold_loss":0},{"damage_healed":0,"gold_gain":0,"player_choice":"Ignored","damage_taken":0,"max_hp_gain":0,"max_hp_loss":0,"event_name":"Cursed Tome","floor":21,"gold_loss":0},{"cards_removed":["Strike_G"],"damage_healed":0,"gold_gain":0,"player_choice":"Gave Gold","damage_taken":0,"max_hp_gain":0,"max_hp_loss":0,"event_name":"Beggar","floor":27,"gold_loss":75},{"damage_healed":0,"gold_gain":0,"player_choice":"Ignored","damage_taken":0,"max_hp_gain":0,"max_hp_loss":0,"event_name":"SecretPortal","floor":39,"gold_loss":0},{"damage_healed":0,"gold_gain":0,"player_choice":"Got Potions","damage_taken":0,"max_hp_gain":0,"max_hp_loss":0,"event_name":"Lab","floor":45,"gold_loss":0}],"is_beta":false,"boss_relics":[{"not_picked":["Ring of Chaos","Velvet Choker"],"picked":"infinitespire:Cupcake"},{"not_picked":["Honey Jar","Fusion Hammer"],"picked":"WristBlade"}],"items_purged_floors":[7,22],"is_endless":false,"potions_floor_spawned":[1,4,10,14,29,31,33,36,37],"killed_by":"conspire:OrnateMirror","ascension_level":12}}