{"host":"s3g5dmvfnpdztvul","time":1609881503,"event":{"mods":["AchievementEnabler","AlwaysNeverKeys","Aspiration","BaseMod","Better Altar","Better Match","Better Note","Better Sensory Stone","Better Vampires","BetterRewards","CatGirl Mod","Challenge The Spire","Colored Map","Colored Powertips","Colorless Booster Pack","Conspire","Curses Come First","DeckTracker","Defuse TimeMaze Blight","Displayed Cursed Tome","Downfall","Energized Spire","Fiend Mod","Friendly Minions","GifTheSpireLib","Hubris","Hyrulean Relics","Infinite Spire","Ironclad Rager","Jedi Mod","Marisa????????","Marked Mod","Mimic Mod","Minty Spire (QoL Compilation)","Permanent Neow","Quick Restart","Railgun Mod","Random Character Button","Rare Cards Sparkle","Replay The Spire","SCP261 Mod","Shade Mod","Small Relic Pack","Spicy Shops","Spikes Relics","StSLib","Stuff the Spire","The Alterego","The Blue Laboratory","The Clintock","The Cursed","The Factory","The Jungle","The Necromancer","TheSwordswoman","Trackpad","Unceasing Turn Reminder","Virulent Crown","Waifu the Spire","Wandering Minibosses","vexMod"],"gold_per_floor":[114,114,41,41,52,87,98,111,142,112,127,127,162,162,162,259,259,272,272,272],"floor_reached":19,"playtime":3116,"items_purged":[],"score":355,"play_id":"554f6191-2005-40fb-9a5d-5a2f9742d5ec","local_time":"20210105161823","is_ascension_mode":true,"campfire_choices":[{"floor":15.0,"key":"REST"}],"circlet_count":0,"master_deck":["alterego_mod:Strike","alterego_mod:Strike","alterego_mod:Strike","alterego_mod:Strike","alterego_mod:Defend","alterego_mod:Defend","alterego_mod:Defend","alterego_mod:Defend","alterego_mod:Impale","alterego_mod:BigMeatyClaws","alterego_mod:BrynhildrsRune","alterego_mod:Jiggle","alterego_mod:Collar","alterego_mod:TrashNCrash","alterego_mod:Bounce","alterego_mod:Undulate","alterego_mod:BiFurious","alterego_mod:DeftHands","alterego_mod:Bounce","alterego_mod:Lingerie","alterego_mod:Bloomers","Injury","alterego_mod:TrickOrTreatment","alterego_mod:Complex"],"relics":["alterego_mod:MasochisticConstitution","relicPack:OneForAll","aspiration:TomeofQuesting","StuffTheSpire:SapphireSignet","aspiration:DSix","Toxic Egg 2","Replay:Grab Bag","vexMod:TanglingVine","Philosopher\u0027s Stone","vexMod:BigBerry"],"acts_visited":["Exordium","TheCity"],"potions_floor_usage":[18,19],"damage_taken":[{"damage":4.0,"enemies":"2 Louse","floor":1.0,"turns":4.0},{"damage":3.0,"enemies":"Small Slimes","floor":5.0,"turns":4.0},{"damage":56.0,"enemies":"3 Sentries","floor":6.0,"turns":9.0},{"damage":3.0,"enemies":"Cultist","floor":7.0,"turns":5.0},{"damage":0.0,"enemies":"2 Fungi Beasts","floor":8.0,"turns":4.0},{"damage":21.0,"enemies":"Red Slaver","floor":9.0,"turns":17.0},{"damage":17.0,"enemies":"Red Slaver","floor":11.0,"turns":8.0},{"damage":43.0,"enemies":"Lagavulin","floor":13.0,"turns":11.0},{"damage":21.0,"enemies":"Fading Forest","floor":16.0,"turns":11.0},{"damage":96,"enemies":"Spheric Guardian","floor":18,"turns":10},{"damage":41,"enemies":"Shell Parasite","floor":19,"turns":4}],"seed_played":"-5221603493862585596","potions_obtained":[{"floor":5.0,"key":"blueLaboratory:RememoryPotion"},{"floor":6.0,"key":"blueLaboratory:FruitPunch"},{"floor":7.0,"key":"Energy Potion"},{"floor":8.0,"key":"BlessingOfTheForge"},{"floor":10.0,"key":"blueLaboratory:BottledHope"},{"floor":10.0,"key":"Ancient Potion"},{"floor":13.0,"key":"blueLaboratory:SavagePotion"},{"floor":16.0,"key":"blueLaboratory:SavagePotion"},{"floor":18,"key":"FearPotion"}],"is_trial":false,"path_per_floor":["M","?","$","?","M","E","M","M","MIM","?","M","?","E","?","R","B",null,"M","M"],"character_chosen":"The_Alterego","items_purchased":["alterego_mod:Collar"],"campfire_rested":1,"item_purchase_floors":[3],"current_hp_per_floor":[71,71,71,71,72,17,22,38,25,25,23,49,7,7,30,45,110,24,0,0],"gold":272,"neow_bonus":"ONE_RANDOM_RARE_CARD","is_daily":false,"chose_seed":false,"campfire_upgraded":0,"win_rate":0.0,"timestamp":1609881503,"path_taken":["M","?","$","?","?","E","M","M","MIM","?","?","?","E","?","R","BOSS","M","M"],"items_purchased_type":["Card"],"build_version":"2020-12-22","purchased_purges":0,"victory":false,"max_hp_per_floor":[71,71,71,71,72,73,74,76,77,77,78,78,79,79,79,80,110,111,111,111],"card_choices":[{"not_picked":["alterego_mod:BeGentle","alterego_mod:TrashNCrash"],"picked":"alterego_mod:Jiggle","floor":1.0},{"not_picked":["alterego_mod:Birthday","alterego_mod:DiscoLights"],"picked":"alterego_mod:Bounce","floor":5.0},{"not_picked":["alterego_mod:Belle","alterego_mod:BreastValley"],"picked":"alterego_mod:Undulate","floor":6.0},{"not_picked":["alterego_mod:Mirror","alterego_mod:HighServant"],"picked":"alterego_mod:BiFurious","floor":7.0},{"not_picked":["alterego_mod:Schoolgirl","alterego_mod:HighServant"],"picked":"alterego_mod:DeftHands","floor":8.0},{"not_picked":["alterego_mod:GoddessCore","alterego_mod:Mirror"],"picked":"alterego_mod:Bounce","floor":9.0},{"not_picked":["alterego_mod:RidiculouslyBig","alterego_mod:Clap"],"picked":"alterego_mod:Lingerie","floor":11.0},{"not_picked":["alterego_mod:TrashNCrash","alterego_mod:SakuraFive"],"picked":"alterego_mod:Bloomers","floor":13.0},{"not_picked":["alterego_mod:STier+1","alterego_mod:GIGAMILK+1"],"picked":"alterego_mod:TrickOrTreatment","floor":16.0},{"not_picked":["alterego_mod:Punishment","alterego_mod:Skirt"],"picked":"alterego_mod:Complex","floor":18}],"player_experience":522659,"relics_obtained":[{"floor":6.0,"key":"aspiration:TomeofQuesting"},{"floor":9.0,"key":"StuffTheSpire:SapphireSignet"},{"floor":13.0,"key":"aspiration:DSix"}],"event_choices":[{"damage_healed":0.0,"max_hp_gain":0.0,"max_hp_loss":0.0,"gold_gain":0.0,"cards_transformed":["alterego_mod:PainIsPleasure"],"event_name":"Transmorgrifier","player_choice":"Transformed","floor":4.0,"gold_loss":0.0,"damage_taken":0.0,"cards_obtained":["alterego_mod:TrashNCrash"]},{"damage_healed":0.0,"max_hp_gain":0.0,"max_hp_loss":0.0,"gold_gain":0.0,"event_name":"The Woman in Blue","player_choice":"Bought 2 Potions","floor":10.0,"gold_loss":0.0,"damage_taken":0.0},{"damage_healed":26.0,"max_hp_gain":0.0,"max_hp_loss":0.0,"gold_gain":0.0,"event_name":"Big Fish","player_choice":"Banana","floor":12.0,"gold_loss":0.0,"damage_taken":0.0}],"is_beta":false,"boss_relics":[{"not_picked":["infinitespire:Cupcake","energizedSpire:CursedPentagram"],"picked":"Replay:Grab Bag"},{"not_picked":["vexMod:DeviousBotling","Coffee Dripper"],"picked":"vexMod:TanglingVine"},{"not_picked":["hubris:VirtuousBlindfold","energizedSpire:NeverEndingSparkler"],"picked":"Philosopher\u0027s Stone"},{"not_picked":["SlaversCollar","Sandwich"],"picked":"vexMod:BigBerry"}],"items_purged_floors":[],"is_endless":false,"potions_floor_spawned":[5,6,7,8,13,16,18],"killed_by":"Shell Parasite","ascension_level":2}}