{"host":"x7n7968bn9ekn290","time":1609890910,"event":{"mods":["AchievementEnabler","BaseMod","Colored Map","Googly Eyes","Highlight Path","Minty Spire (QoL Compilation)","Quick Restart","Rare Cards Sparkle","Relic Stats","slay the spire mod where everything is the same but ironclad has a cowboy hat"],"gold_per_floor":[113,129,142,162,5,5,17,33,59,71,103,103,160,178,178,278,278,290,290,290,101,101,101,127,127,127,144,158,174,103,103,103,198,198,216,216,266,63,74,74,74,74,74,74,90,90,106,122,122,122,122],"floor_reached":50,"playtime":1757,"items_purged":[],"score":564,"play_id":"4db09789-fe7a-415d-bb33-0eaa2c62ad39","local_time":"20210105155510","is_ascension_mode":false,"campfire_choices":[{"data":"Survivor","floor":6,"key":"SMITH"},{"floor":15,"key":"REST"},{"data":"Blade Dance","floor":23,"key":"SMITH"},{"floor":25,"key":"REST"},{"floor":32,"key":"REST"},{"floor":40,"key":"REST"},{"data":"Dagger Spray","floor":44,"key":"SMITH"},{"data":"Adrenaline","floor":46,"key":"SMITH"},{"floor":49,"key":"REST"}],"circlet_count":0,"master_deck":["Strike_G","Strike_G","Strike_G","Strike_G","Strike_G","Defend_G+1","Defend_G","Defend_G","Defend_G","Defend_G","Survivor+1","Neutralize","Dagger Spray+1","Deflect","Deflect","Deflect+1","Slice","Dagger Spray","Flying Knee","Dagger Spray","Deflect","Dagger Spray","Adrenaline+1","Dagger Spray","Blade Dance+1","Blade Dance","Deflect+1","Escape Plan+1","Endless Agony","Infinite Blades+1","Blade Dance","Slice+1","Good Instincts","Dagger Spray","Slice+1"],"relics":["Ring of the Snake","Vajra","Tiny Chest","PreservedInsect","Juzu Bracelet","WristBlade","HornCleat","TheAbacus","Strawberry","Frozen Egg 2","Thread and Needle","Black Star","Tingsha","Bag of Marbles","Pear","Bottled Flame"],"acts_visited":["Exordium","TheCity","TheBeyond"],"potions_floor_usage":[7,13,16,24,50,50],"damage_taken":[{"damage":0,"enemies":"Cultist","floor":1,"turns":4},{"damage":5,"enemies":"Jaw Worm","floor":2,"turns":6},{"damage":0,"enemies":"Small Slimes","floor":3,"turns":4},{"damage":1,"enemies":"2 Fungi Beasts","floor":4,"turns":4},{"damage":3,"enemies":"Blue Slaver","floor":7,"turns":4},{"damage":5,"enemies":"Large Slime","floor":8,"turns":6},{"damage":0,"enemies":"2 Fungi Beasts","floor":10,"turns":3},{"damage":9,"enemies":"3 Sentries","floor":11,"turns":5},{"damage":5,"enemies":"3 Sentries","floor":13,"turns":3},{"damage":3,"enemies":"Exordium Wildlife","floor":14,"turns":5},{"damage":9,"enemies":"Slime Boss","floor":16,"turns":9},{"damage":6,"enemies":"3 Byrds","floor":18,"turns":4},{"damage":14,"enemies":"Gremlin Leader","floor":24,"turns":4},{"damage":0,"enemies":"Spheric Guardian","floor":27,"turns":3},{"damage":17,"enemies":"Snake Plant","floor":28,"turns":5},{"damage":0,"enemies":"Snecko","floor":29,"turns":3},{"damage":57,"enemies":"Collector","floor":33,"turns":10},{"damage":76,"enemies":"3 Shapes","floor":35,"turns":4},{"damage":20,"enemies":"Mind Bloom Boss Battle","floor":37,"turns":14},{"damage":9,"enemies":"3 Darklings","floor":39,"turns":4},{"damage":15,"enemies":"Transient","floor":45,"turns":5},{"damage":0,"enemies":"Jaw Worm Horde","floor":47,"turns":1},{"damage":0,"enemies":"Spire Growth","floor":48,"turns":3},{"damage":119,"enemies":"Awakened One","floor":50,"turns":14}],"seed_played":"7587708011769766924","potions_obtained":[{"floor":1,"key":"PowerPotion"},{"floor":2,"key":"SpeedPotion"},{"floor":10,"key":"SkillPotion"},{"floor":13,"key":"CunningPotion"},{"floor":14,"key":"SpeedPotion"},{"floor":27,"key":"FairyPotion"},{"floor":33,"key":"DistilledChaos"},{"floor":45,"key":"SneckoOil"}],"is_trial":false,"path_per_floor":["M","M","M","M","$","R","M","M","T","M","E","?","?","M","R","B",null,"M","T","?","$","?","R","E","R","T","M","M","M","$","T","R","B",null,"M","?","?","$","M","R","T","?","T","R","M","R","M","M","R","B"],"character_chosen":"THE_SILENT","items_purchased":["Vajra","Blade Dance","TheAbacus","Infinite Blades+1","Bag of Marbles","Blade Dance"],"campfire_rested":5,"item_purchase_floors":[5,21,21,30,38,38],"current_hp_per_floor":[77,72,72,71,71,71,68,63,63,63,54,39,34,31,54,45,77,71,71,71,71,57,57,50,76,76,76,59,59,59,59,85,28,89,13,78,58,58,49,72,82,82,82,82,67,67,67,67,88,0,0],"gold":122,"neow_bonus":"TEN_PERCENT_HP_BONUS","is_daily":false,"chose_seed":false,"campfire_upgraded":4,"win_rate":0.0,"timestamp":1609890910,"path_taken":["M","M","M","M","$","R","M","M","T","?","E","?","?","M","R","BOSS","M","?","?","$","?","R","E","R","T","M","M","M","?","?","R","BOSS","M","?","?","?","M","R","?","?","T","R","M","R","M","M","R","BOSS"],"items_purchased_type":["Relic","Card","Relic","Card","Relic","Card"],"build_version":"2020-12-22","purchased_purges":0,"victory":false,"max_hp_per_floor":[77,77,77,77,77,77,77,77,77,77,77,77,77,77,77,77,77,77,77,77,77,82,82,89,89,89,89,89,89,89,89,89,89,89,89,78,78,78,78,78,88,88,88,88,88,88,88,88,88,88,88],"relic_stats":{"TheAbacus":[36],"counters":[24,127],"Tiny Chest":3,"Tingsha":[12],"PreservedInsect":76,"Juzu Bracelet":0,"Black Star":0,"obtain_stats":[{"Pear":41,"Vajra":5,"Thread and Needle":31,"Tingsha":37,"PreservedInsect":11,"Juzu Bracelet":13,"Frozen Egg 2":26,"Bottled Flame":43,"HornCleat":19,"TheAbacus":21,"WristBlade":17,"Strawberry":24,"Tiny Chest":9,"Black Star":34,"Bag of Marbles":38,"Ring of the Snake":0},{"Pear":20,"Vajra":4,"Thread and Needle":16,"Tingsha":19,"PreservedInsect":8,"Juzu Bracelet":9,"Frozen Egg 2":13,"Bottled Flame":20,"HornCleat":12,"TheAbacus":12,"WristBlade":11,"Strawberry":13,"Tiny Chest":6,"Black Star":17,"Bag of Marbles":19,"Ring of the Snake":0},{"Pear":104,"Vajra":18,"Thread and Needle":72,"Tingsha":100,"PreservedInsect":36,"Juzu Bracelet":39,"Frozen Egg 2":61,"Bottled Flame":104,"HornCleat":57,"TheAbacus":57,"WristBlade":53,"Strawberry":61,"Tiny Chest":28,"Black Star":82,"Bag of Marbles":100,"Ring of the Snake":0}],"Ring of the Snake":[49]},"card_choices":[{"not_picked":["Escape Plan","Dodge and Roll"],"picked":"Dagger Spray","floor":1},{"not_picked":["Backflip","Caltrops"],"picked":"Deflect","floor":2},{"not_picked":["Quick Slash","Flying Knee"],"picked":"Deflect","floor":3},{"not_picked":["PiercingWail","Noxious Fumes"],"picked":"Deflect","floor":4},{"not_picked":["Underhanded Strike","Tactician"],"picked":"Slice","floor":7},{"not_picked":["Corpse Explosion","Quick Slash"],"picked":"Dagger Spray","floor":8},{"not_picked":["Masterful Stab","Prepared"],"picked":"Flying Knee","floor":10},{"not_picked":["Underhanded Strike","Heel Hook"],"picked":"Dagger Spray","floor":11},{"not_picked":["Heel Hook","All Out Attack"],"picked":"Deflect","floor":13},{"not_picked":["Dagger Throw","PiercingWail"],"picked":"Dagger Spray","floor":14},{"not_picked":["Phantasmal Killer","Envenom"],"picked":"Adrenaline","floor":16},{"not_picked":["Heel Hook+1","Quick Slash"],"picked":"Dagger Spray","floor":18},{"not_picked":["Prepared+1","Bouncing Flask"],"picked":"Deflect+1","floor":24},{"not_picked":["After Image+1","Choke"],"picked":"Escape Plan+1","floor":27},{"not_picked":["All Out Attack","Backflip","Dagger Throw+1"],"picked":"SKIP","floor":28},{"not_picked":["PiercingWail","Well Laid Plans+1"],"picked":"Endless Agony","floor":29},{"not_picked":["Acrobatics+1","Poisoned Stab+1","Skewer+1"],"picked":"SKIP","floor":35},{"not_picked":["Riddle With Holes+1","Noxious Fumes+1"],"picked":"Slice+1","floor":39},{"not_picked":["Jack Of All Trades","Deep Breath"],"picked":"Good Instincts","floor":42},{"not_picked":["Flying Knee+1","Poisoned Stab","Distraction"],"picked":"SKIP","floor":45},{"not_picked":["Skewer+1","Finisher"],"picked":"Dagger Spray","floor":47},{"not_picked":["Choke","Flying Knee+1"],"picked":"Slice+1","floor":48}],"player_experience":13676,"relics_obtained":[{"floor":9,"key":"Tiny Chest"},{"floor":11,"key":"PreservedInsect"},{"floor":13,"key":"Juzu Bracelet"},{"floor":19,"key":"HornCleat"},{"floor":24,"key":"Strawberry"},{"floor":26,"key":"Frozen Egg 2"},{"floor":31,"key":"Thread and Needle"},{"floor":37,"key":"Tingsha"},{"floor":41,"key":"Pear"},{"floor":43,"key":"Bottled Flame"}],"event_choices":[{"damage_healed":0,"gold_gain":0,"player_choice":"Entered Light","damage_taken":15,"max_hp_gain":0,"max_hp_loss":0,"event_name":"Shining Light","floor":12,"gold_loss":0,"cards_upgraded":["Defend_G","Deflect"]},{"damage_healed":0,"gold_gain":0,"player_choice":"Searched \u00271\u0027 times","damage_taken":0,"max_hp_gain":0,"max_hp_loss":0,"event_name":"Dead Adventurer","floor":13,"gold_loss":0},{"damage_healed":0,"gold_gain":0,"player_choice":"Read","damage_taken":0,"max_hp_gain":0,"max_hp_loss":0,"event_name":"The Library","floor":20,"gold_loss":0,"cards_obtained":["Blade Dance"]},{"damage_healed":0,"gold_gain":0,"player_choice":"Shed Blood","damage_taken":19,"max_hp_gain":5,"max_hp_loss":0,"event_name":"Forgotten Altar","floor":22,"gold_loss":0},{"damage_healed":78,"gold_gain":0,"player_choice":"Heal","damage_taken":0,"max_hp_gain":0,"max_hp_loss":11,"event_name":"The Moai Head","floor":36,"gold_loss":0},{"damage_healed":0,"gold_gain":0,"player_choice":"Fight","damage_taken":0,"max_hp_gain":0,"max_hp_loss":0,"event_name":"MindBloom","floor":37,"gold_loss":0},{"damage_healed":0,"gold_gain":0,"player_choice":"Memory 1","damage_taken":0,"max_hp_gain":0,"max_hp_loss":0,"event_name":"SensoryStone","floor":42,"gold_loss":0}],"is_beta":false,"boss_relics":[{"not_picked":["Astrolabe","Cursed Key"],"picked":"WristBlade"},{"not_picked":["HoveringKite","Philosopher\u0027s Stone"],"picked":"Black Star"}],"items_purged_floors":[],"is_endless":false,"potions_floor_spawned":[1,2,10,13,14,27,33,37,45],"killed_by":"Awakened One","ascension_level":0}}