{"host":"ji1fk25fd1ga4ji1","time":1609847325,"event":{"mods":["2.2 Compatiblity","BaseMod","Colored Map","DeckTracker","Minty Spire (QoL Compilation)","Permanent Neow","Quick Restart","StSLib","SuperFastMode"],"gold_per_floor":[367,387,399,81,81,81,108,108,108,118,18,49,66,82,82,82,82],"floor_reached":16,"playtime":319,"items_purged":["Strike_R","Strike_R"],"score":118,"play_id":"67eb85a9-5250-4305-9c44-848530bad8bc","local_time":"20210105204845","is_ascension_mode":true,"campfire_choices":[{"data":"Battle Trance","floor":6,"key":"SMITH"},{"data":"Whirlwind","floor":8,"key":"SMITH"},{"data":"Wild Strike","floor":15,"key":"SMITH"}],"circlet_count":0,"master_deck":["Strike_R","Strike_R","Strike_R","Defend_R","Defend_R","Defend_R","Defend_R","Bash","Heavy Blade","Battle Trance+1","Whirlwind+1","Pommel Strike","Wild Strike+1"],"relics":["Burning Blood","Singing Bowl","WingedGreaves","Pear","Charon\u0027s Ashes","Shovel"],"acts_visited":[],"potions_floor_usage":[7,12],"damage_taken":[{"damage":6,"enemies":"Cultist","floor":1,"turns":3},{"damage":3,"enemies":"Jaw Worm","floor":2,"turns":4},{"damage":0,"enemies":"2 Louse","floor":3,"turns":2},{"damage":35,"enemies":"3 Sentries","floor":7,"turns":7},{"damage":1,"enemies":"2 Fungi Beasts","floor":10,"turns":3},{"damage":26,"enemies":"Lagavulin","floor":12,"turns":5},{"damage":9,"enemies":"Blue Slaver","floor":13,"turns":3},{"damage":7,"enemies":"Large Slime","floor":14,"turns":5},{"damage":24,"enemies":"Hexaghost","floor":16,"turns":5}],"seed_played":"2988598153937130881","potions_obtained":[{"floor":1,"key":"SteroidPotion"},{"floor":10,"key":"DistilledChaos"},{"floor":13,"key":"Explosive Potion"}],"is_trial":false,"path_per_floor":["M","M","M","$","T","R","E","R","T","M","$","E","M","M","R","B"],"character_chosen":"IRONCLAD","items_purchased":["Singing Bowl"],"campfire_rested":0,"item_purchase_floors":[4],"current_hp_per_floor":[56,59,65,65,65,65,46,46,46,51,51,33,32,31,31,7,7],"gold":82,"neow_bonus":"TWO_FIFTY_GOLD","is_daily":false,"chose_seed":false,"campfire_upgraded":3,"win_rate":0.0,"timestamp":1609847325,"path_taken":["M","M","?","?","?","R","E","R","T","M","$","E","M","M","R","BOSS"],"items_purchased_type":["Relic"],"build_version":"2020-12-22","purchased_purges":2,"victory":false,"max_hp_per_floor":[80,80,80,80,80,80,90,90,90,90,90,92,94,94,94,94,94],"card_choices":[{"not_picked":["Flex","Warcry"],"picked":"Heavy Blade","floor":1},{"not_picked":["Feel No Pain","Rupture"],"picked":"Battle Trance","floor":2},{"not_picked":["Clash","Reckless Charge","Body Slam"],"picked":"SKIP","floor":3},{"not_picked":["Dark Embrace","Pummel"],"picked":"Whirlwind","floor":7},{"not_picked":["Pummel","Clothesline"],"picked":"Pommel Strike","floor":10},{"not_picked":["Battle Trance","Brutality","Dual Wield"],"picked":"Singing Bowl","floor":12},{"not_picked":["Uppercut","Intimidate","Second Wind"],"picked":"Singing Bowl","floor":13},{"not_picked":["Shrug It Off","Flex"],"picked":"Wild Strike","floor":14}],"player_experience":1241574,"relics_obtained":[{"floor":5,"key":"WingedGreaves"},{"floor":7,"key":"Pear"},{"floor":9,"key":"Charon\u0027s Ashes"},{"floor":12,"key":"Shovel"}],"event_choices":[],"is_beta":false,"boss_relics":[],"items_purged_floors":[4,11],"is_endless":false,"potions_floor_spawned":[1,10,13],"killed_by":"Hexaghost","ascension_level":1}}