{"host":"tfkz8stxzb1up54p","time":1609868983,"event":{"mods":["AchievementEnabler","Ascension Unlocker","BaseMod","Better Note","Block Reminder","Colored Powertips","Curses Come First","Disable Question Mark Monsters","Displayed Cursed Tome","Emptier Cage","Gold Saver","Gremlin Skip","Highlight Path","Minty Spire (QoL Compilation)","Permanent Neow","StSLib"],"gold_per_floor":[963,1028,504,519,519,519,694,694,694,738,738,813,857,57,57,182,182,201,220,220,264,308,346,71,71,146,96,134,3,3,22,22,147,147,216,285,285,285,285],"floor_reached":38,"playtime":3543,"items_purged":["Brutality","Doubt","Writhe"],"score":529,"play_id":"f429c8f7-7767-4683-b018-7a7b8650f5f1","local_time":"20210105174943","daily_mods":["Shiny","Red Cards","Night Terrors"],"is_ascension_mode":false,"campfire_choices":[{"data":"Berserk","floor":6,"key":"SMITH"},{"data":"Judgement","floor":8,"key":"SMITH"},{"data":"Omniscience","floor":11,"key":"SMITH"},{"data":"DevaForm","floor":15,"key":"SMITH"},{"data":"Evaluate","floor":30,"key":"SMITH"},{"floor":32,"key":"REST"}],"circlet_count":0,"master_deck":["Double Tap","Demon Form","Bludgeon","Feed","Limit Break","Corruption+1","Barricade","Fiend Fire","Berserk+1","Impervious","Reaper","Exhume","Offering","Immolate","Judgement+1","ConjureBlade+1","MasterReality","Brilliance","Devotion+1","Blasphemy","Ragnarok","LessonLearned","Scrawl","Vault","Alpha","Wish","Omniscience+1","SpiritShield","DevaForm+1","DeusExMachina","Clothesline","FollowUp","Dramatic Entrance","ThirdEye","Secret Weapon","Whirlwind","Feed","Entrench","Scrawl","Evaluate+1","Clothesline+1","Mind Blast+1","CarveReality+1","Immolate+1","SandsOfTime+1"],"relics":["PureWater","Golden Idol","Kunai","Ornamental Fan","Medical Kit","CaptainsWheel","Frozen Egg 2","Snecko Eye","MealTicket","Molten Egg 2","ClockworkSouvenir","Darkstone Periapt","Bag of Preparation","Black Star"],"acts_visited":["Exordium","TheCity","TheBeyond"],"potions_floor_usage":[4,18,18,18,18,19,21,33,33,38],"damage_taken":[{"damage":5,"enemies":"Small Slimes","floor":1,"turns":3},{"damage":0,"enemies":"Jaw Worm","floor":2,"turns":3},{"damage":6,"enemies":"2 Louse","floor":4,"turns":2},{"damage":6,"enemies":"Exordium Wildlife","floor":10,"turns":2},{"damage":6,"enemies":"3 Louse","floor":13,"turns":3},{"damage":14,"enemies":"Slime Boss","floor":16,"turns":5},{"damage":29,"enemies":"2 Thieves","floor":18,"turns":3},{"damage":8,"enemies":"Shell Parasite","floor":19,"turns":2},{"damage":16,"enemies":"Cultist and Chosen","floor":21,"turns":3},{"damage":8,"enemies":"Centurion and Healer","floor":22,"turns":4},{"damage":30,"enemies":"Book of Stabbing","floor":23,"turns":3},{"damage":4,"enemies":"Gremlin Leader","floor":28,"turns":3},{"damage":0,"enemies":"Sentry and Sphere","floor":31,"turns":2},{"damage":16,"enemies":"Automaton","floor":33,"turns":5},{"damage":0,"enemies":"Orb Walker","floor":35,"turns":2},{"damage":6,"enemies":"3 Shapes","floor":36,"turns":4},{"damage":99999,"enemies":"Spire Growth","floor":38,"turns":2}],"seed_played":"-8136925521176778862","potions_obtained":[{"floor":10,"key":"Ancient Potion"},{"floor":16,"key":"EntropicBrew"},{"floor":18,"key":"BottledMiracle"},{"floor":21,"key":"Dexterity Potion"},{"floor":23,"key":"SkillPotion"},{"floor":31,"key":"Block Potion"},{"floor":35,"key":"ColorlessPotion"}],"is_trial":false,"path_per_floor":["M","M","$","M","?","R","?","R","T","M","R","T","M","$","R","B",null,"M","M","?","M","M","E","$","?","T","$","E","$","R","M","R","B",null,"M","M","?","M"],"character_chosen":"WATCHER","items_purchased":["FollowUp","Fruit Juice","Dramatic Entrance","ThirdEye","Secret Weapon","Medical Kit","CaptainsWheel","Frozen Egg 2","ClockworkSouvenir","Evaluate","Mind Blast+1","CarveReality+1"],"campfire_rested":1,"item_purchase_floors":[3,3,3,3,3,14,14,14,24,27,29,29],"current_hp_per_floor":[67,72,72,74,54,54,54,54,54,48,48,48,48,48,48,34,86,60,56,56,43,35,5,20,20,20,35,37,52,52,55,90,90,90,90,90,100,0,0],"gold":285,"neow_bonus":"","is_daily":true,"chose_seed":false,"campfire_upgraded":5,"win_rate":0.0,"timestamp":1609868983,"path_taken":["M","M","$","M","?","R","?","R","T","M","R","?","M","$","R","BOSS","M","M","?","M","M","E","$","?","T","?","E","$","R","M","R","BOSS","M","M","?","M"],"items_purchased_type":["Card","Potion","Card","Card","Card","Relic","Relic","Relic","Relic","Card","Card","Card"],"build_version":"2020-12-22","purchased_purges":3,"victory":false,"max_hp_per_floor":[72,72,72,80,80,80,80,80,80,80,80,80,86,86,86,86,86,89,89,89,92,92,92,92,92,92,92,92,92,92,95,90,90,90,90,90,100,100,100],"card_choices":[{"not_picked":["Headbutt","Armaments"],"picked":"Clothesline","floor":1},{"not_picked":["Conclude","JustLucky","MasterReality"],"picked":"SKIP","floor":2},{"not_picked":["Pray","MentalFortress","WheelKick"],"picked":"SKIP","floor":4},{"not_picked":["FlyingSleeves","Havoc","Bloodletting"],"picked":"SKIP","floor":10},{"not_picked":["Indignation","FlyingSleeves"],"picked":"Whirlwind","floor":13},{"not_picked":["Bludgeon","Offering"],"picked":"Feed","floor":16},{"not_picked":["EmptyFist+1","TalkToTheHand","Clash"],"picked":"SKIP","floor":18},{"not_picked":["Hemokinesis","TalkToTheHand","Halt+1"],"picked":"SKIP","floor":19},{"not_picked":["Blood for Blood","Reckless Charge"],"picked":"Entrench","floor":21},{"not_picked":["EmptyBody","Consecrate","Heavy Blade"],"picked":"SKIP","floor":22},{"not_picked":["Fasting2+1","True Grit"],"picked":"Scrawl","floor":23},{"not_picked":["WreathOfFlame","Wireheading+1"],"picked":"Clothesline+1","floor":28},{"not_picked":["Armaments","BowlingBash+1","Conclude+1"],"picked":"SKIP","floor":31},{"not_picked":["Offering","Judgement"],"picked":"Immolate+1","floor":33},{"not_picked":["Heavy Blade+1","Havoc"],"picked":"SandsOfTime+1","floor":35},{"not_picked":["BowlingBash+1","Body Slam+1","Flex+1"],"picked":"SKIP","floor":36},{"not_picked":["BowlingBash+1","Body Slam+1","Flex+1"],"picked":"SKIP","floor":36}],"player_experience":1308420,"relics_obtained":[{"floor":9,"key":"Kunai"},{"floor":12,"key":"Ornamental Fan"},{"floor":23,"key":"Molten Egg 2"},{"floor":26,"key":"Darkstone Periapt"},{"floor":28,"key":"Bag of Preparation"}],"event_choices":[{"damage_healed":0,"gold_gain":0,"player_choice":"Take Damage","damage_taken":20,"relics_obtained":["Golden Idol"],"max_hp_gain":0,"max_hp_loss":0,"event_name":"Golden Idol","floor":5,"gold_loss":0},{"damage_healed":0,"gold_gain":175,"player_choice":"AGREE","damage_taken":0,"max_hp_gain":0,"max_hp_loss":0,"event_name":"Liars Game","floor":7,"gold_loss":0,"cards_obtained":["Doubt"]},{"damage_healed":0,"gold_gain":0,"player_choice":"Opened","damage_taken":0,"relics_obtained":["MealTicket"],"max_hp_gain":0,"max_hp_loss":0,"event_name":"The Mausoleum","floor":20,"gold_loss":0,"cards_obtained":["Writhe"]},{"cards_removed":["Establishment"],"damage_healed":0,"gold_gain":0,"player_choice":"Elegance","damage_taken":0,"max_hp_gain":0,"max_hp_loss":0,"event_name":"Back to Basics","floor":25,"gold_loss":0},{"cards_removed":["Juggernaut"],"damage_healed":0,"gold_gain":0,"player_choice":"Offered Rare","damage_taken":0,"max_hp_gain":10,"max_hp_loss":0,"event_name":"Bonfire Elementals","floor":37,"gold_loss":0}],"is_beta":false,"boss_relics":[{"not_picked":["Philosopher\u0027s Stone","Astrolabe"],"picked":"Snecko Eye"},{"not_picked":["Runic Pyramid","Empty Cage"],"picked":"Black Star"}],"items_purged_floors":[3,14,24],"is_endless":false,"potions_floor_spawned":[10,16,18,21,23,31,35],"killed_by":"Spire Growth","ascension_level":0}}