{"host":"sc0o2qwpf9j16a4i","time":1609840916,"event":{"mods":["AchievementEnabler","BaseMod","BetterRewards","Block Reminder","Colored Map","Colored Powertips","Custom Start","Highlight Path","Minty Spire (QoL Compilation)","Relic Stats"],"gold_per_floor":[115,130,130,144,169,169,192,192,238,281,12,12,12],"floor_reached":12,"playtime":281,"items_purged":[],"score":160,"play_id":"c78a172b-3fad-41bb-b695-16d291d1e376","local_time":"20210105120156","is_ascension_mode":true,"campfire_choices":[{"floor":6,"key":"REST"},{"data":"Barrage","floor":8,"key":"SMITH"}],"circlet_count":0,"master_deck":["AscendersBane","Strike_B","Strike_B","Strike_B","Strike_B","Defend_B","Defend_B","Defend_B","Defend_B+1","Zap+1","Dualcast","Barrage+1","Coolheaded","Ball Lightning","Hologram","Reinforced Body+1","Capacitor","Chaos"],"relics":["Cracked Core","Golden Idol","War Paint","InkBottle","OrangePellets"],"acts_visited":["Exordium"],"potions_floor_usage":[],"damage_taken":[{"damage":7,"enemies":"Jaw Worm","floor":1,"turns":3},{"damage":11,"enemies":"Small Slimes","floor":2,"turns":3},{"damage":1,"enemies":"2 Louse","floor":4,"turns":3},{"damage":6,"enemies":"Blue Slaver","floor":5,"turns":4},{"damage":17,"enemies":"Lots of Slimes","floor":7,"turns":4},{"damage":9,"enemies":"Lagavulin","floor":10,"turns":7},{"damage":32,"enemies":"Gremlin Nob","floor":12,"turns":3}],"seed_played":"3254732200851112774","potions_obtained":[{"floor":1,"key":"EssenceOfSteel"},{"floor":7,"key":"Swift Potion"}],"is_trial":false,"path_per_floor":["M","M","?","M","M","R","M","R","T","E","$","E"],"character_chosen":"DEFECT","items_purchased":["OrangePellets","FocusPotion","Chaos"],"campfire_rested":1,"item_purchase_floors":[11,11,11],"current_hp_per_floor":[57,46,46,45,39,58,41,41,41,32,32,0,0],"gold":12,"neow_bonus":"UPGRADE_CARD","is_daily":false,"chose_seed":false,"campfire_upgraded":1,"win_rate":0.0,"timestamp":1609840916,"path_taken":["M","M","?","M","M","R","M","R","T","E","$","E"],"items_purchased_type":["Relic","Potion","Card"],"build_version":"2020-12-22","purchased_purges":0,"victory":false,"max_hp_per_floor":[71,71,64,64,64,64,64,64,64,64,64,64,64],"relic_stats":{"OrangePellets":[0],"counters":[7,27],"Golden Idol":22,"War Paint":["Defend_B","Reinforced Body"],"obtain_stats":[{"OrangePellets":11,"Golden Idol":3,"War Paint":9,"Cracked Core":0,"InkBottle":10},{"OrangePellets":6,"Golden Idol":2,"War Paint":5,"Cracked Core":0,"InkBottle":6},{"OrangePellets":24,"Golden Idol":6,"War Paint":17,"Cracked Core":0,"InkBottle":24}],"InkBottle":[0]},"card_choices":[{"not_picked":["Chill","Sweeping Beam"],"picked":"Barrage","floor":1},{"not_picked":["Rebound","Steam"],"picked":"Coolheaded","floor":2},{"not_picked":["Coolheaded","FTL"],"picked":"Ball Lightning","floor":4},{"not_picked":["Streamline","Sweeping Beam"],"picked":"Hologram","floor":5},{"not_picked":["Barrage","Sunder"],"picked":"Reinforced Body","floor":7},{"not_picked":["Ball Lightning","Chaos"],"picked":"Capacitor","floor":10}],"player_experience":549238,"relics_obtained":[{"floor":9,"key":"War Paint"},{"floor":10,"key":"InkBottle"}],"event_choices":[{"damage_healed":0,"gold_gain":0,"player_choice":"Lose Max HP","damage_taken":0,"relics_obtained":["Golden Idol"],"max_hp_gain":0,"max_hp_loss":7,"event_name":"Golden Idol","floor":3,"gold_loss":0}],"is_beta":false,"boss_relics":[],"items_purged_floors":[],"is_endless":false,"potions_floor_spawned":[1,7],"killed_by":"Gremlin Nob","ascension_level":20}}