{"host":"6jrd8fn9k88n08be","time":1609865155,"event":{"mods":["BaseMod","Minty Spire (QoL Compilation)","StSLib"],"gold_per_floor":[114,114,130,55,75,75,102,114,114,126,126,126,146,181,181,280,280,299,21,41,61,71,100,117,117,117,133,163,78,39,39,39,39,39],"floor_reached":33,"playtime":2683,"items_purged":["Pain","Strike_P"],"score":391,"play_id":"9d5b9661-b058-4cca-9bab-d96a1c27558a","local_time":"20210105114555","is_ascension_mode":true,"campfire_choices":[{"data":"Eruption","floor":6.0,"key":"SMITH"},{"floor":11.0,"key":"REST"},{"floor":15.0,"key":"REST"},{"data":"Scrawl","floor":25.0,"key":"SMITH"},{"floor":32,"key":"REST"}],"circlet_count":0,"master_deck":["Strike_P","Strike_P","Defend_P","Defend_P","Defend_P","Defend_P","Eruption+1","Vigilance","FearNoEvil","FollowUp","FlyingSleeves","BowlingBash","FlyingSleeves","EmptyFist","Scrawl+1","FlurryOfBlows","Devotion","Protect","FollowUp","InnerPeace","ClearTheMind","Perseverance","EmptyMind+1","Crescendo","FlyingSleeves","Evaluate+1","MentalFortress","Necronomicurse"],"relics":["PureWater","Vajra","WarpedTongs","Matryoshka","Dream Catcher","Pear","Mummified Hand","Busted Crown","Happy Flower","Strawberry","Juzu Bracelet","Ancient Tea Set","Bag of Marbles","Necronomicon"],"acts_visited":[],"potions_floor_usage":[],"damage_taken":[{"damage":0.0,"enemies":"2 Louse","floor":1.0,"turns":2.0},{"damage":2.0,"enemies":"Cultist","floor":3.0,"turns":2.0},{"damage":0.0,"enemies":"Jaw Worm","floor":5.0,"turns":3.0},{"damage":31.0,"enemies":"Lagavulin","floor":7.0,"turns":4.0},{"damage":14.0,"enemies":"Gremlin Gang","floor":8.0,"turns":2.0},{"damage":0.0,"enemies":"Blue Slaver","floor":10.0,"turns":3.0},{"damage":0.0,"enemies":"2 Fungi Beasts","floor":13.0,"turns":2.0},{"damage":13.0,"enemies":"3 Sentries","floor":14.0,"turns":3.0},{"damage":0.0,"enemies":"Slime Boss","floor":16.0,"turns":3.0},{"damage":0.0,"enemies":"Spheric Guardian","floor":18.0,"turns":1.0},{"damage":4.0,"enemies":"2 Thieves","floor":20.0,"turns":3.0},{"damage":6.0,"enemies":"Centurion and Healer","floor":21.0,"turns":5.0},{"damage":3.0,"enemies":"Snecko","floor":22.0,"turns":3.0},{"damage":15.0,"enemies":"Book of Stabbing","floor":23.0,"turns":4.0},{"damage":14.0,"enemies":"Snake Plant","floor":24.0,"turns":4.0},{"damage":2.0,"enemies":"Cultist and Chosen","floor":27.0,"turns":2.0},{"damage":4.0,"enemies":"Slavers","floor":28.0,"turns":4.0},{"damage":0,"enemies":"Collector","floor":33,"turns":2}],"seed_played":"1779914731503685706","potions_obtained":[{"floor":7.0,"key":"StancePotion"},{"floor":8.0,"key":"GamblersBrew"},{"floor":14.0,"key":"SteroidPotion"},{"floor":20.0,"key":"BlessingOfTheForge"},{"floor":24.0,"key":"Ambrosia"},{"floor":27.0,"key":"DuplicationPotion"}],"is_trial":false,"path_per_floor":["M","?","M","$","M","R","E","M","T","M","R","?","M","E","R","B",null,"M","$","M","M","M","E","M","R","T","M","E","?","$","?","R","B"],"character_chosen":"WATCHER","items_purchased":["Happy Flower","FollowUp","MentalFortress"],"campfire_rested":3,"item_purchase_floors":[19,19,30],"current_hp_per_floor":[72,72,70,70,70,70,39,25,35,35,59,59,59,46,70,70,82,82,82,78,72,69,61,47,47,47,45,41,41,41,25,51,51,51],"gold":39,"neow_bonus":"RANDOM_COMMON_RELIC","is_daily":false,"chose_seed":false,"campfire_upgraded":2,"win_rate":0.0,"timestamp":1609865155,"path_taken":["M","?","M","$","M","R","E","M","T","?","R","?","M","E","R","BOSS","M","$","M","?","M","E","M","R","T","M","E","?","$","?","R","BOSS"],"items_purchased_type":["Relic","Card","Card"],"build_version":"2020-12-22","purchased_purges":2,"victory":false,"max_hp_per_floor":[72,72,72,72,72,72,72,72,82,82,82,82,82,82,82,82,82,82,82,82,82,82,89,89,89,89,89,89,89,89,89,89,89,89],"card_choices":[{"not_picked":["Prostrate","ForeignInfluence"],"picked":"FearNoEvil","floor":1.0},{"not_picked":["JustLucky","SignatureMove","BattleHymn"],"picked":"SKIP","floor":3.0},{"not_picked":["Prostrate","Judgement"],"picked":"FollowUp","floor":5.0},{"not_picked":["ClearTheMind","Pray"],"picked":"FlyingSleeves","floor":7.0},{"not_picked":["Prostrate","SashWhip","Protect"],"picked":"SKIP","floor":8.0},{"not_picked":["Meditate","Consecrate"],"picked":"BowlingBash","floor":10.0},{"not_picked":["ClearTheMind","InnerPeace"],"picked":"FlyingSleeves","floor":11.0},{"not_picked":["Halt","JustLucky"],"picked":"Scrawl","floor":13.0},{"not_picked":["PathToVictory","FollowUp"],"picked":"FlurryOfBlows","floor":14.0},{"not_picked":["Vault","Omniscience"],"picked":"Devotion","floor":16.0},{"not_picked":[],"picked":"Protect","floor":18.0},{"not_picked":[],"picked":"InnerPeace","floor":20.0},{"not_picked":[],"picked":"ClearTheMind","floor":21.0},{"not_picked":[],"picked":"Perseverance","floor":22.0},{"not_picked":[],"picked":"EmptyMind+1","floor":23.0},{"not_picked":[],"picked":"Crescendo","floor":24.0},{"not_picked":[],"picked":"FlyingSleeves","floor":27.0},{"not_picked":[],"picked":"Evaluate+1","floor":28.0}],"player_experience":31921,"relics_obtained":[{"floor":7.0,"key":"Matryoshka"},{"floor":9.0,"key":"Dream Catcher"},{"floor":9.0,"key":"Pear"},{"floor":14.0,"key":"Mummified Hand"},{"floor":23.0,"key":"Strawberry"},{"floor":26.0,"key":"Juzu Bracelet"},{"floor":28.0,"key":"Ancient Tea Set"},{"floor":31,"key":"Necronomicon"}],"event_choices":[{"damage_healed":0.0,"max_hp_gain":0.0,"max_hp_loss":0.0,"gold_gain":0.0,"event_name":"Accursed Blacksmith","player_choice":"Rummage","floor":2.0,"gold_loss":0.0,"damage_taken":0.0,"relics_obtained":["WarpedTongs"],"cards_obtained":["Pain"]},{"damage_healed":0.0,"max_hp_gain":0.0,"max_hp_loss":0.0,"gold_gain":0.0,"cards_transformed":["Strike_P"],"event_name":"Transmorgrifier","player_choice":"Transformed","floor":12.0,"gold_loss":0.0,"damage_taken":0.0,"cards_obtained":["EmptyFist"]},{"damage_healed":0,"gold_gain":0,"player_choice":"Obtained Relic","damage_taken":0,"relics_obtained":["Bag of Marbles"],"max_hp_gain":0,"max_hp_loss":0,"event_name":"Addict","floor":29,"gold_loss":85},{"damage_healed":0,"gold_gain":0,"player_choice":"Obtained Book","damage_taken":16,"max_hp_gain":0,"max_hp_loss":0,"event_name":"Cursed Tome","floor":31,"gold_loss":0}],"is_beta":false,"boss_relics":[{"not_picked":["Cursed Key","Velvet Choker"],"picked":"Busted Crown"}],"items_purged_floors":[4,19],"is_endless":false,"potions_floor_spawned":[7,8,14,16,20,22,23,24,27],"killed_by":"Collector","ascension_level":1}}