{"host":"anox4050deqdcqoh","time":1609880739,"event":{"mods":["BaseMod","Colored Map","Highlight Path","Minty Spire (QoL Compilation)","Quick Restart","Rare Cards Sparkle","everything is the same but u backflip on backflip"],"gold_per_floor":[117,133,149,149,159,159,24,50,104,5,15,15,15,15,15,15,15],"floor_reached":16,"playtime":839,"items_purged":[],"score":110,"play_id":"067b30fb-393d-4b87-b646-b8a09da5579c","local_time":"20210105160539","is_ascension_mode":true,"campfire_choices":[{"floor":6.0,"key":"REST"},{"floor":15,"key":"REST"}],"circlet_count":0,"master_deck":["Strike_G","Strike_G","Strike_G","Strike_G","Strike_G","Defend_G","Defend_G","Defend_G","Defend_G","Survivor","Neutralize+1","Accuracy","Outmaneuver","Deadly Poison","Blur","Prepared","Sucker Punch+1","Leg Sweep"],"relics":["Ring of the Snake","Mummified Hand","Boot"],"acts_visited":["Exordium"],"potions_floor_usage":[8,10,16],"damage_taken":[{"damage":0.0,"enemies":"Cultist","floor":1.0,"turns":4.0},{"damage":2.0,"enemies":"Jaw Worm","floor":2.0,"turns":5.0},{"damage":3.0,"enemies":"2 Louse","floor":3.0,"turns":3.0},{"damage":20.0,"enemies":"Gremlin Gang","floor":5.0,"turns":7.0},{"damage":64,"enemies":"3 Sentries","floor":8,"turns":13},{"damage":4,"enemies":"Blue Slaver","floor":11,"turns":5},{"damage":20,"enemies":"Hexaghost","floor":16,"turns":15}],"seed_played":"-6060784604444606486","potions_obtained":[{"floor":1.0,"key":"LiquidBronze"},{"floor":2.0,"key":"FearPotion"},{"floor":5.0,"key":"FearPotion"},{"floor":11,"key":"SpeedPotion"}],"is_trial":false,"path_per_floor":["M","M","M","?","M","R","$","E","T","$","M","$","?","?","R","B"],"character_chosen":"THE_SILENT","items_purchased":["Blur","Prepared","Weak Potion","Fruit Juice"],"campfire_rested":2,"item_purchase_floors":[7,7,7,10],"current_hp_per_floor":[70,68,65,65,45,66,66,2,2,7,3,3,28,28,50,30,30],"gold":15,"neow_bonus":"REMOVE_CARD","is_daily":false,"chose_seed":false,"campfire_upgraded":0,"win_rate":0.0,"timestamp":1609880739,"path_taken":["M","M","?","?","M","R","?","E","T","$","M","$","?","?","R","BOSS"],"items_purchased_type":["Card","Card","Potion","Potion"],"build_version":"2020-12-22","purchased_purges":0,"victory":false,"max_hp_per_floor":[70,70,70,70,70,70,70,70,70,75,75,75,75,75,75,75,75],"card_choices":[{"not_picked":["Poisoned Stab","Eviscerate"],"picked":"Accuracy","floor":1.0},{"not_picked":["Bane","Skewer","Expertise"],"picked":"SKIP","floor":2.0},{"not_picked":["Expertise","All Out Attack"],"picked":"Outmaneuver","floor":3.0},{"not_picked":["Endless Agony","Dagger Throw"],"picked":"Deadly Poison","floor":5.0},{"not_picked":["PiercingWail","Reflex"],"picked":"Sucker Punch","floor":8},{"not_picked":["Outmaneuver","Calculated Gamble"],"picked":"Leg Sweep","floor":11}],"player_experience":288414,"relics_obtained":[{"floor":8,"key":"Mummified Hand"},{"floor":9,"key":"Boot"}],"event_choices":[{"damage_healed":0.0,"max_hp_gain":0.0,"max_hp_loss":0.0,"gold_gain":0.0,"event_name":"Living Wall","player_choice":"Grow","floor":4.0,"gold_loss":0.0,"damage_taken":0.0,"cards_upgraded":["Neutralize"]},{"damage_healed":25,"gold_gain":0,"player_choice":"Banana","damage_taken":0,"max_hp_gain":0,"max_hp_loss":0,"event_name":"Big Fish","floor":13,"gold_loss":0},{"damage_healed":0,"gold_gain":0,"player_choice":"Forge","damage_taken":0,"max_hp_gain":0,"max_hp_loss":0,"event_name":"Accursed Blacksmith","floor":14,"gold_loss":0,"cards_upgraded":["Sucker Punch"]}],"is_beta":false,"boss_relics":[],"items_purged_floors":[],"is_endless":false,"potions_floor_spawned":[1,2,5,11],"killed_by":"Hexaghost","ascension_level":2}}