{"host":"7sni158j623xchr2","time":1609833064,"event":{"mods":["BaseMod","Colored Map","Highlight Path","Minty Spire (QoL Compilation)","Permanent Neow","Potion Indicator Mod","Rare Cards Sparkle","Relic Sorter","Relic Stats","StSLib","everything is the same but u backflip on backflip"],"gold_per_floor":[115,45,45,62,73,73,103,103,103,103,131,131,141,155,155,250,250,262,187,169,169,181,208,208,240,289,289,389,389,408,437,437,534,534,554,571,169,179,179,206,206,240,240,257,257,272,304,76,76,76,76,76,25,56,56,56],"floor_reached":55,"playtime":2104,"items_purged":["Strike_G","Strike_G+1","Strike_G+1"],"score":864,"play_id":"975355ed-307d-43d2-8a9b-662ad8528d80","local_time":"20210105015104","is_ascension_mode":true,"campfire_choices":[{"data":"Dash","floor":6,"key":"SMITH"},{"data":"Masterful Stab","floor":10,"key":"SMITH"},{"data":"All Out Attack","floor":12,"key":"SMITH"},{"data":"Neutralize","floor":15,"key":"SMITH"},{"data":"Terror","floor":24,"key":"SMITH"},{"data":"Corpse Explosion","floor":29,"key":"SMITH"},{"floor":32,"key":"REST"},{"data":"Adrenaline","floor":41,"key":"SMITH"},{"data":"Catalyst","floor":45,"key":"SMITH"},{"floor":49,"key":"RECALL"},{"data":"After Image","floor":52,"key":"SMITH"}],"circlet_count":0,"master_deck":["Strike_G+1","Defend_G+1","Defend_G+1","Defend_G+1","Defend_G+1","Defend_G+1","Survivor","Neutralize+1","After Image+1","Masterful Stab+1","Dash+1","Venomology","All Out Attack+1","PiercingWail","Dagger Spray+1","Terror+1","Corpse Explosion+1","Acrobatics+1","Catalyst+1","Phantasmal Killer","Backstab+1","PiercingWail","Adrenaline+1","Leg Sweep","Deflect+1","Crippling Poison+1"],"relics":["Ring of the Snake","Turnip","Thread and Needle","Centennial Puzzle","Empty Cage","TungstenRod","Ornamental Fan","Juzu Bracelet","MutagenicStrength","Shovel","Mummified Hand","StrikeDummy","Philosopher\u0027s Stone","Letter Opener","Regal Pillow","Strawberry","Whetstone","Lizard Tail"],"acts_visited":["Exordium","TheCity","TheBeyond","TheEnding"],"potions_floor_usage":[13,16,20,23,23,25,28,28,28,31,31,33,33,33,35,40,40,42,42,50,50,50,54,55,55,55,55,55,55,55],"damage_taken":[{"damage":0,"enemies":"Jaw Worm","floor":1,"turns":6},{"damage":0,"enemies":"Cultist","floor":4,"turns":3},{"damage":0,"enemies":"2 Louse","floor":5,"turns":4},{"damage":23,"enemies":"Gremlin Nob","floor":7,"turns":6},{"damage":3,"enemies":"Lagavulin","floor":11,"turns":8},{"damage":2,"enemies":"Red Slaver","floor":13,"turns":2},{"damage":0,"enemies":"Exordium Thugs","floor":14,"turns":4},{"damage":18,"enemies":"The Guardian","floor":16,"turns":15},{"damage":6,"enemies":"3 Byrds","floor":18,"turns":6},{"damage":0,"enemies":"2 Thieves","floor":20,"turns":4},{"damage":0,"enemies":"Centurion and Healer","floor":22,"turns":7},{"damage":3,"enemies":"Book of Stabbing","floor":23,"turns":6},{"damage":41,"enemies":"Gremlin Leader","floor":25,"turns":8},{"damage":0,"enemies":"Colosseum Slavers","floor":28,"turns":4},{"damage":0,"enemies":"Colosseum Nobs","floor":28,"turns":4},{"damage":0,"enemies":"Snecko","floor":30,"turns":4},{"damage":7,"enemies":"Slavers","floor":31,"turns":4},{"damage":32,"enemies":"Automaton","floor":33,"turns":11},{"damage":0,"enemies":"Orb Walker","floor":35,"turns":4},{"damage":1,"enemies":"3 Darklings","floor":36,"turns":3},{"damage":0,"enemies":"Spire Growth","floor":38,"turns":4},{"damage":5,"enemies":"Reptomancer","floor":40,"turns":4},{"damage":0,"enemies":"Nemesis","floor":42,"turns":5},{"damage":8,"enemies":"Maw","floor":44,"turns":7},{"damage":0,"enemies":"Sphere and 2 Shapes","floor":46,"turns":3},{"damage":9,"enemies":"Reptomancer","floor":47,"turns":6},{"damage":47,"enemies":"Donu and Deca","floor":50,"turns":9},{"damage":50,"enemies":"Shield and Spear","floor":54,"turns":4},{"damage":66,"enemies":"The Heart","floor":55,"turns":9}],"seed_played":"8176810308115833893","potions_obtained":[{"floor":4,"key":"Fire Potion"},{"floor":7,"key":"Ancient Potion"},{"floor":11,"key":"LiquidMemories"},{"floor":16,"key":"EssenceOfSteel"},{"floor":25,"key":"AttackPotion"},{"floor":30,"key":"Swift Potion"},{"floor":31,"key":"Strength Potion"},{"floor":36,"key":"PowerPotion"},{"floor":42,"key":"Weak Potion"},{"floor":47,"key":"Dexterity Potion"},{"floor":54,"key":"FearPotion"}],"is_trial":false,"path_per_floor":["M","$","?","M","M","R","E","?","T","R","E","R","M","M","R","B",null,"M","$","M","?","M","E","R","E","T","?","?","R","M","E","R","B",null,"M","M","$","M","?","E","R","E","T","M","R","M","E","$","R","B",null,"R","$","E","B"],"character_chosen":"THE_SILENT","items_purchased":["Dash","PiercingWail","Letter Opener","EntropicBrew","Strength Potion"],"campfire_rested":1,"item_purchase_floors":[2,37,37,48,53],"current_hp_per_floor":[49,49,49,49,49,49,26,26,26,26,23,23,21,21,21,3,70,64,64,64,64,64,61,61,20,20,20,20,20,20,13,34,2,70,70,69,69,69,69,64,64,71,71,63,63,63,54,54,54,7,77,77,77,27,0,0],"gold":56,"neow_bonus":"THREE_RARE_CARDS","is_daily":false,"chose_seed":false,"campfire_upgraded":9,"win_rate":0.0,"timestamp":1609833064,"path_taken":["M","$","?","?","M","R","E","?","T","R","E","R","M","M","R","BOSS","M","?","?","?","M","E","R","E","T","?","?","R","M","E","R","BOSS","M","M","$","M","?","E","R","E","T","M","R","M","E","?","R","BOSS","R","$","E","BOSS"],"items_purchased_type":["Card","Card","Relic","Potion","Potion"],"build_version":"2020-12-22","purchased_purges":3,"victory":false,"max_hp_per_floor":[70,70,70,70,70,70,70,70,70,70,70,70,70,70,70,70,70,70,70,70,70,70,70,70,70,70,70,70,70,70,70,70,70,70,70,70,70,70,70,70,70,77,77,77,77,77,77,77,77,77,77,77,77,77,77,77],"relic_stats":{"Regal Pillow":0,"counters":[29,164],"Juzu Bracelet":0,"Letter Opener":[142],"Whetstone":["Dagger Spray"],"Centennial Puzzle":[42],"Lizard Tail":38,"Shovel":0,"Ornamental Fan":[88],"Mummified Hand":[16],"Turnip":[16],"obtain_stats":[{"Regal Pillow":40,"Thread and Needle":9,"Juzu Bracelet":26,"Letter Opener":37,"Whetstone":47,"Empty Cage":17,"Centennial Puzzle":11,"Lizard Tail":54,"Shovel":28,"Ornamental Fan":25,"Mummified Hand":28,"MutagenicStrength":27,"Strawberry":42,"Philosopher\u0027s Stone":34,"Turnip":7,"StrikeDummy":31,"TungstenRod":23,"Ring of the Snake":0},{"Regal Pillow":22,"Thread and Needle":4,"Juzu Bracelet":13,"Letter Opener":20,"Whetstone":26,"Empty Cage":8,"Centennial Puzzle":5,"Lizard Tail":28,"Shovel":15,"Ornamental Fan":13,"Mummified Hand":15,"MutagenicStrength":13,"Strawberry":23,"Philosopher\u0027s Stone":18,"Turnip":4,"StrikeDummy":17,"TungstenRod":12,"Ring of the Snake":0},{"Regal Pillow":121,"Thread and Needle":19,"Juzu Bracelet":79,"Letter Opener":113,"Whetstone":142,"Empty Cage":48,"Centennial Puzzle":27,"Lizard Tail":155,"Shovel":87,"Ornamental Fan":79,"Mummified Hand":87,"MutagenicStrength":79,"Strawberry":126,"Philosopher\u0027s Stone":106,"Turnip":19,"StrikeDummy":95,"TungstenRod":71,"Ring of the Snake":0}],"TungstenRod":47,"Ring of the Snake":[58]},"card_choices":[{"not_picked":["Tools of the Trade","Wraith Form v2"],"picked":"After Image","floor":0},{"not_picked":["Backflip","Dagger Spray"],"picked":"Masterful Stab","floor":1},{"not_picked":["Slice","Blade Dance","Dagger Throw"],"picked":"SKIP","floor":4},{"not_picked":["Outmaneuver","Cloak And Dagger"],"picked":"Venomology","floor":5},{"not_picked":["Concentrate","Outmaneuver","Acrobatics"],"picked":"SKIP","floor":7},{"not_picked":["Slice","PiercingWail"],"picked":"All Out Attack","floor":11},{"not_picked":["Outmaneuver","Setup"],"picked":"PiercingWail","floor":13},{"not_picked":["Cloak And Dagger","All Out Attack","Blade Dance"],"picked":"SKIP","floor":14},{"not_picked":["Blade Dance","Expertise"],"picked":"Dagger Spray","floor":18},{"not_picked":["Masterful Stab","Quick Slash+1","Reflex+1"],"picked":"SKIP","floor":20},{"not_picked":["Finisher","Reflex+1"],"picked":"Terror","floor":22},{"not_picked":["Deadly Poison","Crippling Poison"],"picked":"Corpse Explosion","floor":23},{"not_picked":["Wraith Form v2","Dagger Spray"],"picked":"Acrobatics+1","floor":25},{"not_picked":["Prepared","Blur"],"picked":"Catalyst","floor":28},{"not_picked":["Flying Knee+1","Deflect","Underhanded Strike"],"picked":"SKIP","floor":30},{"not_picked":["Skewer","Dagger Throw","Quick Slash+1"],"picked":"SKIP","floor":31},{"not_picked":["Venomology","Envenom"],"picked":"Phantasmal Killer","floor":33},{"not_picked":["Cloak And Dagger+1","Tactician+1","Underhanded Strike+1"],"picked":"SKIP","floor":35},{"not_picked":["Underhanded Strike","Dagger Spray"],"picked":"Backstab+1","floor":36},{"not_picked":["Slice","Tactician","Outmaneuver+1"],"picked":"SKIP","floor":38},{"not_picked":["Skewer+1","Deflect+1"],"picked":"Adrenaline","floor":40},{"not_picked":["Riddle With Holes+1","Escape Plan","Flying Knee+1"],"picked":"SKIP","floor":42},{"not_picked":["Masterful Stab+1","Backflip"],"picked":"Leg Sweep","floor":44},{"not_picked":["Underhanded Strike+1","Tactician"],"picked":"Deflect+1","floor":46},{"not_picked":["Flechettes","Calculated Gamble+1","Dagger Spray"],"picked":"SKIP","floor":47},{"not_picked":["Bane","Tactician+1"],"picked":"Crippling Poison+1","floor":54}],"player_experience":1594616,"relics_obtained":[{"floor":7,"key":"Turnip"},{"floor":9,"key":"Thread and Needle"},{"floor":11,"key":"Centennial Puzzle"},{"floor":23,"key":"TungstenRod"},{"floor":25,"key":"Ornamental Fan"},{"floor":26,"key":"Juzu Bracelet"},{"floor":28,"key":"Shovel"},{"floor":28,"key":"Mummified Hand"},{"floor":31,"key":"StrikeDummy"},{"floor":40,"key":"Regal Pillow"},{"floor":42,"key":"Strawberry"},{"floor":47,"key":"Whetstone"},{"floor":54,"key":"Lizard Tail"}],"event_choices":[{"damage_healed":0,"gold_gain":0,"player_choice":"Ignored","damage_taken":0,"max_hp_gain":0,"max_hp_loss":0,"event_name":"WeMeetAgain","floor":3,"gold_loss":0},{"damage_healed":0,"gold_gain":0,"player_choice":"Cursed","damage_taken":0,"max_hp_gain":0,"max_hp_loss":0,"event_name":"Wheel of Change","floor":8,"gold_loss":0,"cards_obtained":["Decay"]},{"damage_healed":0,"gold_gain":0,"player_choice":"Simplicity","damage_taken":0,"max_hp_gain":0,"max_hp_loss":0,"event_name":"Back to Basics","floor":21,"gold_loss":0,"cards_upgraded":["Strike_G","Strike_G","Strike_G","Defend_G","Defend_G","Defend_G","Defend_G","Defend_G"]},{"damage_healed":0,"gold_gain":0,"player_choice":"Inject Mutagens","damage_taken":0,"relics_obtained":["MutagenicStrength"],"max_hp_gain":0,"max_hp_loss":0,"event_name":"Drug Dealer","floor":27,"gold_loss":0},{"damage_healed":0,"gold_gain":0,"player_choice":"Fight","damage_taken":0,"max_hp_gain":0,"max_hp_loss":0,"event_name":"Colosseum","floor":28,"gold_loss":0},{"damage_healed":0,"gold_gain":0,"player_choice":"Fought Nobs","damage_taken":0,"max_hp_gain":0,"max_hp_loss":0,"event_name":"Colosseum","floor":28,"gold_loss":0},{"damage_healed":0,"gold_gain":0,"player_choice":"Ignored","damage_taken":0,"max_hp_gain":0,"max_hp_loss":0,"event_name":"SecretPortal","floor":39,"gold_loss":0}],"is_beta":false,"boss_relics":[{"not_picked":["Ring of the Serpent","Snecko Eye"],"picked":"Empty Cage"},{"not_picked":["Tiny House","Runic Pyramid"],"picked":"Philosopher\u0027s Stone"}],"items_purged_floors":[19,37,48],"is_endless":false,"potions_floor_spawned":[4,7,11,16,25,28,30,31,36,42,47,54],"killed_by":"The Heart","ascension_level":1}}