{"host":"3twtdwjpiqhvvn5s","time":1609811250,"event":{"mods":["Act Like it!","BaseMod","BetterRewards","Colored Map","Colored Powertips","Downfall","Duelist Mod","Friendly Minions","GifTheSpireLib","Hallownest","Hermit","Hubris","Infinite Spire","Jorbs\u0027s Wanderer Trilogy","Marisa????????","Minty Spire (QoL Compilation)","Random Character Mod","Rare Cards Sparkle","Replay The Spire","Shop Mod","StSLib","Td1madao Mod","The Animator","The Bug Knight","The Caster","The Cursed","The Disciple","The Hierophant","The Necromancer","The Poker Player","The Runesmith","The Servant 0.9.4","TheFirefly","Youmu??????","Yuyuko"],"gold_per_floor":[111,127,143,143,158,158,183,183,183,209,222,235,250,260,260,358,358,368,368,368],"floor_reached":19,"playtime":5661,"items_purged":[],"score":183,"play_id":"9eb0560a-7977-44d6-9e39-2f826c33a784","local_time":"20210104194730","daily_mods":["Elite Swarm"],"is_ascension_mode":false,"metric_token":2258,"campfire_choices":[{"data":"PokerPlayerMod:Diamond1","floor":6.0,"key":"SMITH"},{"floor":8.0,"key":"REST"},{"data":"PokerPlayerMod:Spade1","floor":15.0,"key":"SMITH"}],"circlet_count":0,"master_deck":["PokerPlayerMod:Diamond2","PokerPlayerMod:Diamond2","PokerPlayerMod:Diamond3","PokerPlayerMod:Diamond4","PokerPlayerMod:Diamond5","PokerPlayerMod:Spade2","PokerPlayerMod:Spade2","PokerPlayerMod:Spade3","PokerPlayerMod:Spade4","PokerPlayerMod:Club2","PokerPlayerMod:Heart2","PokerPlayerMod:TrumpStrike","PokerPlayerMod:BadJoker","PokerPlayerMod:Mulligan","PokerPlayerMod:CardBurn","PokerPlayerMod:ClubShade+1","PokerPlayerMod:Trickery","PokerPlayerMod:Promotion","PokerPlayerMod:Promotion","PokerPlayerMod:CardBurn","PokerPlayerMod:Configure","PokerPlayerMod:Diamond3","PokerPlayerMod:Diamond5","PokerPlayerMod:TheDieIsCast","hubris:DuctTapeCard","PokerPlayerMod:Heart5"],"relics":["PokerPlayerMod:DeckCase","hubris:64BitClover","hubris:DuctTape","Strawberry","Philosopher\u0027s Stone"],"acts_visited":["Exordium","Hallownest:CityofTears"],"potions_floor_usage":[18],"damage_taken":[{"damage":0.0,"enemies":"Jaw Worm","floor":1.0,"turns":4.0},{"damage":6.0,"enemies":"Small Slimes","floor":2.0,"turns":3.0},{"damage":0.0,"enemies":"2 Louse","floor":3.0,"turns":2.0},{"damage":12.0,"enemies":"Red Slaver","floor":5.0,"turns":4.0},{"damage":12.0,"enemies":"Gremlin Nob","floor":7.0,"turns":4.0},{"damage":11.0,"enemies":"Lagavulin","floor":10.0,"turns":7.0},{"damage":5.0,"enemies":"2 Fungi Beasts","floor":11.0,"turns":3.0},{"damage":0.0,"enemies":"Large Slime","floor":12.0,"turns":3.0},{"damage":15.0,"enemies":"Blue Slaver","floor":13.0,"turns":4.0},{"damage":10.0,"enemies":"2 Fungi Beasts","floor":14.0,"turns":4.0},{"damage":16.0,"enemies":"Hexaghost","floor":16.0,"turns":11.0},{"damage":59,"enemies":"Hallownest:3_Youths","floor":18,"turns":6},{"damage":17,"enemies":"Hallownest:Guard_and_Sentry","floor":19,"turns":1}],"seed_played":"-3031174827283268802","potions_obtained":[{"floor":1.0,"key":"Weak Potion"},{"floor":2.0,"key":"ColorlessPotion"},{"floor":7.0,"key":"Energy Potion"},{"floor":11.0,"key":"Weak Potion"},{"floor":13.0,"key":"Fire Potion"},{"floor":14.0,"key":"Dexterity Potion"},{"floor":18,"key":"Strength Potion"}],"is_trial":true,"path_per_floor":["M","M","M","?","M","R","E","R","T","E","M","M","M","M","R","B",null,"M","M"],"character_chosen":"THE_POKER_PLAYER","items_purchased":[],"campfire_rested":1,"item_purchase_floors":[],"current_hp_per_floor":[52,46,49,49,39,39,31,46,46,48,49,56,49,46,46,35,59,8,0,0],"gold":368,"neow_bonus":"","is_daily":false,"chose_seed":false,"campfire_upgraded":2,"win_rate":0.0,"timestamp":1609811250,"path_taken":["M","M","M","?","M","R","E","R","T","E","M","M","M","M","R","BOSS","M","M"],"items_purchased_type":[],"build_version":"2020-12-22","purchased_purges":0,"victory":false,"max_hp_per_floor":[52,52,52,52,52,52,52,52,52,59,59,59,59,59,59,59,59,59,59,59],"card_choices":[{"not_picked":["PokerPlayerMod:Club1","PokerPlayerMod:Harden"],"picked":"PokerPlayerMod:Diamond1","floor":1.0},{"not_picked":["PokerPlayerMod:Spade2","PokerPlayerMod:Diamond3"],"picked":"PokerPlayerMod:CardBurn","floor":2.0},{"not_picked":["PokerPlayerMod:Diamond4","HollowMod:PureNailStrike"],"picked":"PokerPlayerMod:ClubShade","floor":3.0},{"not_picked":["PokerPlayerMod:Manipulation","PokerPlayerMod:Diamond3"],"picked":"PokerPlayerMod:Trickery","floor":5.0},{"not_picked":["PokerPlayerMod:VarietyAttack","PokerPlayerMod:WildCard"],"picked":"PokerPlayerMod:Promotion","floor":7.0},{"not_picked":["PokerPlayerMod:Club3","PokerPlayerMod:Diamond1"],"picked":"PokerPlayerMod:Promotion","floor":10.0},{"not_picked":["PokerPlayerMod:SpadeStrike","PokerPlayerMod:Raise"],"picked":"PokerPlayerMod:CardBurn","floor":11.0},{"not_picked":["PokerPlayerMod:Raise","PokerPlayerMod:Club2"],"picked":"PokerPlayerMod:Configure","floor":12.0},{"not_picked":["PokerPlayerMod:Raise","PokerPlayerMod:DiamondStrike"],"picked":"PokerPlayerMod:Diamond3","floor":13.0},{"not_picked":["PokerPlayerMod:Raise","PokerPlayerMod:Spade4"],"picked":"PokerPlayerMod:Diamond5","floor":14.0},{"not_picked":["PokerPlayerMod:ItsShowtime","PokerPlayerMod:WasteCollection"],"picked":"PokerPlayerMod:TheDieIsCast","floor":16.0},{"not_picked":["PokerPlayerMod:Configure","PokerPlayerMod:Fold"],"picked":"PokerPlayerMod:Heart5","floor":18}],"player_experience":1137214,"relics_obtained":[{"floor":7.0,"key":"hubris:64BitClover"},{"floor":9.0,"key":"hubris:DuctTape"},{"floor":10.0,"key":"Strawberry"}],"event_choices":[],"is_beta":false,"boss_relics":[{"not_picked":["Busted Crown","Empty Cage"],"picked":"Philosopher\u0027s Stone"}],"items_purged_floors":[],"is_endless":false,"potions_floor_spawned":[1,2,7,11,13,14,18],"killed_by":"Hallownest:Guard_and_Sentry","ascension_level":0}}