{"host":"n900smz9wr3yo27a","time":1609852665,"event":{"mods":["Arknights The Spire","BaseMod","CapriCore","GungeonMod","Hermit","Koishi","Lobotomy","Marisa£¨Ùöéë¡¡Øª×âÞÞ£©","Minty Spire (QoL Compilation)","Prisma Mod","Replay The Spire","StSLib","Td1madao Mod","The Animator","The Bug Knight","The Cursed","The Dragon Tamer","The Gatherer","The Hierophant","The Immortal","The Jungle","The Necromancer","The Poker Player","The Runesmith","WarShipGirlsR/??á´Ò³R mod"],"gold_per_floor":[112,112,37,37,61,95,113,113,138,161,161,48,78,111,111,208,208,228,228,228,128,8,8,77,115,115,136,136,136,151,203,203,302,302,317,339,339,339,357,47,76,76,76,111,111,144,144,144,144,144],"floor_reached":51,"playtime":2042,"items_purged":["DemoMod:PotionOfGunFriendShip","DemoMod:ProbeStrike","DemoMod:ProbeStrike","DemoMod:Rummage"],"score":1350,"play_id":"275e9d72-d0aa-4867-ade4-a6b561334023","local_time":"20210105221745","daily_mods":["Draft","Vintage","Heirloom","Time Dilation","Flight","DeadlyEvents"],"is_ascension_mode":false,"campfire_choices":[{"data":"DemoMod:HungryBullets","floor":11,"key":"SMITH"},{"data":"DemoMod:HuntsMan","floor":15,"key":"PURGE"},{"data":"DemoMod:ShadowBullets","floor":23,"key":"SMITH"},{"floor":29,"key":"REST"},{"data":"DemoMod:Evolver","floor":32,"key":"PURGE"},{"data":"1","floor":42,"key":"LIFT"},{"floor":47,"key":"REST"},{"data":"Purity","floor":49,"key":"PURGE"}],"circlet_count":0,"master_deck":["DemoMod:TripleGun","DemoMod:StrategicReserve+1","DemoMod:FastSwitch+1","DemoMod:StrategicReserve","DemoMod:MachoBrace+1","DemoMod:StickyCrossBow+1","DemoMod:DoubleSwitch+1","DemoMod:FastSwitch","DemoMod:FastSwitch","DemoMod:Unmoved","DemoMod:HungryBullets+1","DemoMod:ShadowBullets+1","DemoMod:FortunesFavor","DemoMod:RadGun","DemoMod:BattleInHaste+1","DemoMod:Replace","DemoMod:HardPowerCard","DemoMod:GunstockTap+1","DemoMod:HardPowerCard","DemoMod:Slinger","DemoMod:ShadowBullets","DemoMod:DoubleVision+1","DemoMod:BattleInHaste+1","DemoMod:FastSwitch","DemoMod:HardPowerCard+1","DemoMod:HungryBullets"],"relics":["DemoMod:Dog","replay:Trail_Library","Girya","War Paint","Potion Belt","Replay:Bottled Eggs","The Courier","Strawberry","DemoMod:ClearGuonStone","Dream Catcher","Honey Jar","DemoMod:Plus1Bullets","DemoMod:Ammonomicon","DemoMod:LamentConfigurum","Sundial","White Beast Statue","MealTicket","DemoMod:WeirdEgg","Omamori","Black Star","Centennial Puzzle","Replay:Wax Seal","ReplayFunnel","ReplayTheSpireMod:Shallot","DemoMod:GundromedaStrain","Happy Flower","Golden Egg","Divine Protection","Mercury Hourglass","Smiling Mask","TungstenRod","Unceasing Top","Blue Doll"],"acts_visited":["Exordium","TheCity","TheBeyond"],"potions_floor_usage":[27,28,28,46,46,46,50,50],"damage_taken":[{"damage":8,"enemies":"Small Slimes","floor":1,"turns":2},{"damage":0,"enemies":"Cultist","floor":5,"turns":2},{"damage":24,"enemies":"HollowMod:MossKnight","floor":6,"turns":3},{"damage":0,"enemies":"2 Louse","floor":7,"turns":2},{"damage":7,"enemies":"Replay:BlueRogue","floor":13,"turns":3},{"damage":0,"enemies":"Looter","floor":14,"turns":2},{"damage":0,"enemies":"Slime Boss","floor":16,"turns":5},{"damage":6,"enemies":"Spheric Guardian","floor":18,"turns":3},{"damage":21,"enemies":"Book of Stabbing","floor":24,"turns":3},{"damage":0,"enemies":"3 Byrds","floor":25,"turns":3},{"damage":16,"enemies":"3 Byrds","floor":27,"turns":4},{"damage":13,"enemies":"Gremlin Leader","floor":28,"turns":2},{"damage":0,"enemies":"Cultist and Chosen","floor":30,"turns":4},{"damage":0,"enemies":"Pondfish","floor":33,"turns":7},{"damage":6,"enemies":"3 Shapes","floor":35,"turns":5},{"damage":14,"enemies":"Orb Walker","floor":36,"turns":2},{"damage":34,"enemies":"4 Shapes","floor":39,"turns":4},{"damage":0,"enemies":"Giant Head","floor":41,"turns":5},{"damage":0,"enemies":"Reptomancer","floor":44,"turns":2},{"damage":27,"enemies":"Nemesis","floor":46,"turns":5},{"damage":33,"enemies":"Time Eater","floor":50,"turns":5}],"seed_played":"-2563956680025228750","potions_obtained":[{"floor":5,"key":"LifebloodPotion"},{"floor":13,"key":"SmokeBomb"},{"floor":18,"key":"Adrenaline Potion"},{"floor":30,"key":"EssenceOfSteel"},{"floor":33,"key":"Toxic Potion"},{"floor":36,"key":"PowerPotion"},{"floor":39,"key":"SpeedPotion"},{"floor":44,"key":"Weak Potion"},{"floor":46,"key":"EssenceOfSteel"}],"is_trial":true,"path_per_floor":["M","?","$","?","M","E","M","?","T","T","R","$","E","M","R","B",null,"M","?","?","$","$","R","E","?","T","M","E","R","M","T","R","B",null,"M","M","?","?","M","$","E","R","T","E","?","E","R","T","R","B",null],"character_chosen":"HUNTRESS","items_purchased":["DemoMod:ShadowBullets","DemoMod:GundromedaStrain","DistilledChaos"],"campfire_rested":2,"item_purchase_floors":[12,40,40],"current_hp_per_floor":[62,62,62,62,62,38,38,24,24,31,31,31,24,24,24,24,77,71,57,57,57,57,57,36,36,36,20,7,31,31,31,31,31,82,76,62,62,62,28,43,43,43,43,43,43,16,39,39,39,6],"gold":144,"neow_bonus":"","is_daily":false,"chose_seed":false,"campfire_upgraded":2,"win_rate":0.0,"timestamp":1609852665,"path_taken":["M","?","?","?","M","?","M","?","T","?","R","$","?","?","R","BOSS","M","?","?","$","$","R","?","?","T","M","E","R","M","?","R","BOSS","M","M","?","?","?","?","E","R","T","?","?","?","R","?","R","BOSS"],"items_purchased_type":["Card","Relic","Potion"],"build_version":"2020-12-22","purchased_purges":4,"victory":true,"max_hp_per_floor":[70,70,70,70,70,70,70,70,70,77,77,77,77,77,77,77,77,77,82,82,82,82,82,82,82,82,82,82,82,82,82,82,82,82,82,82,82,78,78,78,78,78,78,78,78,78,78,78,78,78],"card_choices":[{"not_picked":["DemoMod:Ejector","DemoMod:RadGun"],"picked":"DemoMod:HuntsMan","floor":0},{"not_picked":["DemoMod:CombinedRifle","DemoMod:BoxingGlove"],"picked":"DemoMod:TripleGun","floor":0},{"not_picked":["DemoMod:HuntsMan","DemoMod:FastSwitch"],"picked":"DemoMod:StrategicReserve","floor":0},{"not_picked":["DemoMod:Camera","DemoMod:ProbeStrike"],"picked":"DemoMod:Rummage","floor":0},{"not_picked":["DemoMod:GunstockTap","DemoMod:HighKaliber"],"picked":"DemoMod:FastSwitch","floor":0},{"not_picked":["DemoMod:DirectionalPad","DemoMod:SAA"],"picked":"DemoMod:StrategicReserve","floor":0},{"not_picked":["DemoMod:TeaPot","DemoMod:Ejector"],"picked":"DemoMod:MachoBrace","floor":0},{"not_picked":["DemoMod:AWP","DemoMod:Replace"],"picked":"DemoMod:StickyCrossBow","floor":0},{"not_picked":["DemoMod:GunShield","DemoMod:SkilledReload"],"picked":"DemoMod:DoubleSwitch","floor":0},{"not_picked":["DemoMod:AC15","DemoMod:TeaPot"],"picked":"DemoMod:ProbeStrike","floor":0},{"not_picked":["DemoMod:MegaHand","DemoMod:StickyCrossBow"],"picked":"DemoMod:ProbeStrike","floor":0},{"not_picked":["DemoMod:Rummage","DemoMod:StickyCrossBow"],"picked":"DemoMod:FastSwitch","floor":0},{"not_picked":["DemoMod:Ejector","DemoMod:SpreadAmmo"],"picked":"DemoMod:PotionOfGunFriendShip","floor":0},{"not_picked":["DemoMod:PotionOfGunFriendShip","DemoMod:Casey"],"picked":"DemoMod:FastSwitch","floor":0},{"not_picked":["DemoMod:FastSwitch","DemoMod:Ejector"],"picked":"DemoMod:Unmoved","floor":0},{"not_picked":["DemoMod:AC15","DemoMod:TeaPot","DemoMod:Ejector"],"picked":"SKIP","floor":6},{"not_picked":["DemoMod:AC15","DemoMod:TeaPot","DemoMod:Ejector"],"picked":"SKIP","floor":6},{"not_picked":["DemoMod:SpreadAmmo","DemoMod:BattleInHaste"],"picked":"DemoMod:FortunesFavor","floor":13},{"not_picked":["DemoMod:HuntsMan","DemoMod:EasyReloadBullets","DemoMod:ThirdPartyController"],"picked":"DemoMod:RadGun","floor":24},{"not_picked":["DemoMod:DoubleSwitch","DemoMod:BoxingGlove","DemoMod:SniperShot"],"picked":"DemoMod:BattleInHaste+1","floor":25},{"not_picked":["DemoMod:HuntsMan+1","DemoMod:Polaris+1","DemoMod:ChanceBullets"],"picked":"DemoMod:Evolver","floor":27},{"not_picked":["DemoMod:SkilledReload","DemoMod:PotionOfGunFriendShip","DemoMod:JK47"],"picked":"DemoMod:GunstockTap+1","floor":29},{"not_picked":["DemoMod:ThirdPartyController","DemoMod:FightSabre","DemoMod:DarkMarker"],"picked":"DemoMod:Slinger","floor":33},{"not_picked":["DemoMod:JK47","DemoMod:FeignSurrender+1","DemoMod:TableSutra"],"picked":"DemoMod:ShadowBullets","floor":35},{"not_picked":["Master of Strategy","Secret Technique","Thinking Ahead"],"picked":"Purity","floor":37},{"not_picked":["DemoMod:PotionOfGunFriendShip","DemoMod:TripleGun+1","DemoMod:MachoBrace+1"],"picked":"DemoMod:DoubleVision","floor":41},{"not_picked":["DemoMod:MachoBrace","DemoMod:CombinedRifle+1","DemoMod:PotionOfGunFriendShip"],"picked":"DemoMod:BattleInHaste+1","floor":44},{"not_picked":["DemoMod:PracticeMakesPerfect","DemoMod:StickyCrossBow","DemoMod:GunstockTap+1"],"picked":"DemoMod:FastSwitch","floor":46},{"not_picked":["DemoMod:Casey+1","DemoMod:RadGun+1","DemoMod:SAA"],"picked":"DemoMod:HardPowerCard+1","floor":47}],"player_experience":792524,"relics_obtained":[{"floor":1,"key":"War Paint"},{"floor":5,"key":"Potion Belt"},{"floor":6,"key":"Replay:Bottled Eggs"},{"floor":7,"key":"The Courier"},{"floor":10,"key":"Strawberry"},{"floor":13,"key":"DemoMod:ClearGuonStone"},{"floor":14,"key":"Dream Catcher"},{"floor":18,"key":"DemoMod:Plus1Bullets"},{"floor":24,"key":"DemoMod:LamentConfigurum"},{"floor":25,"key":"Sundial"},{"floor":26,"key":"White Beast Statue"},{"floor":27,"key":"MealTicket"},{"floor":30,"key":"DemoMod:WeirdEgg"},{"floor":31,"key":"Omamori"},{"floor":35,"key":"Centennial Puzzle"},{"floor":35,"key":"Replay:Wax Seal"},{"floor":36,"key":"ReplayFunnel"},{"floor":39,"key":"ReplayTheSpireMod:Shallot"},{"floor":41,"key":"Happy Flower"},{"floor":41,"key":"Golden Egg"},{"floor":43,"key":"Divine Protection"},{"floor":44,"key":"Mercury Hourglass"},{"floor":44,"key":"Smiling Mask"},{"floor":46,"key":"TungstenRod"},{"floor":46,"key":"Unceasing Top"},{"floor":48,"key":"Blue Doll"}],"event_choices":[{"damage_healed":0,"gold_gain":0,"player_choice":"0 cards matched","damage_taken":0,"max_hp_gain":0,"max_hp_loss":0,"event_name":"Match and Keep!","floor":2,"gold_loss":0,"cards_obtained":[]},{"damage_healed":0,"gold_gain":0,"player_choice":"Entered Light","damage_taken":14,"max_hp_gain":0,"max_hp_loss":0,"event_name":"Shining Light","floor":8,"gold_loss":0,"cards_upgraded":["DemoMod:MachoBrace","DemoMod:StrategicReserve"]},{"damage_healed":0,"gold_gain":0,"player_choice":"Shed Blood","damage_taken":19,"max_hp_gain":5,"max_hp_loss":0,"event_name":"Forgotten Altar","floor":19,"gold_loss":0},{"damage_healed":0,"gold_gain":0,"player_choice":"Memory 1","damage_taken":0,"max_hp_gain":0,"max_hp_loss":0,"event_name":"SensoryStone","floor":37,"gold_loss":0},{"damage_healed":0,"gold_gain":0,"player_choice":"Max HP","damage_taken":0,"max_hp_gain":0,"max_hp_loss":4,"event_name":"Winding Halls","floor":38,"gold_loss":0}],"is_beta":false,"boss_relics":[{"not_picked":["Sozu","ReplayTheSpireMod:DimensionalGlitch"],"picked":"Honey Jar"},{"not_picked":["SacredBark","Painkiller Herb"],"picked":"Black Star"}],"items_purged_floors":[3,12,21,22],"is_endless":false,"potions_floor_spawned":[5,13,18,28,30,33,36,39,44,46],"ascension_level":0}}