{"host":"zjc1tzo4ovig5lll","time":1609865748,"event":{"mods":["AchievementEnabler","Aspiration","BaseMod","Beaked The Cultist","Better Altar","Better Match","Better Note","Better Sensory Stone","Colored Map","Colored Powertips","Conspire","Energized Spire","Friendly Minions","GifTheSpireLib","Halation","Hermit","Hubris","Minty Spire (QoL Compilation)","Rare Cards Sparkle","Replay The Spire","StSLib","The Blue Laboratory","The Bug Knight","The Construct","The Jungle","everything is the same but u backflip on backflip","vexMod"],"gold_per_floor":[115,127,127,143,158,193,193,212,237,237,247,265,290,308,308,412,412,427,63,74,88,88,88,100,100,151,151,66,27,105,105,105,206,206,222,239,239,249,262,262,295,295,368,380,380,380],"floor_reached":45,"playtime":2320,"items_purged":[],"score":528,"play_id":"36694656-6c7f-4814-86f3-8a80f4308632","local_time":"20210105185548","is_ascension_mode":true,"campfire_choices":[{"data":"hubris:PowerSurge","floor":7.0,"key":"SMITH"},{"floor":10.0,"key":"REST"},{"data":"Buffer","floor":15.0,"key":"SMITH"},{"floor":23.0,"key":"REST"},{"floor":25.0,"key":"REST"},{"data":"beaked:VigorBurst","floor":27.0,"key":"SMITH"},{"floor":32.0,"key":"REST"},{"floor":40,"key":"REST"},{"data":"Chaos","floor":42,"key":"SMITH"}],"circlet_count":0,"master_deck":["Strike_B","Strike_B","Strike_B","Strike_B","Defend_B","Defend_B","Defend_B","Defend_B","Zap","Dualcast","Leap","Evolve","hubris:PowerSurge+1","Buffer+1","Fire Breathing","Loop","beaked:VigorBurst+1","Defragment","beaked:WarriorSpirit+1","ReplayTheSpireMod:Calculation Training","beaked:Insight+1","Shame","ReplayTheSpireMod:Reroute Power+1","Undo","Chaos+1","beaked:WildInstinct"],"relics":["Cracked Core","aspiration:Nostalgia","Iron Core","Lizard Tail","Pen Nib","halation:TwoAmDonut","aspiration:BeakedSkillbook","Magic Flower","hubris:ToyBattleship","Geode","Sozu","vexMod:PlasmaPancake","conspire:BottledYoYo"],"acts_visited":["Exordium","TheCity","TheBeyond"],"potions_floor_usage":[],"damage_taken":[{"damage":4.0,"enemies":"Small Slimes","floor":1.0,"turns":3.0},{"damage":4.0,"enemies":"2 Louse","floor":2.0,"turns":3.0},{"damage":0.0,"enemies":"Jaw Worm","floor":4.0,"turns":3.0},{"damage":6.0,"enemies":"3 Louse","floor":5.0,"turns":5.0},{"damage":22.0,"enemies":"Replay:BlueRogue","floor":6.0,"turns":6.0},{"damage":12.0,"enemies":"Exordium Wildlife","floor":8.0,"turns":3.0},{"damage":3.0,"enemies":"Looter","floor":11.0,"turns":3.0},{"damage":0.0,"enemies":"Large Slime","floor":12.0,"turns":4.0},{"damage":12.0,"enemies":"3 Sentries","floor":13.0,"turns":5.0},{"damage":0.0,"enemies":"Red Slaver","floor":14.0,"turns":3.0},{"damage":32.0,"enemies":"The Guardian","floor":16.0,"turns":10.0},{"damage":31.0,"enemies":"3 Byrds","floor":18.0,"turns":4.0},{"damage":11.0,"enemies":"Spheric Guardian","floor":20.0,"turns":4.0},{"damage":32.0,"enemies":"conspire:HollyBat","floor":21.0,"turns":7.0},{"damage":51.0,"enemies":"3 Cultists","floor":24.0,"turns":7.0},{"damage":49.0,"enemies":"Collector","floor":33.0,"turns":12.0},{"damage":31,"enemies":"Orb Walker","floor":35,"turns":4},{"damage":13,"enemies":"3 Darklings","floor":36,"turns":6},{"damage":10,"enemies":"Writhing Mass","floor":38,"turns":7},{"damage":58,"enemies":"Sphere and 2 Shapes","floor":39,"turns":8},{"damage":82,"enemies":"Reptomancer","floor":41,"turns":7},{"damage":36,"enemies":"Transient","floor":44,"turns":5},{"damage":45,"enemies":"Writhing Mass","floor":45,"turns":3}],"seed_played":"5944014250084752464","potions_obtained":[{"floor":2.0,"key":"blueLaboratory:FrostheartPotion"},{"floor":33.0,"key":"Doom Potion"}],"is_trial":false,"path_per_floor":["M","M","$","M","M","E","R","M","T","R","M","M","E","M","R","B",null,"M","$","M","M","?","R","M","R","T","R","?","$","T","?","R","B",null,"M","M","?","M","M","R","E","R","T","M","M"],"character_chosen":"DEFECT","items_purchased":["Magic Flower","Defragment","beaked:Insight+1"],"campfire_rested":5,"item_purchase_floors":[19,19,29],"current_hp_per_floor":[71,67,67,67,61,39,39,27,27,49,46,46,34,34,34,2,75,52,52,46,24,24,48,7,31,31,31,31,31,31,31,55,46,80,49,52,52,58,8,32,53,53,53,33,0,0],"gold":380,"neow_bonus":"NOSTALGIA","is_daily":false,"chose_seed":false,"campfire_upgraded":4,"win_rate":0.0,"timestamp":1609865748,"path_taken":["M","M","$","M","M","E","R","M","T","R","M","M","E","M","R","BOSS","M","$","M","M","?","R","M","R","T","R","?","$","?","?","R","BOSS","M","M","?","M","M","R","E","R","T","M","M"],"items_purchased_type":["Relic","Card","Card"],"build_version":"2020-12-22","purchased_purges":0,"victory":false,"max_hp_per_floor":[75,75,75,75,75,75,75,75,75,75,75,75,75,75,75,75,75,80,80,80,80,80,80,80,80,80,80,80,80,80,80,80,80,80,80,80,80,80,80,80,86,86,86,86,86,86],"card_choices":[{"not_picked":["Gash","Turbo"],"picked":"Leap","floor":1.0},{"not_picked":["ReplaySolidLightProjector","hubris:DoWhile"],"picked":"Evolve","floor":2.0},{"not_picked":["ReplayTheSpireMod:Muscle Training","Coolheaded","Dual Wield"],"picked":"SKIP","floor":4.0},{"not_picked":["WeaponsOverheat","Iron Wave"],"picked":"hubris:PowerSurge","floor":5.0},{"not_picked":["Body Slam","Panic Button","Reboot"],"picked":"SKIP","floor":6.0},{"not_picked":["Hologram","Streamline","Headbutt"],"picked":"SKIP","floor":8.0},{"not_picked":["Dual Wield","Gash"],"picked":"Buffer","floor":11.0},{"not_picked":["Dual Wield","Flex"],"picked":"Fire Breathing","floor":12.0},{"not_picked":["Ball Lightning","Force Field"],"picked":"Loop","floor":13.0},{"not_picked":["Flex","Lockon","Streamline"],"picked":"SKIP","floor":14.0},{"not_picked":["Redo","beaked:Foresight","Panic Button"],"picked":"beaked:VigorBurst","floor":18.0},{"not_picked":["ReplayTheSpireMod:Prepare the Ceremony","Hello World","Headbutt"],"picked":"beaked:WarriorSpirit+1","floor":20.0},{"not_picked":["Go for the Eyes","beaked:Poke","beaked:MimicWarrior","WeaponsOverheat"],"picked":"SKIP","floor":21.0},{"not_picked":["ReplayTheSpireMod:System Scan","Iron Wave","Hologram"],"picked":"ReplayTheSpireMod:Calculation Training","floor":24.0},{"not_picked":["Defragment","Rebound","ReplayTheSpireMod:System Scan+1"],"picked":"ReplayTheSpireMod:Reroute Power+1","floor":35},{"not_picked":["beaked:Daydream","ReplayTheSpireMod:Muscle Training+1","beaked:Tweet+1","Headbutt+1"],"picked":"SKIP","floor":36},{"not_picked":["conspire:SharedLibrary","Warcry+1","beaked:WarriorSpirit","Headbutt"],"picked":"SKIP","floor":38},{"not_picked":["ReplayTheSpireMod:RavenHex","beaked:Tradeoff+1","Lockon+1","beaked:Resilience+1"],"picked":"SKIP","floor":39},{"not_picked":["ReplayTheSpireMod:Repulse","Fusion+1","Body Slam"],"picked":"Chaos","floor":41},{"not_picked":["beaked:TuckingFeathers","Cold Snap","beaked:DigDeep"],"picked":"beaked:WildInstinct","floor":44}],"player_experience":608587,"relics_obtained":[{"floor":6.0,"key":"Lizard Tail"},{"floor":9.0,"key":"Pen Nib"},{"floor":13.0,"key":"halation:TwoAmDonut"},{"floor":26.0,"key":"hubris:ToyBattleship"},{"floor":41,"key":"vexMod:PlasmaPancake"},{"floor":43,"key":"conspire:BottledYoYo"}],"event_choices":[{"damage_healed":0.0,"max_hp_gain":0.0,"max_hp_loss":0.0,"gold_gain":0.0,"event_name":"Addict","player_choice":"Obtained Relic","floor":28.0,"gold_loss":85.0,"damage_taken":0.0,"relics_obtained":["Geode"]}],"is_beta":false,"boss_relics":[{"not_picked":["halation:Risk","halation:PinkAlligatorPlush"],"picked":"aspiration:BeakedSkillbook"},{"not_picked":["aspiration:BursterCore","construct:WeddingRing"],"picked":"Sozu"}],"items_purged_floors":[],"is_endless":false,"potions_floor_spawned":[2,4,8,18,21,33,36,38,41],"killed_by":"Writhing Mass","ascension_level":3}}