{"host":"Jonboy","time":1609882484,"event":{"mods":["AchievementEnabler","BaseMod","Block Reminder","Colored Powertips","Minty Spire (QoL Compilation)","Relic Stats"],"gold_per_floor":[367,290,13,30,30,61,61,89,113,113,133,168,190,201,201,274,274,286,303,228,243,262,289,289,301,352,365,365,390,390,139,139,217,217,231,27,0,15,35,35,35,35],"floor_reached":41,"playtime":1846,"items_purged":["Decay","Strike_G","Strike_G"],"score":744,"play_id":"30f3e322-3b59-448a-96e8-676147269d3c","local_time":"20210105213444","is_ascension_mode":true,"campfire_choices":[{"floor":7,"key":"REST"},{"data":"Dagger Spray","floor":10,"key":"SMITH"},{"data":"Cloak And Dagger","floor":15,"key":"SMITH"},{"floor":24,"key":"REST"},{"floor":28,"key":"REST"},{"floor":30,"key":"REST"},{"floor":32,"key":"REST"},{"floor":40,"key":"REST"}],"circlet_count":0,"master_deck":["AscendersBane","Strike_G","Strike_G","Defend_G+1","Defend_G","Defend_G","Defend_G","Defend_G","Survivor+1","Neutralize","Infinite Blades","Dagger Spray+1","Sucker Punch","Deadly Poison","Poisoned Stab","Footwork","Deadly Poison","Cloak And Dagger+1","Night Terror","Prepared+1","Backflip","PiercingWail","Footwork+1","Catalyst","Catalyst","Corpse Explosion","Noxious Fumes","Acrobatics+1","Predator+1"],"relics":["Ring of the Snake","War Paint","Bronze Scales","Mercury Hourglass","CaptainsWheel","Oddly Smooth Stone","Odd Mushroom","Fusion Hammer","Molten Egg 2","PreservedInsect","Nunchaku","DollysMirror","Snecko Eye","Red Mask"],"acts_visited":["Exordium","TheCity","TheBeyond"],"potions_floor_usage":[8,12,21,21,29,35,39],"damage_taken":[{"damage":4,"enemies":"Jaw Worm","floor":1,"turns":6},{"damage":0,"enemies":"Cultist","floor":4,"turns":3},{"damage":21,"enemies":"Lagavulin","floor":6,"turns":8},{"damage":8,"enemies":"Gremlin Nob","floor":8,"turns":4},{"damage":0,"enemies":"Small Slimes","floor":11,"turns":3},{"damage":4,"enemies":"3 Sentries","floor":12,"turns":5},{"damage":0,"enemies":"The Mushroom Lair","floor":13,"turns":2},{"damage":0,"enemies":"Looter","floor":14,"turns":3},{"damage":15,"enemies":"The Guardian","floor":16,"turns":11},{"damage":0,"enemies":"3 Byrds","floor":18,"turns":2},{"damage":1,"enemies":"Chosen","floor":19,"turns":3},{"damage":12,"enemies":"Centurion and Healer","floor":21,"turns":7},{"damage":4,"enemies":"Chosen and Byrds","floor":22,"turns":4},{"damage":4,"enemies":"Book of Stabbing","floor":23,"turns":6},{"damage":0,"enemies":"3 Cultists","floor":25,"turns":5},{"damage":0,"enemies":"Snecko","floor":27,"turns":6},{"damage":58,"enemies":"Gremlin Leader","floor":29,"turns":5},{"damage":48,"enemies":"Automaton","floor":33,"turns":10},{"damage":16,"enemies":"Orb Walker","floor":35,"turns":2},{"damage":21,"enemies":"3 Darklings","floor":38,"turns":3},{"damage":2,"enemies":"Writhing Mass","floor":39,"turns":6},{"damage":48,"enemies":"Nemesis","floor":41,"turns":4}],"seed_played":"6197821661548563971","potions_obtained":[{"floor":1,"key":"Block Potion"},{"floor":8,"key":"Energy Potion"},{"floor":12,"key":"Energy Potion"},{"floor":19,"key":"Swift Potion"},{"floor":22,"key":"SmokeBomb"},{"floor":27,"key":"AttackPotion"},{"floor":33,"key":"Dexterity Potion"},{"floor":35,"key":"Energy Potion"},{"floor":38,"key":"Fire Potion"}],"is_trial":false,"path_per_floor":["M","?","$","M","$","E","R","E","T","R","M","E","?","M","R","B",null,"M","M","?","M","M","E","R","M","T","M","R","E","R","$","R","B",null,"M","$","?","M","M","R","E"],"character_chosen":"THE_SILENT","items_purchased":["Bronze Scales","Dagger Spray","DollysMirror","Noxious Fumes"],"campfire_rested":6,"item_purchase_floors":[3,3,31,36],"current_hp_per_floor":[59,59,59,59,59,38,59,51,51,51,51,47,47,47,47,32,61,61,60,60,48,44,40,61,61,61,61,70,12,33,33,54,6,54,38,38,38,17,15,36,0,0],"gold":35,"neow_bonus":"TWO_FIFTY_GOLD","is_daily":false,"chose_seed":false,"campfire_upgraded":2,"win_rate":0.0,"timestamp":1609882484,"path_taken":["M","?","?","M","$","E","R","E","T","R","M","E","?","M","R","BOSS","M","M","?","M","M","E","R","M","T","M","R","E","R","$","R","BOSS","M","$","?","M","M","R","E"],"items_purchased_type":["Relic","Card","Relic","Card"],"build_version":"2020-12-18","purchased_purges":3,"victory":false,"max_hp_per_floor":[70,70,70,70,70,70,70,70,70,70,70,70,70,70,70,70,70,70,70,70,70,70,70,70,70,70,70,70,70,70,70,70,70,70,70,70,70,70,70,70,70,70],"relic_stats":{"Nunchaku":[3],"counters":[22,108],"Bronze Scales":[355],"Snecko Eye":[27,17,34,40],"PreservedInsect":97,"War Paint":["Defend_G","Survivor"],"obtain_stats":[{"Oddly Smooth Stone":9,"PreservedInsect":26,"War Paint":2,"Odd Mushroom":13,"Mercury Hourglass":6,"CaptainsWheel":8,"Nunchaku":29,"DollysMirror":31,"Bronze Scales":3,"Snecko Eye":34,"Molten Egg 2":23,"Fusion Hammer":17,"Red Mask":37,"Ring of the Snake":0},{"Oddly Smooth Stone":4,"PreservedInsect":15,"War Paint":1,"Odd Mushroom":7,"Mercury Hourglass":3,"CaptainsWheel":4,"Nunchaku":17,"DollysMirror":17,"Bronze Scales":1,"Snecko Eye":18,"Molten Egg 2":14,"Fusion Hammer":9,"Red Mask":19,"Ring of the Snake":0},{"Oddly Smooth Stone":21,"PreservedInsect":72,"War Paint":6,"Odd Mushroom":31,"Mercury Hourglass":17,"CaptainsWheel":21,"Nunchaku":83,"DollysMirror":83,"Bronze Scales":6,"Snecko Eye":93,"Molten Egg 2":67,"Fusion Hammer":45,"Red Mask":95,"Ring of the Snake":0}],"Ring of the Snake":[44],"Mercury Hourglass":[370]},"card_choices":[{"not_picked":["Accuracy","Outmaneuver"],"picked":"Infinite Blades","floor":1},{"not_picked":["Dodge and Roll","Outmaneuver"],"picked":"Sucker Punch","floor":4},{"not_picked":["Tools of the Trade","Concentrate"],"picked":"Deadly Poison","floor":6},{"not_picked":["Endless Agony","Prepared"],"picked":"Poisoned Stab","floor":8},{"not_picked":["Poisoned Stab","Outmaneuver"],"picked":"Footwork","floor":11},{"not_picked":["Infinite Blades","Backflip"],"picked":"Deadly Poison","floor":12},{"not_picked":["Concentrate","Sucker Punch"],"picked":"Cloak And Dagger","floor":13},{"not_picked":["Deadly Poison","Bullet Time","Blade Dance"],"picked":"SKIP","floor":14},{"not_picked":["Grand Finale","Bullet Time"],"picked":"Night Terror","floor":16},{"not_picked":["Dagger Spray+1","Slice"],"picked":"Prepared+1","floor":18},{"not_picked":["Setup","PiercingWail"],"picked":"Backflip","floor":19},{"not_picked":["All Out Attack","Choke","Expertise"],"picked":"SKIP","floor":21},{"not_picked":["Prepared","Slice"],"picked":"PiercingWail","floor":22},{"not_picked":["Leg Sweep","Dodge and Roll"],"picked":"Footwork+1","floor":23},{"not_picked":["Setup","Cloak And Dagger"],"picked":"Catalyst","floor":25},{"not_picked":["Outmaneuver","Flechettes+1","Choke+1"],"picked":"SKIP","floor":27},{"not_picked":["Cloak And Dagger","Reflex","Dagger Spray+1"],"picked":"SKIP","floor":29},{"not_picked":["Storm of Steel","Burst"],"picked":"Corpse Explosion","floor":33},{"not_picked":["Dagger Spray+1","Flying Knee+1","Backstab+1"],"picked":"SKIP","floor":35},{"not_picked":["Concentrate+1","Deadly Poison"],"picked":"Acrobatics+1","floor":38},{"not_picked":["Blade Dance","Eviscerate+1"],"picked":"Predator+1","floor":39}],"player_experience":439382,"relics_obtained":[{"floor":6,"key":"Mercury Hourglass"},{"floor":8,"key":"CaptainsWheel"},{"floor":9,"key":"Oddly Smooth Stone"},{"floor":13,"key":"Odd Mushroom"},{"floor":23,"key":"Molten Egg 2"},{"floor":26,"key":"PreservedInsect"},{"floor":29,"key":"Nunchaku"}],"event_choices":[{"damage_healed":0,"gold_gain":0,"player_choice":"Paid Gold","damage_taken":0,"relics_obtained":["War Paint"],"max_hp_gain":0,"max_hp_loss":0,"event_name":"WeMeetAgain","floor":2,"gold_loss":77},{"damage_healed":0,"gold_gain":0,"player_choice":"Fought Mushrooms","damage_taken":0,"max_hp_gain":0,"max_hp_loss":0,"event_name":"Mushrooms","floor":13,"gold_loss":0},{"cards_removed":["Strike_G"],"damage_healed":0,"gold_gain":0,"player_choice":"Gave Gold","damage_taken":0,"max_hp_gain":0,"max_hp_loss":0,"event_name":"Beggar","floor":20,"gold_loss":75},{"damage_healed":0,"gold_gain":0,"player_choice":"Paid","damage_taken":0,"relics_obtained":["Red Mask"],"max_hp_gain":0,"max_hp_loss":0,"event_name":"Tomb of Lord Red Mask","floor":37,"gold_loss":27}],"is_beta":true,"boss_relics":[{"not_picked":["Calling Bell","Astrolabe"],"picked":"Fusion Hammer"},{"not_picked":["Busted Crown","Pandora\u0027s Box"],"picked":"Snecko Eye"}],"items_purged_floors":[3,31,36],"is_endless":false,"potions_floor_spawned":[1,8,12,19,22,27,33,35,38],"killed_by":"Nemesis","ascension_level":13}}