{"host":"9n6i2vl93jt4o42q","time":1609872674,"event":{"mods":["BaseMod","Downfall","Minty Spire (QoL Compilation)","Relic Stats","StSLib"],"gold_per_floor":[99,117,128,128,128,38,61,77,2,22,42,142,67,87,103,198,198,198,215,225,242,255,255,279,299,332,332,257,273,291,302,314,413,413,413,432,532,546,565,565,590,68,68,83,409,76,76,126,140,140],"floor_reached":51,"playtime":7097,"items_purged":["Regret","Guardian:Aged"],"score":787,"play_id":"f4ddf958-446e-4c93-8c42-9929349539b5","local_time":"20210105195114","is_ascension_mode":true,"campfire_choices":[{"floor":1.0,"key":"RECALL"},{"data":"Guardian:BronzeArmor","floor":9.0,"key":"SMITH"},{"data":"Guardian:DecasProtection","floor":13.0,"key":"SMITH"},{"data":"Guardian:Repulse","floor":18.0,"key":"SMITH"},{"data":"Guardian:PiercingHide","floor":23.0,"key":"SMITH"},{"floor":28.0,"key":"REST"},{"data":"Guardian:BronzeArmor","floor":35,"key":"SMITH"},{"data":"Guardian:DonusPower","floor":40,"key":"SMITH"},{"data":"Guardian:Suspension","floor":47,"key":"SMITH"}],"circlet_count":0,"master_deck":["Guardian:Strike_Guardian","Guardian:Strike_Guardian","Guardian:Strike_Guardian+1","Guardian:Strike_Guardian","Guardian:Defend_Guardian","Guardian:Defend_Guardian","Guardian:Defend_Guardian","Guardian:Defend_Guardian+1","Guardian:CurlUp","Guardian:TwinSlam","CurseOfTheBell","Guardian:Planning+1","Guardian:ChargeCore","Guardian:Recover","Guardian:TemporalShield","Guardian:BronzeArmor+1","Guardian:Repulse+1","Guardian:DecasProtection+1","Guardian:PiercingHide+1","Guardian:Suspension+1","Guardian:TimeSifter","Guardian:RevengeProtocol","Guardian:ChargeUp","Guardian:TemporalStrike","Guardian:TemporalStrike+1","Guardian:PiercingHide","Guardian:ArmoredProtocol","Guardian:Planning","Guardian:Suspension+1","Guardian:SpikerProtocol","Guardian:BronzeArmor+1","Guardian:Incinerate+1","Guardian:ChargeCore","Guardian:Recover","Guardian:BronzeOrb+1","Guardian:EvasiveProtocol+1","Guardian:Orbwalk","Guardian:TemporalShield+1","Guardian:FastForward","Guardian:DonusPower+1","Guardian:ShieldCharger","PanicButton","Guardian:BronzeOrb+1","Guardian:SpikerProtocol","Guardian:Reroute+1"],"relics":["Calling Bell","Toy Ornithopter","Mercury Hourglass","Prayer Wheel","downfall:ShatteredFragment","downfall:HeartBlessingRed","downfall:HeartBlessingBlue","Black Star","Oddly Smooth Stone","TungstenRod","Bronze Scales","Sundial","downfall:HeartBlessingGreen","Busted Crown","downfall:GremlinSack","Omamori","Mummified Hand","Kunai","Old Coin","Bird Faced Urn"],"acts_visited":["Exordium","TheCity","TheBeyond"],"potions_floor_usage":[48],"damage_taken":[{"damage":1.0,"enemies":"2 Louse","floor":2.0,"turns":3.0},{"damage":7.0,"enemies":"Jaw Worm","floor":3.0,"turns":4.0},{"damage":3.0,"enemies":"downfall:FleeingMerchant","floor":6.0,"turns":4.0},{"damage":0.0,"enemies":"Cultist","floor":8.0,"turns":2.0},{"damage":0.0,"enemies":"Red Slaver","floor":10.0,"turns":2.0},{"damage":0.0,"enemies":"Large Slime","floor":11.0,"turns":4.0},{"damage":1.0,"enemies":"Gremlin Gang","floor":14.0,"turns":3.0},{"damage":4.0,"enemies":"Exordium Thugs","floor":15.0,"turns":3.0},{"damage":26.0,"enemies":"downfall:Ironclad","floor":16.0,"turns":11.0},{"damage":7.0,"enemies":"3 Byrds","floor":19.0,"turns":3.0},{"damage":7.0,"enemies":"Shell Parasite","floor":20.0,"turns":5.0},{"damage":6.0,"enemies":"3 Cultists","floor":21.0,"turns":5.0},{"damage":22.0,"enemies":"Snake Plant","floor":22.0,"turns":4.0},{"damage":0.0,"enemies":"Centurion and Healer","floor":25.0,"turns":6.0},{"damage":11.0,"enemies":"Book of Stabbing","floor":26.0,"turns":5.0},{"damage":0.0,"enemies":"Shelled Parasite and Fungi","floor":29.0,"turns":4.0},{"damage":15.0,"enemies":"Snecko","floor":30.0,"turns":6.0},{"damage":2.0,"enemies":"3 Cultists","floor":31.0,"turns":5.0},{"damage":3,"enemies":"Centurion and Healer","floor":32,"turns":6},{"damage":3,"enemies":"downfall:Silent","floor":33,"turns":7},{"damage":11,"enemies":"3 Shapes","floor":36,"turns":3},{"damage":0,"enemies":"3 Shapes","floor":37,"turns":3},{"damage":20,"enemies":"3 Darklings","floor":38,"turns":7},{"damage":0,"enemies":"Writhing Mass","floor":39,"turns":5},{"damage":0,"enemies":"downfall:FleeingMerchant","floor":42,"turns":4},{"damage":0,"enemies":"4 Shapes","floor":44,"turns":5},{"damage":8,"enemies":"Giant Head","floor":45,"turns":7},{"damage":0,"enemies":"Mind Bloom Boss Battle","floor":48,"turns":6},{"damage":0,"enemies":"Sphere and 2 Shapes","floor":49,"turns":4},{"damage":10,"enemies":"downfall:Watcher","floor":50,"turns":8}],"seed_played":"7549123341465550892","potions_obtained":[{"floor":3.0,"key":"BlessingOfTheForge"},{"floor":8.0,"key":"Strength Potion"},{"floor":10.0,"key":"DistilledChaos"},{"floor":11.0,"key":"GamblersBrew"},{"floor":14.0,"key":"Fire Potion"},{"floor":21.0,"key":"sneckomod:MuddlingPotion"},{"floor":30.0,"key":"Energy Potion"},{"floor":37,"key":"Fruit Juice"},{"floor":48,"key":"DuplicationPotion"},{"floor":49,"key":"sneckomod:MuddlingPotion"}],"is_trial":false,"path_per_floor":["R","M","M","?","?","$","T","M","R","M","M","?","R","M","M","B",null,"R","M","M","M","M","R","T","M","E","T","R","M","M","M","M","B",null,"R","M","?","M","M","R","T","?","?","M","E","?","R","?","M","B",null],"character_chosen":"GUARDIAN","items_purchased":["Mummified Hand","Guardian:Gem_Orange","Guardian:SpikerProtocol"],"campfire_rested":1,"item_purchase_floors":[42,42,42],"current_hp_per_floor":[80,79,72,72,48,45,45,45,45,45,45,45,55,54,50,24,90,90,83,76,75,53,53,53,53,42,42,69,69,54,52,49,46,90,90,79,79,59,59,59,59,59,59,59,51,101,101,106,106,102],"gold":140,"neow_bonus":"BOSS_RELIC","is_daily":false,"chose_seed":false,"campfire_upgraded":7,"win_rate":0.0,"timestamp":1609872674,"path_taken":["R","M","M","?","?","$","T","?","R","M","M","?","R","M","M","BOSS","R","M","?","M","M","R","T","M","E","?","R","M","M","M","M","BOSS","R","M","?","?","M","R","T","?","?","M","E","?","R","?","M","BOSS"],"items_purchased_type":["Relic","Card","Card"],"build_version":"2020-12-22","purchased_purges":2,"victory":true,"max_hp_per_floor":[80,80,80,80,80,80,80,80,80,80,80,80,90,90,90,90,90,90,90,90,90,90,90,90,90,90,90,90,90,90,90,90,90,90,90,90,90,90,90,90,90,90,90,90,90,101,101,106,106,106],"relic_stats":{"counters":[30,142],"Mercury Hourglass":[489],"Busted Crown":28,"Sundial":[0],"Mummified Hand":[36],"Bronze Scales":[274],"Bird Faced Urn":[6],"Prayer Wheel":21,"Black Star":2,"Kunai":[13],"obtain_stats":[{"downfall:ShatteredFragment":5,"downfall:HeartBlessingRed":9,"Guardian:ModeShifter":0,"Oddly Smooth Stone":24,"downfall:HeartBlessingGreen":28,"Omamori":41,"Mercury Hourglass":0,"Old Coin":45,"Calling Bell":0,"Busted Crown":34,"downfall:GremlinSack":37,"downfall:HeartBlessingBlue":13,"Sundial":27,"Mummified Hand":42,"Bronze Scales":26,"Bird Faced Urn":48,"Prayer Wheel":0,"Black Star":17,"Kunai":45,"Toy Ornithopter":0,"TungstenRod":26},{"downfall:ShatteredFragment":2,"downfall:HeartBlessingRed":4,"Guardian:ModeShifter":0,"Oddly Smooth Stone":13,"downfall:HeartBlessingGreen":15,"Omamori":24,"Mercury Hourglass":0,"Old Coin":27,"Calling Bell":0,"Busted Crown":20,"downfall:GremlinSack":22,"downfall:HeartBlessingBlue":6,"Sundial":15,"Mummified Hand":25,"Bronze Scales":15,"Bird Faced Urn":28,"Prayer Wheel":0,"Black Star":9,"Kunai":27,"Toy Ornithopter":0,"TungstenRod":15},{"downfall:ShatteredFragment":6,"downfall:HeartBlessingRed":12,"Guardian:ModeShifter":0,"Oddly Smooth Stone":52,"downfall:HeartBlessingGreen":63,"Omamori":109,"Mercury Hourglass":0,"Old Coin":125,"Calling Bell":0,"Busted Crown":91,"downfall:GremlinSack":97,"downfall:HeartBlessingBlue":18,"Sundial":63,"Mummified Hand":113,"Bronze Scales":63,"Bird Faced Urn":131,"Prayer Wheel":0,"Black Star":35,"Kunai":125,"Toy Ornithopter":0,"TungstenRod":63}],"Toy Ornithopter":5,"TungstenRod":15},"card_choices":[{"not_picked":["Guardian:Gem_Red","Guardian:Gem_Green"],"picked":"Guardian:Planning","floor":2.0},{"not_picked":["Guardian:Gem_Red","Guardian:VentSteam"],"picked":"Guardian:Gem_Fragmented","floor":2.0},{"not_picked":["Guardian:Emergency","Guardian:MultiBeam"],"picked":"Guardian:ChargeCore","floor":3.0},{"not_picked":["Guardian:Gem_Purple","Guardian:ChargeCore"],"picked":"Guardian:ShieldCharger","floor":3.0},{"not_picked":["Guardian:Gem_Green","Guardian:Gem_Lightblue"],"picked":"Guardian:Recover","floor":6.0},{"not_picked":["Guardian:VentSteam","Guardian:Gem_Cyan"],"picked":"Guardian:TemporalShield","floor":8.0},{"not_picked":["Guardian:Gem_Crimson","Guardian:Recover"],"picked":"Guardian:BronzeArmor","floor":8.0},{"not_picked":["Guardian:Gem_Lightblue","Guardian:HyperBeam_Guardian"],"picked":"Guardian:Repulse","floor":10.0},{"not_picked":["Guardian:Planning","Guardian:WalkerClaw"],"picked":"Guardian:DecasProtection","floor":10.0},{"not_picked":["Guardian:Planning","Guardian:CrystalBeam"],"picked":"Guardian:Gem_Green","floor":11.0},{"not_picked":["Guardian:Gem_Green","Guardian:CrystalBeam","Guardian:ShieldCharger"],"picked":"SKIP","floor":11.0},{"not_picked":["Guardian:Gem_Green","Guardian:Gem_Lightblue"],"picked":"Guardian:PiercingHide","floor":14.0},{"not_picked":["Guardian:Planning","Guardian:RollAttack"],"picked":"Guardian:Suspension","floor":14.0},{"not_picked":["Guardian:RefractedBeam","Guardian:PrismaticBeam"],"picked":"Guardian:TimeSifter","floor":15.0},{"not_picked":["Guardian:Harden","Guardian:GuardianWhirl"],"picked":"Guardian:Gem_Purple","floor":15.0},{"not_picked":["Guardian:GemFinder","Guardian:FierceBash"],"picked":"Guardian:RevengeProtocol","floor":16.0},{"not_picked":["Guardian:Reroute","Guardian:VentSteam+1"],"picked":"Guardian:ChargeUp","floor":19.0},{"not_picked":["Guardian:Gem_Cyan","Guardian:Recover"],"picked":"Guardian:TemporalStrike","floor":19.0},{"not_picked":["Guardian:Suspension","Guardian:Gem_Lightblue"],"picked":"Guardian:TemporalStrike+1","floor":20.0},{"not_picked":["Guardian:Gem_Lightblue","Guardian:Gem_Cyan","Guardian:Clone"],"picked":"SKIP","floor":20.0},{"not_picked":["Guardian:Gem_Red","Guardian:TemporalShield"],"picked":"Guardian:PiercingHide","floor":21.0},{"not_picked":["Guardian:CrystalBeam+1","Guardian:TemporalShield"],"picked":"Guardian:ArmoredProtocol","floor":21.0},{"not_picked":["Guardian:Clone","Guardian:ShieldCharger"],"picked":"Guardian:Planning","floor":22.0},{"not_picked":["Guardian:Reroute","Guardian:ArmoredProtocol"],"picked":"Guardian:Suspension+1","floor":22.0},{"not_picked":["Guardian:Planning","Guardian:BaubleBeam"],"picked":"Guardian:SpikerProtocol","floor":25.0},{"not_picked":["Guardian:Harden","Guardian:Suspension+1"],"picked":"Guardian:BronzeArmor","floor":25.0},{"not_picked":["Guardian:CrystalBeam","Guardian:TemporalStrike+1"],"picked":"Guardian:Incinerate+1","floor":26.0},{"not_picked":["Guardian:BronzeArmor","Guardian:ShieldCharger"],"picked":"Guardian:ChargeCore","floor":29.0},{"not_picked":["Guardian:CrystalBeam","Guardian:ShieldCharger"],"picked":"Guardian:Recover","floor":29.0},{"not_picked":["Guardian:FloatingOrbs","Guardian:DecasProtection"],"picked":"Guardian:BronzeOrb+1","floor":30.0},{"not_picked":["Guardian:ChargeCore","Guardian:TemporalShield"],"picked":"Guardian:Gem_Red","floor":30.0},{"not_picked":["Guardian:WalkerClaw","Guardian:PrimingBeam"],"picked":"Guardian:EvasiveProtocol+1","floor":31.0},{"not_picked":["Guardian:VentSteam","Guardian:MultiBeam","Guardian:Gem_Lightblue"],"picked":"SKIP","floor":31.0},{"not_picked":["Guardian:VentSteam","Guardian:TemporalShield"],"picked":"Guardian:Orbwalk","floor":32},{"not_picked":["Guardian:DecasProtection","Guardian:PolyBeam+1"],"picked":"Guardian:Gem_Orange","floor":32},{"not_picked":["Guardian:ConstructionForm","Guardian:BaubleBeam"],"picked":"Guardian:Gem_Synthetic","floor":33},{"not_picked":[],"picked":"Guardian:TemporalShield+1","floor":36},{"not_picked":["Guardian:Gem_Cyan"],"picked":"SKIP","floor":36},{"not_picked":[],"picked":"Guardian:Gem_Yellow","floor":37},{"not_picked":[],"picked":"Guardian:Gem_Red","floor":38},{"not_picked":["Guardian:ChargeCore"],"picked":"SKIP","floor":38},{"not_picked":[],"picked":"Guardian:BronzeOrb+1","floor":39},{"not_picked":["Guardian:WalkerClaw"],"picked":"SKIP","floor":39},{"not_picked":["Guardian:DecasProtection"],"picked":"SKIP","floor":42},{"not_picked":[],"picked":"Guardian:Reroute+1","floor":44},{"not_picked":["Guardian:SentryBeam"],"picked":"SKIP","floor":44},{"not_picked":["Guardian:StasisStrike"],"picked":"SKIP","floor":45},{"not_picked":["Guardian:StasisStrike"],"picked":"SKIP","floor":45},{"not_picked":["Guardian:Gem_Cyan"],"picked":"SKIP","floor":49},{"not_picked":["Guardian:Incinerate+1"],"picked":"SKIP","floor":49}],"player_experience":2120149,"relics_obtained":[{"floor":0.0,"key":"Toy Ornithopter"},{"floor":0.0,"key":"Mercury Hourglass"},{"floor":0.0,"key":"Prayer Wheel"},{"floor":24.0,"key":"Oddly Smooth Stone"},{"floor":26.0,"key":"TungstenRod"},{"floor":26.0,"key":"Bronze Scales"},{"floor":27.0,"key":"Sundial"},{"floor":37,"key":"downfall:GremlinSack"},{"floor":41,"key":"Omamori"},{"floor":45,"key":"Kunai"},{"floor":45,"key":"Old Coin"},{"floor":48,"key":"Bird Faced Urn"}],"event_choices":[{"cards_removed":["Guardian:ShieldCharger"],"damage_healed":0,"gold_gain":0,"player_choice":"Removed Skill","damage_taken":0,"max_hp_gain":0,"max_hp_loss":0,"event_name":"Falling","floor":43,"gold_loss":0}],"is_beta":false,"boss_relics":[{"not_picked":["Pandora\u0027s Box","Tiny House"],"picked":"Black Star"},{"not_picked":["Snecko Eye","Velvet Choker"],"picked":"Busted Crown"}],"items_purged_floors":[6,42],"is_endless":false,"potions_floor_spawned":[3,8,10,11,14,21,29,30,33,37,48,49],"ascension_level":2}}