{"host":"ksmhkxap3eqvmwsu","time":1609851617,"event":{"mods":["AchievementEnabler","BaseMod","Infinite Spire","Minty Spire (QoL Compilation)","StSLib"],"gold_per_floor":[111,129,140,59,59,59,59,77,77,77,90,111,188,201,201,298,298,268,309,352,389,389,424,424,424,475,525,525,589,146,146,146,278,278,386,428,500,550,623,702,702,782,782,51,51,213,330,401,401,501,501,589,589,589,701,64,194,206,343,413,598,713,713,794,851,851,917,917,931,208,210,238,316,340,371,473,543,629,763,845,881,154,154,394,394,452,452,610,221,246,400,482,586,598,673,685,778,872,893,905,986,998,1135,1227,12,71,97,47,325,368,368,368,370,462,462,513,522,876,876,1541,1760,251,502,502,628,613,613,638,638,638,689,699,699,699,770,820,830,854,884,872,847,878,878,709,709,790,790,790,775,767,776,837,837,837,716,719,766],"floor_reached":158,"playtime":27928,"items_purged":["Wireheading","EmptyFist","Collect+1","EmptyBody+1","DeceiveReality","Evaluate","Transmutation+1","PathToVictory+1","Consecrate+1"],"score":4417,"play_id":"e4af0715-b131-42c2-90ee-e48e7d574698","local_time":"20210105150017","daily_mods":["SealedDeck","Vintage"],"is_ascension_mode":false,"campfire_choices":[{"data":"WaveOfTheHand","floor":6,"key":"SMITH"},{"data":"BattleHymn","floor":10,"key":"SMITH"},{"data":"Collect","floor":15,"key":"SMITH"},{"data":"Wish","floor":24,"key":"SMITH"},{"data":"LikeWater","floor":28,"key":"SMITH"},{"data":"1","floor":32,"key":"LIFT"},{"data":"2","floor":49,"key":"LIFT"},{"floor":66,"key":"REST"},{"data":"3","floor":66,"key":"LIFT"},{"floor":83,"key":"REST"},{"floor":96,"key":"REST"},{"floor":100,"key":"REST"},{"floor":115,"key":"REST"},{"data":"Metamorphosis+1","floor":115,"key":"PURGE"},{"floor":117,"key":"REST"},{"data":"BattleHymn+1","floor":117,"key":"PURGE"},{"floor":127,"key":"REST"},{"data":"Wish+1","floor":127,"key":"PURGE"},{"floor":130,"key":"REST"},{"floor":134,"key":"REST"},{"floor":143,"key":"REST"},{"floor":151,"key":"REST"},{"floor":154,"key":"REST"}],"circlet_count":23,"master_deck":["LikeWater+1","WaveOfTheHand+1","LikeWater+1","SandsOfTime+1","InnerPeace+1","Wish+1","LikeWater+1","LikeWater+1","Brilliance+1","infinitespire:NeuralNetwork+1","Omniscience+1","infinitespire:Gouge+1","RitualDagger+1","LikeWater+1","Panache+1","infinitespire:FutureSight+1","LikeWater+1","ConjureBlade+1","Devotion+1","Panacea+1","Study+1","Bandage Up+1","Bandage Up+1","Devotion+1","LikeWater+1","LikeWater+1","Devotion+1"],"relics":["Ring of the Snake","Mummified Hand","infinitespire:Beetle Shell","infinitespire:Midas Blood","Girya","Happy Flower","Ornamental Fan","CaptainsWheel","Boot","Black Star","Lantern","infinitespire:WardingShard","Toxic Egg 2","War Paint","ClockworkSouvenir","Gremlin Horn","FossilizedHelix","MealTicket","Molten Egg 2","Red Mask","Tiny Chest","Philosopher\u0027s Stone","Anchor","infinitespire:FocusingShard","Pen Nib","Blue Candle","Torii","WingedGreaves","Whetstone","infinitespire:Magic Flask","DollysMirror","infinitespire:Joker Card","infinitespire:Satchel","Frozen Egg 2","Thread and Needle","Turnip","Bottled Flame","Kunai","Busted Crown","Ice Cream","infinitespire:Cubic Diamond","Yang","infinitespire:PuzzleCube","TeardropLocket","HandDrill","Akabeko","infinitespire:Bottled Soul","CloakClasp","Ancient Tea Set","HornCleat","Blood Vial","Matryoshka","Mercury Hourglass","Bottled Tornado","Sundial","PreservedInsect","Letter Opener","Juzu Bracelet","SlaversCollar","Orichalcum","Singing Bowl","Toolbox","GoldenEye","Bag of Preparation","infinitespire:Eraser","Oddly Smooth Stone","Darkstone Periapt","Dream Catcher","StrikeDummy","Meat on the Bone","infinitespire:EmpoweringShard","CeramicFish","Smiling Mask","Vajra","Potion Belt","Gambling Chip","Strawberry","Unceasing Top","Prayer Wheel","infinitespire:Golems Mask","Nunchaku","Bird Faced Urn","Toy Ornithopter","Eternal Feather","MawBank","Shuriken","Centennial Puzzle","Bag of Marbles","infinitespire:ShieldingShard","infinitespire:Cupcake","The Courier","Du-Vu Doll","Sling","infinitespire:Lucky Rock","White Beast Statue","Art of War","infinitespire:CheckeredPen","Ginger","Pear","Omamori","Bronze Scales","InkBottle","infinitespire:BottledMercury","TungstenRod","Peace Pipe","Question Card","StoneCalendar","Incense Burner","Old Coin","Calipers","Pocketwatch","Mango","Lizard Tail","infinitespire:Lychee Nut","Circlet","Tiny House","Medical Kit","SacredBark","Orrery"],"acts_visited":["Exordium","TheCity","TheBeyond","Exordium","TheCity","TheBeyond","Exordium","TheCity","TheBeyond","TheEnding"],"potions_floor_usage":[12,16,16,35,46,46,157,157,157],"damage_taken":[{"damage":0,"enemies":"2 Louse","floor":1,"turns":3},{"damage":0,"enemies":"Small Slimes","floor":2,"turns":3},{"damage":0,"enemies":"Cultist","floor":3,"turns":4},{"damage":4,"enemies":"Lots of Slimes","floor":8,"turns":5},{"damage":2,"enemies":"Red Slaver","floor":11,"turns":4},{"damage":16,"enemies":"Large Slime","floor":12,"turns":4},{"damage":0,"enemies":"2 Fungi Beasts","floor":14,"turns":5},{"damage":0,"enemies":"The Guardian","floor":16,"turns":9},{"damage":13,"enemies":"2 Thieves","floor":18,"turns":5},{"damage":2,"enemies":"Shell Parasite","floor":19,"turns":8},{"damage":7,"enemies":"Sentry and Sphere","floor":20,"turns":12},{"damage":0,"enemies":"Centurion and Healer","floor":21,"turns":11},{"damage":11,"enemies":"Gremlin Leader","floor":23,"turns":9},{"damage":7,"enemies":"Snake Plant","floor":27,"turns":5},{"damage":0,"enemies":"Masked Bandits","floor":29,"turns":6},{"damage":0,"enemies":"Champ","floor":33,"turns":10},{"damage":0,"enemies":"Orb Walker","floor":35,"turns":3},{"damage":0,"enemies":"3 Shapes","floor":36,"turns":7},{"damage":0,"enemies":"Writhing Mass","floor":37,"turns":6},{"damage":0,"enemies":"Jaw Worm Horde","floor":38,"turns":4},{"damage":0,"enemies":"Sphere and 2 Shapes","floor":39,"turns":4},{"damage":0,"enemies":"4 Shapes","floor":40,"turns":8},{"damage":0,"enemies":"Transient","floor":42,"turns":5},{"damage":1,"enemies":"infinitespire:Three Voidlings","floor":46,"turns":4},{"damage":0,"enemies":"Nightmare_Alpha","floor":46,"turns":13},{"damage":0,"enemies":"Nightmare","floor":47,"turns":8},{"damage":0,"enemies":"Jaw Worm Horde","floor":48,"turns":4},{"damage":0,"enemies":"Awakened One","floor":50,"turns":9},{"damage":0,"enemies":"2 Louse","floor":52,"turns":5},{"damage":0,"enemies":"Small Slimes","floor":55,"turns":3},{"damage":0,"enemies":"Gremlin Nob","floor":57,"turns":4},{"damage":0,"enemies":"Cultist","floor":58,"turns":1},{"damage":22,"enemies":"Nightmare","floor":59,"turns":9},{"damage":0,"enemies":"3 Sentries","floor":61,"turns":6},{"damage":0,"enemies":"Exordium Thugs","floor":62,"turns":4},{"damage":0,"enemies":"Blue Slaver","floor":65,"turns":4},{"damage":0,"enemies":"Hexaghost","floor":67,"turns":4},{"damage":0,"enemies":"Spheric Guardian","floor":69,"turns":1},{"damage":0,"enemies":"Shell Parasite","floor":72,"turns":2},{"damage":0,"enemies":"Snecko","floor":73,"turns":3},{"damage":0,"enemies":"Nightmare","floor":74,"turns":1},{"damage":0,"enemies":"Centurion and Healer","floor":75,"turns":2},{"damage":0,"enemies":"3 Cultists","floor":76,"turns":3},{"damage":0,"enemies":"Shelled Parasite and Fungi","floor":78,"turns":1},{"damage":0,"enemies":"Slavers","floor":79,"turns":5},{"damage":0,"enemies":"Snake Plant","floor":80,"turns":3},{"damage":0,"enemies":"Snecko","floor":81,"turns":2},{"damage":0,"enemies":"Collector","floor":84,"turns":4},{"damage":0,"enemies":"Orb Walker","floor":86,"turns":2},{"damage":0,"enemies":"2 Orb Walkers","floor":88,"turns":3},{"damage":0,"enemies":"Giant Head","floor":91,"turns":3},{"damage":0,"enemies":"3 Darklings","floor":92,"turns":3},{"damage":0,"enemies":"Maw","floor":93,"turns":3},{"damage":0,"enemies":"4 Shapes","floor":95,"turns":1},{"damage":0,"enemies":"Spire Growth","floor":97,"turns":2},{"damage":0,"enemies":"Maw","floor":98,"turns":4},{"damage":0,"enemies":"Time Eater","floor":101,"turns":4},{"damage":0,"enemies":"Cultist","floor":103,"turns":4},{"damage":0,"enemies":"Jaw Worm","floor":104,"turns":4},{"damage":0,"enemies":"2 Louse","floor":106,"turns":1},{"damage":0,"enemies":"Lots of Slimes","floor":107,"turns":2},{"damage":0,"enemies":"Exordium Wildlife","floor":109,"turns":5},{"damage":0,"enemies":"Lagavulin","floor":110,"turns":3},{"damage":0,"enemies":"3 Sentries","floor":114,"turns":3},{"damage":0,"enemies":"3 Louse","floor":116,"turns":4},{"damage":0,"enemies":"Hexaghost","floor":118,"turns":4},{"damage":0,"enemies":"Shell Parasite","floor":120,"turns":5},{"damage":0,"enemies":"Chosen","floor":121,"turns":4},{"damage":0,"enemies":"3 Cultists","floor":123,"turns":5},{"damage":0,"enemies":"Slavers","floor":125,"turns":2},{"damage":0,"enemies":"Cultist and Chosen","floor":126,"turns":5},{"damage":0,"enemies":"Centurion and Healer","floor":131,"turns":4},{"damage":0,"enemies":"Gremlin Leader","floor":132,"turns":2},{"damage":0,"enemies":"Champ","floor":135,"turns":5},{"damage":0,"enemies":"Orb Walker","floor":137,"turns":4},{"damage":0,"enemies":"3 Shapes","floor":138,"turns":2},{"damage":0,"enemies":"2 Orb Walkers","floor":139,"turns":2},{"damage":0,"enemies":"Writhing Mass","floor":140,"turns":2},{"damage":0,"enemies":"Transient","floor":141,"turns":5},{"damage":0,"enemies":"Nemesis","floor":142,"turns":1},{"damage":0,"enemies":"Jaw Worm Horde","floor":149,"turns":4},{"damage":0,"enemies":"Sphere and 2 Shapes","floor":150,"turns":3},{"damage":0,"enemies":"infinitespire:LordOfFortification","floor":152,"turns":6},{"damage":0,"enemies":"Shield and Spear","floor":156,"turns":3},{"damage":0,"enemies":"The Heart","floor":157,"turns":8}],"seed_played":"-5918934356372558510","potions_obtained":[{"floor":2,"key":"FearPotion"},{"floor":3,"key":"StancePotion"},{"floor":8,"key":"AttackPotion"},{"floor":16,"key":"FairyPotion"},{"floor":18,"key":"Ambrosia"},{"floor":19,"key":"Swift Potion"},{"floor":21,"key":"Ancient Potion"},{"floor":23,"key":"DuplicationPotion"},{"floor":37,"key":"infinitespire:BlackPotion"},{"floor":39,"key":"DuplicationPotion"},{"floor":48,"key":"FairyPotion"},{"floor":52,"key":"DistilledChaos"},{"floor":93,"key":"BlessingOfTheForge"},{"floor":97,"key":"PowerPotion"},{"floor":104,"key":"Ancient Potion"},{"floor":106,"key":"GamblersBrew"},{"floor":138,"key":"CultistPotion"},{"floor":157,"key":"BottledMiracle"}],"is_trial":true,"path_per_floor":["M","M","M","$","?","R","?","M","T","R","M","M","?","M","R","B",null,"M","M","M","M","AVR","E","R","?","T","M","R","?","$","?","R","B",null,"M","M","M","M","M","M","?","M","T","$","T","?","NM","M","R","B",null,"M","?","AVR","M","$","E","M","NM","T","E","M","?","T","M","R","B",null,"M","$","?","M","M","NM","M","M","T","M","E","M","M","$","R","B",null,"M","?","?","$","T","E","M","M","T","M","R","M","M","?","R","B",null,"M","M","$","M","M","$","M","E","T","?","?","E","R","M","R","B",null,"M","M","$","M","T","E","M","R","T","?","R","M","E","?","R","B",null,"M","M","?","M","M","E","R","$","T","T","?","?","M","M","R","B",null,"R","$","E","B",null],"character_chosen":"WATCHER","items_purchased":["Wireheading","InnerPeace+1","Metamorphosis+1","Tiny Chest","DollysMirror","Brilliance+1","infinitespire:Joker Card","infinitespire:Satchel","TeardropLocket","HandDrill","Akabeko","Singing Bowl","Transmutation+1","Toolbox","LikeWater+1","Panache+1","Gambling Chip","Strawberry","LikeWater+1","infinitespire:Golems Mask","Sling","infinitespire:Lucky Rock","White Beast Statue","Art of War","infinitespire:CheckeredPen","Ginger","Pear","Panacea+1","Fruit Juice","Bandage Up+1","Bandage Up+1","Pocketwatch","Mango","Lizard Tail","infinitespire:Lychee Nut","Circlet","Medical Kit","LikeWater+1","Orrery"],"campfire_rested":12,"item_purchase_floors":[4,30,30,30,44,44,44,44,56,56,56,70,70,70,82,82,82,82,89,89,105,105,105,105,105,105,105,105,122,122,122,122,122,122,122,122,144,144,155],"current_hp_per_floor":[72,72,72,72,72,72,72,68,68,68,66,50,39,39,39,39,72,59,57,50,50,50,39,39,39,39,32,32,32,47,47,47,47,72,72,72,72,72,72,72,72,72,72,72,72,72,72,72,72,72,72,72,72,72,72,72,72,72,50,50,52,54,54,54,56,72,72,72,72,72,66,68,70,74,74,74,74,74,76,76,76,83,85,87,87,87,87,89,89,89,89,89,89,89,89,91,91,91,91,93,93,93,93,93,103,103,103,103,103,105,105,105,99,107,109,109,109,111,111,111,111,93,93,93,95,95,97,97,97,99,99,99,99,101,101,108,108,108,110,110,110,112,114,114,114,114,114,114,114,114,114,114,114,116,126,128,140],"gold":766,"neow_bonus":"","is_daily":false,"chose_seed":false,"campfire_upgraded":5,"win_rate":0.0,"timestamp":1609851617,"path_taken":["M","M","M","$","?","R","?","M","T","R","M","M","?","M","R","BOSS","M","M","M","M","AVR","E","R","?","T","M","R","?","$","?","R","BOSS","M","M","M","M","M","M","?","?","T","$","?","?","NM","M","R","BOSS","M","?","AVR","M","$","E","M","NM","T","E","M","?","?","M","R","BOSS","M","$","?","M","M","NM","M","M","T","M","E","M","M","$","R","BOSS","M","?","?","$","?","E","M","M","T","M","R","M","M","?","R","BOSS","M","M","$","M","M","$","M","E","T","?","?","E","R","M","R","BOSS","M","M","$","M","?","E","M","R","T","?","R","M","E","?","R","BOSS","M","M","?","M","M","E","R","$","T","?","?","?","M","M","R","BOSS","R","$","E","BOSS"],"items_purchased_type":["Card","Card","Card","Relic","Relic","Card","Relic","Relic","Relic","Relic","Relic","Relic","Card","Relic","Card","Card","Relic","Relic","Card","Relic","Relic","Relic","Relic","Relic","Relic","Relic","Relic","Card","Potion","Card","Card","Relic","Relic","Relic","Relic","Undefined","Relic","Card","Relic"],"build_version":"2020-12-22","purchased_purges":9,"victory":true,"max_hp_per_floor":[72,72,72,72,72,72,72,72,72,72,72,72,72,72,72,72,72,72,72,72,72,72,72,72,72,72,72,72,72,72,72,72,72,72,72,72,72,72,72,72,72,72,72,72,72,72,72,72,72,72,72,72,72,72,72,72,72,72,72,72,72,72,72,72,72,72,72,72,72,72,72,72,72,74,74,74,74,74,76,76,76,83,85,87,87,87,87,89,89,89,89,89,89,89,89,91,91,91,91,93,93,93,93,93,103,103,103,103,103,105,105,105,105,107,109,109,109,111,111,111,111,93,93,93,95,95,97,97,97,99,99,99,99,101,101,108,108,108,110,110,110,112,114,114,114,114,114,114,114,114,114,114,114,116,126,128,140],"card_choices":[{"not_picked":["DeusExMachina","Alpha"],"picked":"Wish","floor":16},{"not_picked":["CutThroughFate","Consecrate"],"picked":"PathToVictory+1","floor":23},{"not_picked":["ReachHeaven+1","FollowUp+1"],"picked":"SandsOfTime+1","floor":29},{"not_picked":["MasterReality","Brilliance+1"],"picked":"Wish+1","floor":33},{"not_picked":["infinitespire:Oblivion","infinitespire:Execution"],"picked":"infinitespire:NeuralNetwork","floor":46},{"not_picked":["FlyingSleeves+1","Evaluate+1"],"picked":"Indignation+1","floor":46},{"not_picked":["ClearTheMind+1","EmptyBody+1","Evaluate+1"],"picked":"SKIP","floor":47},{"not_picked":["Judgement+1","LessonLearned+1"],"picked":"Omniscience+1","floor":50},{"not_picked":["Evaluate+1"],"picked":"SKIP","floor":57},{"not_picked":["Evaluate+1"],"picked":"SKIP","floor":57},{"not_picked":["Evaluate+1"],"picked":"SKIP","floor":57},{"not_picked":["infinitespire:Menacing","infinitespire:SealOfDarkness+"],"picked":"infinitespire:Gouge","floor":59},{"not_picked":["Conclude+1"],"picked":"SKIP","floor":59},{"not_picked":["BowlingBash+1"],"picked":"SKIP","floor":61},{"not_picked":["JustLucky+1"],"picked":"Singing Bowl","floor":74},{"not_picked":["Perseverance+1"],"picked":"Singing Bowl","floor":79},{"not_picked":["Tantrum+1"],"picked":"Singing Bowl","floor":83},{"not_picked":["Ragnarok+1"],"picked":"Singing Bowl","floor":84},{"not_picked":["BowlingBash+1"],"picked":"Singing Bowl","floor":88},{"not_picked":["infinitespire:Oblivion","infinitespire:Menacing"],"picked":"infinitespire:FutureSight","floor":88},{"not_picked":[],"picked":"ConjureBlade+1","floor":91},{"not_picked":["BattleHymn+1"],"picked":"Singing Bowl","floor":96},{"not_picked":["Weave+1"],"picked":"Singing Bowl","floor":100},{"not_picked":[],"picked":"Devotion+1","floor":101},{"not_picked":["FlurryOfBlows+1"],"picked":"Singing Bowl","floor":110},{"not_picked":["Nirvana+1"],"picked":"Singing Bowl","floor":114},{"not_picked":["WreathOfFlame+1","FearNoEvil+1"],"picked":"Singing Bowl","floor":115},{"not_picked":["SignatureMove+1"],"picked":"Study+1","floor":117},{"not_picked":["ConjureBlade+1","DeusExMachina+1"],"picked":"Singing Bowl","floor":118},{"not_picked":["EmptyBody+1","Protect+1"],"picked":"Singing Bowl","floor":125},{"not_picked":["BowlingBash+1","WreathOfFlame+1"],"picked":"Singing Bowl","floor":127},{"not_picked":["PathToVictory+1","TalkToTheHand+1"],"picked":"Singing Bowl","floor":130},{"not_picked":["Scrawl+1","Tantrum+1"],"picked":"SKIP","floor":132},{"not_picked":["Wallop+1","WindmillStrike+1"],"picked":"Singing Bowl","floor":134},{"not_picked":["Ragnarok+1"],"picked":"Devotion+1","floor":135},{"not_picked":["Halt+1","MentalFortress+1"],"picked":"Singing Bowl","floor":136},{"not_picked":["DeceiveReality+1","Nirvana+1"],"picked":"Singing Bowl","floor":139},{"not_picked":["MentalFortress+1","CrushJoints+1"],"picked":"Singing Bowl","floor":142},{"not_picked":["Judgement+1","Meditate+1"],"picked":"Singing Bowl","floor":143},{"not_picked":["EmptyBody+1"],"picked":"LikeWater+1","floor":151},{"not_picked":["Establishment+1"],"picked":"Devotion+1","floor":152},{"not_picked":["Sanctity+1","PathToVictory+1"],"picked":"Singing Bowl","floor":154},{"not_picked":["BowlingBash+1","JustLucky+1"],"picked":"Singing Bowl","floor":155},{"not_picked":["DeceiveReality+1","SashWhip+1"],"picked":"Singing Bowl","floor":155},{"not_picked":["Study+1","JustLucky+1"],"picked":"Singing Bowl","floor":155},{"not_picked":["FollowUp+1","Meditate+1"],"picked":"Singing Bowl","floor":155},{"not_picked":["Worship+1","JustLucky+1"],"picked":"Singing Bowl","floor":155},{"not_picked":["Wireheading+1","DeceiveReality+1"],"picked":"Singing Bowl","floor":156},{"not_picked":["Brilliance+1","DeusExMachina+1"],"picked":"Singing Bowl","floor":157}],"player_experience":219491,"relics_obtained":[{"floor":1,"key":"Mummified Hand"},{"floor":2,"key":"infinitespire:Beetle Shell"},{"floor":3,"key":"infinitespire:Midas Blood"},{"floor":8,"key":"Girya"},{"floor":9,"key":"Happy Flower"},{"floor":11,"key":"Ornamental Fan"},{"floor":12,"key":"CaptainsWheel"},{"floor":14,"key":"Boot"},{"floor":18,"key":"Lantern"},{"floor":19,"key":"infinitespire:WardingShard"},{"floor":20,"key":"Toxic Egg 2"},{"floor":21,"key":"War Paint"},{"floor":23,"key":"Gremlin Horn"},{"floor":23,"key":"FossilizedHelix"},{"floor":26,"key":"MealTicket"},{"floor":27,"key":"Molten Egg 2"},{"floor":29,"key":"Red Mask"},{"floor":35,"key":"Anchor"},{"floor":36,"key":"infinitespire:FocusingShard"},{"floor":37,"key":"Pen Nib"},{"floor":38,"key":"Blue Candle"},{"floor":39,"key":"Torii"},{"floor":40,"key":"WingedGreaves"},{"floor":42,"key":"Whetstone"},{"floor":43,"key":"infinitespire:Magic Flask"},{"floor":45,"key":"Frozen Egg 2"},{"floor":46,"key":"Thread and Needle"},{"floor":47,"key":"Turnip"},{"floor":47,"key":"Bottled Flame"},{"floor":48,"key":"Kunai"},{"floor":52,"key":"Ice Cream"},{"floor":55,"key":"infinitespire:PuzzleCube"},{"floor":57,"key":"infinitespire:Bottled Soul"},{"floor":57,"key":"CloakClasp"},{"floor":58,"key":"Ancient Tea Set"},{"floor":59,"key":"HornCleat"},{"floor":59,"key":"Blood Vial"},{"floor":60,"key":"Matryoshka"},{"floor":61,"key":"Mercury Hourglass"},{"floor":61,"key":"Bottled Tornado"},{"floor":62,"key":"Sundial"},{"floor":64,"key":"PreservedInsect"},{"floor":64,"key":"Letter Opener"},{"floor":65,"key":"Juzu Bracelet"},{"floor":69,"key":"Orichalcum"},{"floor":72,"key":"GoldenEye"},{"floor":73,"key":"Bag of Preparation"},{"floor":74,"key":"infinitespire:Eraser"},{"floor":74,"key":"Oddly Smooth Stone"},{"floor":75,"key":"Darkstone Periapt"},{"floor":76,"key":"Dream Catcher"},{"floor":77,"key":"StrikeDummy"},{"floor":77,"key":"Meat on the Bone"},{"floor":78,"key":"infinitespire:EmpoweringShard"},{"floor":79,"key":"CeramicFish"},{"floor":79,"key":"Smiling Mask"},{"floor":80,"key":"Vajra"},{"floor":81,"key":"Potion Belt"},{"floor":86,"key":"Unceasing Top"},{"floor":88,"key":"Prayer Wheel"},{"floor":90,"key":"Nunchaku"},{"floor":91,"key":"Bird Faced Urn"},{"floor":91,"key":"Toy Ornithopter"},{"floor":92,"key":"Eternal Feather"},{"floor":93,"key":"MawBank"},{"floor":94,"key":"Shuriken"},{"floor":95,"key":"Centennial Puzzle"},{"floor":97,"key":"Bag of Marbles"},{"floor":98,"key":"infinitespire:ShieldingShard"},{"floor":103,"key":"The Courier"},{"floor":104,"key":"Du-Vu Doll"},{"floor":106,"key":"Omamori"},{"floor":107,"key":"Bronze Scales"},{"floor":109,"key":"InkBottle"},{"floor":110,"key":"infinitespire:BottledMercury"},{"floor":110,"key":"TungstenRod"},{"floor":111,"key":"Peace Pipe"},{"floor":114,"key":"Question Card"},{"floor":114,"key":"StoneCalendar"},{"floor":116,"key":"Incense Burner"},{"floor":120,"key":"Old Coin"},{"floor":121,"key":"Calipers"},{"floor":123,"key":"Circlet"},{"floor":124,"key":"Circlet"},{"floor":125,"key":"Circlet"},{"floor":125,"key":"Circlet"},{"floor":126,"key":"Circlet"},{"floor":128,"key":"Circlet"},{"floor":131,"key":"Circlet"},{"floor":132,"key":"Circlet"},{"floor":132,"key":"Circlet"},{"floor":137,"key":"Circlet"},{"floor":138,"key":"Circlet"},{"floor":139,"key":"Circlet"},{"floor":140,"key":"Circlet"},{"floor":141,"key":"Circlet"},{"floor":142,"key":"Circlet"},{"floor":142,"key":"Circlet"},{"floor":145,"key":"Circlet"},{"floor":146,"key":"Circlet"},{"floor":149,"key":"Circlet"},{"floor":150,"key":"Circlet"},{"floor":156,"key":"Circlet"},{"floor":156,"key":"Circlet"}],"event_choices":[{"damage_healed":0,"gold_gain":0,"player_choice":"Leave","damage_taken":0,"max_hp_gain":0,"max_hp_loss":0,"event_name":"The Cleric","floor":5,"gold_loss":0},{"damage_healed":0,"gold_gain":0,"player_choice":"Grow","damage_taken":0,"max_hp_gain":0,"max_hp_loss":0,"event_name":"Living Wall","floor":7,"gold_loss":0,"cards_upgraded":["LikeWater"]},{"damage_healed":0,"gold_gain":75,"player_choice":"Gather Gold","damage_taken":11,"max_hp_gain":0,"max_hp_loss":0,"event_name":"World of Goop","floor":13,"gold_loss":0},{"damage_healed":0,"gold_gain":0,"player_choice":"Read","damage_taken":0,"max_hp_gain":0,"max_hp_loss":0,"event_name":"The Library","floor":25,"gold_loss":0,"cards_obtained":["LikeWater"]},{"damage_healed":0,"gold_gain":0,"player_choice":"Fought Bandits","damage_taken":0,"max_hp_gain":0,"max_hp_loss":0,"event_name":"Masked Bandits","floor":29,"gold_loss":0},{"damage_healed":0,"gold_gain":0,"player_choice":"Bought 0 Potions","damage_taken":0,"max_hp_gain":0,"max_hp_loss":0,"event_name":"The Woman in Blue","floor":31,"gold_loss":0},{"damage_healed":0,"gold_gain":0,"player_choice":"Copied","damage_taken":0,"max_hp_gain":0,"max_hp_loss":0,"event_name":"Duplicator","floor":41,"gold_loss":0,"cards_obtained":["LikeWater"]},{"damage_healed":0,"gold_gain":0,"player_choice":"Ignored","damage_taken":0,"max_hp_gain":0,"max_hp_loss":0,"event_name":"Liars Game","floor":63,"gold_loss":0},{"damage_healed":0,"gold_gain":0,"player_choice":"Joined the Cult","damage_taken":6,"max_hp_gain":0,"max_hp_loss":0,"event_name":"Nest","floor":71,"gold_loss":0,"cards_obtained":["RitualDagger"]},{"cards_removed":["ClearTheMind"],"damage_healed":0,"gold_gain":0,"player_choice":"Removed Skill","damage_taken":0,"max_hp_gain":0,"max_hp_loss":0,"event_name":"Falling","floor":87,"gold_loss":0},{"damage_healed":0,"gold_gain":0,"player_choice":"Fight","damage_taken":0,"max_hp_gain":0,"max_hp_loss":0,"event_name":"Mysterious Sphere","floor":88,"gold_loss":0},{"damage_healed":0,"gold_gain":0,"player_choice":"Copied","damage_taken":0,"max_hp_gain":0,"max_hp_loss":0,"event_name":"Duplicator","floor":99,"gold_loss":0,"cards_obtained":["infinitespire:NeuralNetwork"]},{"damage_healed":0,"gold_gain":0,"player_choice":"Ignored","damage_taken":0,"max_hp_gain":0,"max_hp_loss":0,"event_name":"Upgrade Shrine","floor":112,"gold_loss":0},{"cards_removed":["Indignation"],"damage_healed":0,"gold_gain":0,"player_choice":"Card Removal","damage_taken":7,"max_hp_gain":0,"max_hp_loss":0,"event_name":"Golden Wing","floor":113,"gold_loss":0},{"damage_healed":0,"gold_gain":0,"player_choice":"Ignored","damage_taken":0,"max_hp_gain":0,"max_hp_loss":0,"event_name":"Purifier","floor":129,"gold_loss":0},{"damage_healed":0,"gold_gain":0,"player_choice":"Ignored","damage_taken":0,"max_hp_gain":0,"max_hp_loss":0,"event_name":"Vampires","floor":133,"gold_loss":0},{"damage_healed":0,"gold_gain":0,"player_choice":"Fight","damage_taken":0,"max_hp_gain":0,"max_hp_loss":0,"event_name":"Mysterious Sphere","floor":139,"gold_loss":0},{"damage_healed":0,"gold_gain":0,"player_choice":"Ignored","damage_taken":0,"max_hp_gain":0,"max_hp_loss":0,"event_name":"Purifier","floor":147,"gold_loss":0},{"cards_removed":["infinitespire:NeuralNetwork"],"damage_healed":0,"gold_gain":0,"player_choice":"Removed Power","damage_taken":0,"max_hp_gain":0,"max_hp_loss":0,"event_name":"Falling","floor":148,"gold_loss":0}],"is_beta":false,"boss_relics":[{"not_picked":["Astrolabe","Snecko Eye"],"picked":"Black Star"},{"not_picked":["Empty Cage","Sozu"],"picked":"Philosopher\u0027s Stone"},{"not_picked":["Velvet Choker","Runic Pyramid"],"picked":"Busted Crown"},{"not_picked":["Astrolabe","Runic Dome"],"picked":"SlaversCollar"},{"not_picked":["Coffee Dripper","Calling Bell","Cursed Key"]},{"not_picked":["Snecko Eye","SacredBark"],"picked":"infinitespire:Cupcake"},{"not_picked":["Runic Dome","Runic Pyramid","Snecko Eye"]},{"not_picked":["Astrolabe","Cursed Key"],"picked":"Tiny House"},{"not_picked":["Empty Cage","Fusion Hammer"],"picked":"SacredBark"}],"items_purged_floors":[22,30,54,56,70,82,89,108,122],"is_endless":true,"potions_floor_spawned":[2,3,8,16,18,19,21,23,33,37,38,39,46,48,52,55,61,65,69,73,75,79,84,91,93,97,101,103,104,106,107,109,110,114,116,118,120,121,123,125,126,131,132,135,137,138,139,140,141,142,149,150,152,156,157],"ascension_level":0}}