{"host":"ox77rn1xcurm2t5a","time":1609866325,"event":{"mods":["2.2 Compatiblity","AchievementEnabler","Act Like it!","Aspiration","BaseMod","Best Route Mod","Better Match","Better Note","Better Sensory Stone","Block Reminder","Colored Map","Colored Powertips","Conjunction","Conspire","Custom Start","Energized Spire","GifTheSpireLib","Gold Saver","Gremlin Skip","Halation","Highlight Path","Hubris","Infinite Spire","Minty Spire (QoL Compilation)","Pale of the Ancients","Quick Restart","Replay The Spire","Reworked Bosses","ShortenTheSpire","Spire Exporter","StSLib","Stuff the Spire","Wandering Minibosses","vexMod"],"gold_per_floor":[111,36,1,1,1,1,29,46,46,46,76,87,101,121,121,121,121],"floor_reached":16,"playtime":436,"items_purged":[],"score":216,"play_id":"fba80a97-75ed-4c0c-abf4-4ac701dbc1af","local_time":"20210105190525","is_ascension_mode":true,"campfire_choices":[{"floor":6,"key":"RECALL"},{"data":"Dualcast","floor":10,"key":"SMITH"},{"data":"Zap","floor":15,"key":"SMITH"}],"circlet_count":0,"master_deck":["AscendersBane","Strike_B","Strike_B","Strike_B","Defend_B","Defend_B","Defend_B","Defend_B","Zap+1","Dualcast+1","Barrage","Good Instincts+1","Trip+1","StuffTheSpire:Coldhearted","Loop"],"relics":["Cracked Core","NeowsBlessing","Oddly Smooth Stone","Dream Catcher"],"acts_visited":["Exordium"],"potions_floor_usage":[11,12,16],"damage_taken":[{"damage":0,"enemies":"Small Slimes","floor":1,"turns":1},{"damage":0,"enemies":"Gremlin Nob","floor":7,"turns":1},{"damage":0,"enemies":"Cultist","floor":8,"turns":1},{"damage":16,"enemies":"Lagavulin","floor":11,"turns":8},{"damage":13,"enemies":"2 Louse","floor":12,"turns":2},{"damage":0,"enemies":"Large Slime","floor":13,"turns":5},{"damage":7,"enemies":"Exordium Thugs","floor":14,"turns":5},{"damage":51,"enemies":"Slime Boss","floor":16,"turns":7}],"seed_played":"7327763136305039953","potions_obtained":[{"floor":8,"key":"FocusPotion"},{"floor":11,"key":"Conjunction:LightningMarble"},{"floor":14,"key":"Fire Potion"}],"is_trial":false,"path_per_floor":["M","?","?","?","$","R","E","M","T","R","E","M","M","M","R","B"],"character_chosen":"DEFECT","items_purchased":[],"campfire_rested":0,"item_purchase_floors":[],"current_hp_per_floor":[68,68,75,75,75,75,75,75,75,75,59,46,46,39,39,0,0],"gold":121,"neow_bonus":"THREE_ENEMY_KILL","is_daily":false,"chose_seed":false,"campfire_upgraded":2,"win_rate":0.0,"timestamp":1609866325,"path_taken":["M","?","?","?","$","R","E","M","T","R","E","M","M","M","R","BOSS"],"items_purchased_type":[],"build_version":"2020-12-22","purchased_purges":0,"victory":false,"max_hp_per_floor":[75,75,75,75,75,75,75,75,75,75,75,75,75,75,75,75,75],"card_choices":[{"not_picked":["ReplaySort","Panic Button"],"picked":"Barrage","floor":1},{"not_picked":["Replay:BasicMightCard+1","Replay:Parry+1"],"picked":"Good Instincts+1","floor":2},{"not_picked":["Impatience+1","hubris:Insight+1"],"picked":"Trip+1","floor":2},{"not_picked":["Compile Driver","Steam"],"picked":"StuffTheSpire:Coldhearted","floor":7},{"not_picked":["Hologram","Self Repair","Conserve Battery"],"picked":"SKIP","floor":8},{"not_picked":["Barrage","Steam","Fission"],"picked":"SKIP","floor":11},{"not_picked":["ReplayTheSpireMod:Calculation Training","Beam Cell"],"picked":"Loop","floor":12},{"not_picked":["Double Energy","Compile Driver","Sweeping Beam"],"picked":"SKIP","floor":13},{"not_picked":["Hologram","Reinforced Body","Beam Cell"],"picked":"SKIP","floor":14}],"player_experience":2920882,"relics_obtained":[{"floor":7,"key":"Oddly Smooth Stone"},{"floor":11,"key":"Dream Catcher"}],"event_choices":[{"damage_healed":0,"gold_gain":0,"player_choice":"2","damage_taken":0,"max_hp_gain":0,"max_hp_loss":0,"event_name":"betterMatch:BetterMatch","floor":2,"gold_loss":0,"cards_obtained":["betterMatch:ColorlessUncommonCard","betterMatch:ColorlessUncommonCard"]},{"damage_healed":18,"gold_gain":0,"player_choice":"Healed","damage_taken":0,"max_hp_gain":0,"max_hp_loss":0,"event_name":"The Cleric","floor":3,"gold_loss":35},{"cards_removed":["Strike_B"],"damage_healed":0,"gold_gain":0,"player_choice":"Offered Basic","damage_taken":0,"max_hp_gain":0,"max_hp_loss":0,"event_name":"Bonfire Elementals","floor":4,"gold_loss":0}],"is_beta":false,"boss_relics":[],"items_purged_floors":[],"is_endless":false,"potions_floor_spawned":[8,11,14],"killed_by":"Slime Boss","ascension_level":12}}