{"host":"867cnhxguf2bzj4x","time":1609844043,"event":{"mods":["BaseMod","BetterRewards","Duelist Mod","GifTheSpireLib","Lobotomy","Minty Spire (QoL Compilation)","Replay The Spire","StSLib","The Bug Knight","The Cursed","The Necromancer"],"gold_per_floor":[118,118,134,154,165,199,199,199,199,199,199,85,85,101,101,101,101],"floor_reached":16,"playtime":808,"items_purged":["Spreading Infection"],"score":100,"play_id":"bac23b01-2346-43b5-8823-1e49b8173210","local_time":"20210105115403","is_ascension_mode":false,"campfire_choices":[{"floor":7,"key":"REST"},{"data":"HollowMod:VoidDash","floor":13,"key":"SMITH"},{"floor":15,"key":"REST"}],"circlet_count":0,"master_deck":["HollowMod:NailStrikeStart","HollowMod:NailStrikeStart","HollowMod:NailStrikeStart","HollowMod:NailStrikeStart","HollowMod:QuickDashStart","HollowMod:QuickDashStart","HollowMod:QuickDashStart","HollowMod:QuickDashStart","HollowMod:FocusHealStart","HollowMod:PogoStrike","HollowMod:VoidDash+1","HollowMod:FallenFury","HollowMod:ShadowDash+1","HollowMod:CoiledNail","HollowMod:WraithStrike","HollowMod:DescendingDark","HollowMod:DescendingDark"],"relics":["HollowMod:VesselMask","Toolbox","Replay:Accelerometer","Matryoshka","Pen Nib","Replay:Bottled Steam","ReplayTheSpireMod:Ring of Exchange","ReplayTheSpireMod:Ring of Collecting"],"acts_visited":["Exordium"],"potions_floor_usage":[16],"damage_taken":[{"damage":0,"enemies":"Jaw Worm","floor":1,"turns":2},{"damage":0,"enemies":"Cultist","floor":3,"turns":4},{"damage":2,"enemies":"Small Slimes","floor":4,"turns":3},{"damage":4,"enemies":"Blue Slaver","floor":5,"turns":4},{"damage":38,"enemies":"3 Sentries","floor":6,"turns":9},{"damage":13,"enemies":"Large Slime","floor":14,"turns":6},{"damage":62,"enemies":"Fading Forest","floor":16,"turns":9}],"seed_played":"7519873094471959484","potions_obtained":[{"floor":1,"key":"AttackPotion"},{"floor":6,"key":"SteroidPotion"}],"is_trial":false,"path_per_floor":["M","?","M","M","M","E","R","?","T","T","?","$","R","M","R","B"],"character_chosen":"THE_BUGKNIGHT","items_purchased":["Toolbox","HollowMod:VoidDash","HollowMod:DescendingDark"],"campfire_rested":2,"item_purchase_floors":[0,0,12],"current_hp_per_floor":[64,64,64,62,58,20,42,42,42,42,42,42,42,29,51,0,0],"gold":101,"neow_bonus":"","is_daily":false,"chose_seed":false,"campfire_upgraded":1,"win_rate":0.0,"timestamp":1609844043,"path_taken":["M","?","M","M","?","E","R","?","T","?","?","$","R","M","R","BOSS"],"items_purchased_type":["Relic","Card","Card"],"build_version":"2020-12-22","purchased_purges":1,"victory":false,"max_hp_per_floor":[75,75,75,75,75,75,75,75,75,75,75,75,75,75,75,75,75],"card_choices":[{"not_picked":["HollowMod:DoubleDash","HollowMod:GoodIntentions","HollowMod:TaintedHusks"],"picked":"SKIP","floor":1},{"not_picked":["HollowMod:ChannelNail","HollowMod:NewJinnsSoul"],"picked":"HollowMod:ShadowDash","floor":3},{"not_picked":["HollowMod:DoubleDash","HollowMod:DashSlash"],"picked":"HollowMod:CoiledNail","floor":4},{"not_picked":["HollowMod:ShadowDash","HollowMod:DescendingDark"],"picked":"HollowMod:WraithStrike","floor":5},{"not_picked":["HollowMod:MothsMistake","HollowMod:InfectedAttack","HollowMod:InfectionAssault"],"picked":"SKIP","floor":6},{"not_picked":["HollowMod:VengefulSpirit","HollowMod:BrokenVessel","HollowMod:SoulStrike"],"picked":"SKIP","floor":14}],"player_experience":111346,"relics_obtained":[{"floor":6,"key":"Replay:Accelerometer"},{"floor":9,"key":"Matryoshka"},{"floor":10,"key":"Pen Nib"},{"floor":10,"key":"Replay:Bottled Steam"},{"floor":11,"key":"ReplayTheSpireMod:Ring of Exchange"},{"floor":11,"key":"ReplayTheSpireMod:Ring of Collecting"}],"event_choices":[{"damage_healed":0,"gold_gain":0,"player_choice":"1 cards matched","damage_taken":0,"max_hp_gain":0,"max_hp_loss":0,"event_name":"Match and Keep!","floor":2,"gold_loss":0,"cards_obtained":["HollowMod:FallenFury"]},{"damage_healed":0,"gold_gain":0,"player_choice":"Grow","damage_taken":0,"max_hp_gain":0,"max_hp_loss":0,"event_name":"Living Wall","floor":8,"gold_loss":0,"cards_upgraded":["HollowMod:ShadowDash"]}],"is_beta":false,"boss_relics":[],"items_purged_floors":[12],"is_endless":false,"potions_floor_spawned":[1,6],"killed_by":"Fading Forest","ascension_level":0}}