{"host":"m77rrhbqzv44va4v","time":1609843901,"event":{"mods":["AchievementEnabler","BaseMod","Colored Map","DeckTracker","Keyboard Shortcuts","Minty Spire (QoL Compilation)","StSLib","SuperFastMode","everything is the same but u backflip on backflip"],"gold_per_floor":[116,18,18,18,38,38,68,68,91,91,102,137,147,147,147,250,250,265,285,285,285,37,37,62,2,14,61,73,85,85],"floor_reached":29,"playtime":708,"items_purged":["Strike_B","Writhe"],"score":476,"play_id":"eb6d6c76-dab5-45cc-a37a-e1b1f9f832bf","local_time":"20210105195141","is_ascension_mode":true,"campfire_choices":[{"data":"Defragment","floor":6,"key":"SMITH"},{"data":"Dualcast","floor":8,"key":"SMITH"},{"data":"Coolheaded","floor":10,"key":"SMITH"},{"data":"Zap","floor":15,"key":"SMITH"},{"data":"Core Surge","floor":23,"key":"SMITH"}],"circlet_count":0,"master_deck":["AscendersBane","Strike_B+1","Strike_B","Defend_B","Defend_B","Defend_B","Zap+1","Dualcast+1","Compile Driver","Coolheaded+1","Defragment+1","Steam","Ball Lightning+1","Conserve Battery","Core Surge+1","Fusion+1","White Noise+1","Electrodynamics"],"relics":["Cracked Core","Juzu Bracelet","Blood Vial","Bag of Preparation","Oddly Smooth Stone","MealTicket","Black Star","Omamori","Whetstone","PreservedInsect","Strawberry","MawBank","Molten Egg 2","Dream Catcher","Lantern"],"acts_visited":["Exordium","TheCity"],"potions_floor_usage":[7,24,24],"damage_taken":[{"damage":0,"enemies":"Small Slimes","floor":1,"turns":3},{"damage":6,"enemies":"Jaw Worm","floor":5,"turns":4},{"damage":13,"enemies":"Lagavulin","floor":7,"turns":6},{"damage":0,"enemies":"2 Louse","floor":11,"turns":2},{"damage":16,"enemies":"3 Sentries","floor":12,"turns":7},{"damage":0,"enemies":"Red Slaver","floor":13,"turns":3},{"damage":0,"enemies":"The Guardian","floor":16,"turns":9},{"damage":12,"enemies":"3 Byrds","floor":18,"turns":5},{"damage":7,"enemies":"Spheric Guardian","floor":19,"turns":4},{"damage":60,"enemies":"Slavers","floor":24,"turns":9},{"damage":14,"enemies":"Book of Stabbing","floor":27,"turns":5},{"damage":16,"enemies":"Snake Plant","floor":29,"turns":2}],"seed_played":"-5062015800923565060","potions_obtained":[{"floor":1,"key":"SteroidPotion"},{"floor":11,"key":"GamblersBrew"},{"floor":12,"key":"Ancient Potion"},{"floor":13,"key":"Dexterity Potion"},{"floor":18,"key":"SkillPotion"}],"is_trial":false,"path_per_floor":["M","$","?","T","M","R","E","R","T","R","M","E","M","?","R","B",null,"M","M","?","?","$","R","E","?","T","E","?","M"],"character_chosen":"DEFECT","items_purchased":["Coolheaded","Whetstone"],"campfire_rested":0,"item_purchase_floors":[2,22],"current_hp_per_floor":[68,68,73,73,69,69,58,58,58,58,60,46,48,48,48,50,73,63,58,58,58,73,73,22,22,22,10,10,0,0],"gold":85,"neow_bonus":"RANDOM_COMMON_RELIC","is_daily":false,"chose_seed":false,"campfire_upgraded":5,"win_rate":0.0,"timestamp":1609843901,"path_taken":["M","$","?","?","M","R","E","R","T","R","M","E","M","?","R","BOSS","M","M","?","?","$","R","E","?","T","E","?","M"],"items_purchased_type":["Card","Relic"],"build_version":"2020-12-22","purchased_purges":2,"victory":false,"max_hp_per_floor":[75,75,80,80,80,80,80,80,80,80,80,80,80,80,80,80,80,80,80,80,80,80,80,87,87,87,87,87,87,87],"card_choices":[{"not_picked":["Hologram","Go for the Eyes"],"picked":"Compile Driver","floor":1},{"not_picked":["Barrage","Genetic Algorithm"],"picked":"Defragment","floor":5},{"not_picked":["Aggregate","Barrage"],"picked":"Steam","floor":7},{"not_picked":["Cold Snap","Turbo"],"picked":"Ball Lightning","floor":11},{"not_picked":["Redo","Chaos"],"picked":"Conserve Battery","floor":12},{"not_picked":["Stack","Go for the Eyes","Blizzard"],"picked":"SKIP","floor":13},{"not_picked":["Amplify","Buffer"],"picked":"Core Surge","floor":16},{"not_picked":["Leap","Turbo"],"picked":"Fusion+1","floor":18},{"not_picked":["Hello World","Steam","Scrape"],"picked":"SKIP","floor":19},{"not_picked":["Chill+1","Sweeping Beam"],"picked":"White Noise+1","floor":24},{"not_picked":["Barrage+1","Double Energy+1"],"picked":"Electrodynamics","floor":27}],"player_experience":894929,"relics_obtained":[{"floor":4,"key":"Blood Vial"},{"floor":7,"key":"Bag of Preparation"},{"floor":9,"key":"Oddly Smooth Stone"},{"floor":12,"key":"MealTicket"},{"floor":24,"key":"PreservedInsect"},{"floor":24,"key":"Strawberry"},{"floor":26,"key":"Molten Egg 2"},{"floor":27,"key":"Dream Catcher"},{"floor":27,"key":"Lantern"}],"event_choices":[{"damage_healed":0,"gold_gain":0,"player_choice":"Donut","damage_taken":0,"max_hp_gain":5,"max_hp_loss":0,"event_name":"Big Fish","floor":3,"gold_loss":0},{"cards_removed":["Strike_B"],"damage_healed":0,"gold_gain":0,"player_choice":"Offered Basic","damage_taken":0,"max_hp_gain":0,"max_hp_loss":0,"event_name":"Bonfire Elementals","floor":14,"gold_loss":0},{"damage_healed":0,"gold_gain":0,"player_choice":"Opened","damage_taken":0,"relics_obtained":["Omamori"],"max_hp_gain":0,"max_hp_loss":0,"event_name":"The Mausoleum","floor":20,"gold_loss":0,"cards_obtained":["Writhe"]},{"damage_healed":0,"gold_gain":0,"player_choice":"Smashed Altar","damage_taken":0,"max_hp_gain":0,"max_hp_loss":0,"event_name":"Forgotten Altar","floor":21,"gold_loss":0,"cards_obtained":["Decay"]},{"damage_healed":0,"gold_gain":0,"player_choice":"Paid Gold","damage_taken":0,"relics_obtained":["MawBank"],"max_hp_gain":0,"max_hp_loss":0,"event_name":"WeMeetAgain","floor":25,"gold_loss":60},{"cards_removed":["Defend_B"],"damage_healed":0,"gold_gain":0,"player_choice":"Card Removal","damage_taken":0,"max_hp_gain":0,"max_hp_loss":0,"event_name":"Wheel of Change","floor":28,"gold_loss":0}],"is_beta":false,"boss_relics":[{"not_picked":["SlaversCollar","Runic Dome"],"picked":"Black Star"}],"items_purged_floors":[2,22],"is_endless":false,"potions_floor_spawned":[1,11,12,13,18,19],"killed_by":"Snake Plant","ascension_level":10}}