{"host":"1eo5f82aifdzd7pr","time":1609884879,"event":{"mods":["AchievementEnabler","BaseMod","Colored Map","Colored Powertips","DeckTracker","Marisa????????","Minty Spire (QoL Compilation)","StSLib","SuperFastMode"],"gold_per_floor":[109,109,136,150,150,150,189,189,243,243,286,302,302,320,320,431,431,441,259,278,228,238,238,71,71,71,113,124,160,178,196,196,306,306,306],"floor_reached":34,"playtime":1698,"items_purged":["Strike_R","Defend_R","Defend_R"],"score":427,"play_id":"f82c3ebf-cda4-46c5-86f0-1e381281ae8f","local_time":"20210106001439","is_ascension_mode":false,"campfire_choices":[{"data":"Flame Barrier","floor":6.0,"key":"SMITH"},{"floor":10.0,"key":"REST"},{"data":"Disarm","floor":15.0,"key":"SMITH"},{"data":"Reaper","floor":23.0,"key":"SMITH"},{"data":"Metallicize","floor":25.0,"key":"SMITH"},{"data":"Secret Weapon","floor":32.0,"key":"SMITH"}],"circlet_count":0,"master_deck":["Strike_R","Strike_R+1","Strike_R+1","Defend_R","Defend_R","Bash","Secret Weapon+1","Flame Barrier+1","Disarm+1","Inflame+1","Reaper+1","Metallicize+1","Shrug It Off","Flame Barrier+1","Feed"],"relics":["Burning Blood","CeramicFish","Bottled Lightning","Anchor","Toy Ornithopter","SlaversCollar","Membership Card","TheAbacus","Dead Branch","Frozen Egg 2","Regal Pillow","Snecko Eye"],"acts_visited":["Exordium","TheCity","TheBeyond"],"potions_floor_usage":[],"damage_taken":[{"damage":3.0,"enemies":"Small Slimes","floor":1.0,"turns":4.0},{"damage":7.0,"enemies":"2 Louse","floor":3.0,"turns":4.0},{"damage":1.0,"enemies":"Cultist","floor":4.0,"turns":3.0},{"damage":24.0,"enemies":"3 Sentries","floor":7.0,"turns":13.0},{"damage":0.0,"enemies":"Gremlin Nob","floor":11.0,"turns":3.0},{"damage":11.0,"enemies":"Exordium Thugs","floor":12.0,"turns":8.0},{"damage":0.0,"enemies":"2 Fungi Beasts","floor":14.0,"turns":3.0},{"damage":8.0,"enemies":"The Guardian","floor":16.0,"turns":11.0},{"damage":33.0,"enemies":"2 Thieves","floor":18.0,"turns":4.0},{"damage":45.0,"enemies":"Spheric Guardian","floor":20.0,"turns":6.0},{"damage":0.0,"enemies":"Snake Plant","floor":22.0,"turns":6.0},{"damage":32.0,"enemies":"Slavers","floor":27.0,"turns":6.0},{"damage":20.0,"enemies":"Sentry and Sphere","floor":28.0,"turns":12.0},{"damage":35.0,"enemies":"Gremlin Leader","floor":29.0,"turns":9.0},{"damage":0.0,"enemies":"Snecko","floor":30.0,"turns":7.0},{"damage":12.0,"enemies":"Cultist and Chosen","floor":31.0,"turns":7.0},{"damage":39.0,"enemies":"Champ","floor":33.0,"turns":14.0}],"seed_played":"9204864848141211166","potions_obtained":[{"floor":3.0,"key":"Energy Potion"},{"floor":7.0,"key":"DistilledChaos"},{"floor":12.0,"key":"SkillPotion"},{"floor":14.0,"key":"AttackPotion"},{"floor":18.0,"key":"SteroidPotion"},{"floor":20.0,"key":"Swift Potion"},{"floor":30.0,"key":"Regen Potion"},{"floor":31.0,"key":"SpeedPotion"},{"floor":33.0,"key":"Swift Potion"}],"is_trial":false,"path_per_floor":["M","?","M","M","?","R","E","?","T","R","E","M","?","M","R","B",null,"M","$","M","$","M","R","$","R","T","E","M","E","M","M","R","B",null],"character_chosen":"IRONCLAD","items_purchased":["Membership Card","TheAbacus","Metallicize"],"campfire_rested":1,"item_purchase_floors":[19,24,24],"current_hp_per_floor":[59,41,40,45,38,38,20,4,4,28,34,29,29,40,40,38,80,72,72,40,40,51,51,51,51,51,59,53,39,50,60,60,44,80,80],"gold":306,"neow_bonus":"RANDOM_COLORLESS_2","is_daily":false,"chose_seed":false,"campfire_upgraded":5,"win_rate":0.0,"timestamp":1609884879,"path_taken":["M","?","M","M","?","R","E","?","T","R","E","M","?","M","R","BOSS","M","?","M","?","M","R","$","R","T","E","M","E","M","M","R","BOSS"],"items_purchased_type":["Relic","Relic","Card"],"build_version":"2020-12-22","purchased_purges":3,"victory":false,"max_hp_per_floor":[80,80,80,80,80,80,80,80,80,80,80,80,80,80,80,80,80,80,80,80,80,80,80,80,80,80,80,80,80,80,80,80,80,80,80],"card_choices":[{"not_picked":["Mayhem","Chrysalis"],"picked":"Secret Weapon","floor":0.0},{"not_picked":["Heavy Blade","Infernal Blade","Entrench"],"picked":"SKIP","floor":1.0},{"not_picked":["Power Through","Headbutt"],"picked":"Flame Barrier","floor":3.0},{"not_picked":["Headbutt","Warcry","Iron Wave"],"picked":"SKIP","floor":4.0},{"not_picked":["Wild Strike","Carnage"],"picked":"Disarm","floor":7.0},{"not_picked":["Headbutt","Dropkick"],"picked":"Inflame","floor":11.0},{"not_picked":["Searing Blow","Wild Strike","Heavy Blade"],"picked":"SKIP","floor":12.0},{"not_picked":["Warcry","Sword Boomerang","Wild Strike"],"picked":"SKIP","floor":14.0},{"not_picked":["Impervious","Brutality"],"picked":"Reaper","floor":16.0},{"not_picked":["Whirlwind","Heavy Blade","Perfected Strike+1"],"picked":"SKIP","floor":18.0},{"not_picked":["Evolve","Flex","Clothesline"],"picked":"SKIP","floor":20.0},{"not_picked":["Combust","Wild Strike","True Grit"],"picked":"SKIP","floor":22.0},{"not_picked":["Cleave+1","Thunderclap"],"picked":"Shrug It Off","floor":27.0},{"not_picked":["Rupture+1","Clothesline+1","Perfected Strike"],"picked":"SKIP","floor":28.0},{"not_picked":["Barricade+1","True Grit"],"picked":"Flame Barrier+1","floor":29.0},{"not_picked":["Dual Wield","Sword Boomerang+1","Body Slam"],"picked":"SKIP","floor":30.0},{"not_picked":["Heavy Blade+1","Perfected Strike","Uppercut"],"picked":"SKIP","floor":31.0},{"not_picked":["Offering","Berserk+1"],"picked":"Feed","floor":33.0}],"player_experience":796797,"relics_obtained":[{"floor":7.0,"key":"Bottled Lightning"},{"floor":9.0,"key":"Anchor"},{"floor":11.0,"key":"Toy Ornithopter"},{"floor":26.0,"key":"Dead Branch"},{"floor":27.0,"key":"Frozen Egg 2"},{"floor":29.0,"key":"Regal Pillow"}],"event_choices":[{"damage_healed":0.0,"max_hp_gain":0.0,"max_hp_loss":0.0,"gold_gain":0.0,"event_name":"Scrap Ooze","player_choice":"Success","floor":2.0,"gold_loss":0.0,"damage_taken":18.0,"relics_obtained":["CeramicFish"]},{"cards_removed":["Strike_R"],"damage_healed":0.0,"max_hp_gain":0.0,"max_hp_loss":0.0,"gold_gain":0.0,"event_name":"Golden Wing","player_choice":"Card Removal","floor":5.0,"gold_loss":0.0,"damage_taken":7.0},{"damage_healed":0.0,"max_hp_gain":0.0,"max_hp_loss":0.0,"gold_gain":0.0,"event_name":"Shining Light","player_choice":"Entered Light","floor":8.0,"gold_loss":0.0,"damage_taken":16.0,"cards_upgraded":["Strike_R","Strike_R"]},{"damage_healed":0.0,"max_hp_gain":0.0,"max_hp_loss":0.0,"gold_gain":0.0,"event_name":"Upgrade Shrine","player_choice":"Upgraded","floor":13.0,"gold_loss":0.0,"damage_taken":0.0,"cards_upgraded":["Inflame"]}],"is_beta":false,"boss_relics":[{"not_picked":["Fusion Hammer","Busted Crown"],"picked":"SlaversCollar"},{"not_picked":["Black Blood","Sozu"],"picked":"Snecko Eye"}],"items_purged_floors":[19,21,24],"is_endless":false,"potions_floor_spawned":[3,7,12,14,18,20,30,31,33],"ascension_level":0}}