{"host":"0t11pkp2julks910","time":1609887026,"event":{"mods":["Astrologer","Bard","BaseMod","BetterRewards","Colored Map","Curses Come First","Downfall","Friendly Minions","GungeonMod","Hermit","Hubris","Infinite Spire","Minty Spire (QoL Compilation)","Replay The Spire","Robot Space Explorer","Shop Mod","Somnambulant","StSLib","The Blackbeard","The Bug Knight","The Construct","The Cursed","The Disciple","The Forsaken","The Hierophant","The Jungle","The Marked","The Mystic","The Necromancer","The Poker Player","The Problem Sleuth","The Runesmith","[IsaacMod]????"],"gold_per_floor":[212,286,286,351,367,402,472,487,487],"floor_reached":8,"playtime":335,"items_purged":[],"score":59,"play_id":"0461d179-891d-4af5-93c5-f65a1aa7b11b","local_time":"20210105145026","is_ascension_mode":true,"campfire_choices":[],"circlet_count":0,"master_deck":["DemoMod:Strike_Huntress","DemoMod:Strike_Huntress","DemoMod:Strike_Huntress","DemoMod:Defend_Huntress","DemoMod:Defend_Huntress","DemoMod:Defend_Huntress","DemoMod:Defend_Huntress","DemoMod:Roll","DemoMod:ManualReload","DemoMod:RustySidearm","DemoMod:CrossBow","BettingIsNotGood","DemoMod:Unity+1","DemoMod:SAA","DemoMod:Camera","DemoMod:BlackHoleGun"],"relics":["DemoMod:Dog","HushsDoor","GuppysTail","Art of War","Void"],"acts_visited":["Exordium"],"potions_floor_usage":[6,8],"damage_taken":[{"damage":12,"enemies":"Cultist","floor":1,"turns":5},{"damage":4,"enemies":"Jaw Worm","floor":4,"turns":2},{"damage":3,"enemies":"Small Slimes","floor":5,"turns":3},{"damage":22,"enemies":"Gremlin Nob","floor":6,"turns":4},{"damage":46,"enemies":"Lagavulin","floor":8,"turns":7}],"seed_played":"8177472815547190409","potions_obtained":[{"floor":4,"key":"FearPotion"},{"floor":5,"key":"FearPotion"}],"is_trial":false,"path_per_floor":["M","T","?","M","M","E","T","E"],"character_chosen":"HUNTRESS","items_purchased":[],"campfire_rested":0,"item_purchase_floors":[],"current_hp_per_floor":[58,58,58,54,51,34,34,0,0],"gold":487,"neow_bonus":"HUNDRED_GOLD","is_daily":false,"chose_seed":false,"campfire_upgraded":0,"win_rate":0.0,"timestamp":1609887026,"path_taken":["M","?","?","M","?","E","?","E"],"items_purchased_type":[],"build_version":"2020-12-22","purchased_purges":0,"victory":false,"max_hp_per_floor":[70,70,70,70,70,70,70,70,70],"card_choices":[{"not_picked":[],"picked":"BettingIsNotGood","floor":0},{"not_picked":["DemoMod:ConditionalReflex","DemoMod:SAA"],"picked":"DemoMod:Unity","floor":1},{"not_picked":["DemoMod:PotionOfGunFriendShip","DemoMod:FastSwitch"],"picked":"DemoMod:SAA","floor":4},{"not_picked":["DemoMod:SniperShot","DemoMod:CombinedRifle"],"picked":"DemoMod:Camera","floor":5},{"not_picked":["DemoMod:Unmoved","DemoMod:AC15"],"picked":"DemoMod:BlackHoleGun","floor":6}],"player_experience":313909,"relics_obtained":[{"floor":6,"key":"Art of War"},{"floor":7,"key":"Void"}],"event_choices":[],"is_beta":false,"boss_relics":[],"items_purged_floors":[],"is_endless":false,"potions_floor_spawned":[4,5],"killed_by":"Lagavulin","ascension_level":1}}