{"host":"2nhpogk5xa0u9xre","time":1609875486,"event":{"mods":["Aspiration","BaseMod","Colored Powertips","Googly Eyes","Hubris","Infinite Spire","Minty Spire (QoL Compilation)","Rare Cards Sparkle","Replay The Spire","StSLib","The Construct","The Hayseed","The Hierophant","The Runesmith","The Senshi","everything is the same but u backflip on backflip"],"gold_per_floor":[109,21,21,21,39,39,39,39,39,51,51,85,104,104,104,104,104],"floor_reached":16,"playtime":569,"items_purged":["hubris:Sloth"],"score":98,"play_id":"0dcd3dbe-4a08-4c6f-b379-84fdc67b9812","local_time":"20210105143806","is_ascension_mode":false,"campfire_choices":[{"data":"Discovery","floor":6,"key":"SMITH"},{"data":"theSenshi:MoonCrystalPowerMakeUp","floor":8,"key":"SMITH"},{"floor":15,"key":"REST"}],"circlet_count":0,"master_deck":["theSenshi:SailorKick","theSenshi:SailorKick","theSenshi:SailorKick","theSenshi:SailorKick","theSenshi:SailorBlock","theSenshi:SailorBlock","theSenshi:SailorBlock","theSenshi:SailorBlock","theSenshi:RoseThrow+1","theSenshi:MoonPrismPowerMakeUp+1","theSenshi:SailorMercuryAssists","Discovery+1","theSenshi:MoonCrystalPowerMakeUp+1","theSenshi:TallSilhouette","theSenshi:SteeledNerves","theSenshi:SaturnsMystery","theSenshi:Sidestep"],"relics":["theSenshi:TransformationBroochRelic","aspiration:HiddenCompartment","ReplayTheSpireMod:CursedCoin","infinitespire:BottledMercury","infinitespire:Lucky Rock"],"acts_visited":["Exordium"],"potions_floor_usage":[12,16,16],"damage_taken":[{"damage":0,"enemies":"Small Slimes","floor":1,"turns":3},{"damage":11,"enemies":"Jaw Worm","floor":5,"turns":3},{"damage":5,"enemies":"infinitespire:Voidling","floor":10,"turns":6},{"damage":37,"enemies":"Gremlin Nob","floor":12,"turns":6},{"damage":0,"enemies":"Looter","floor":13,"turns":2},{"damage":84,"enemies":"Fading Forest","floor":16,"turns":7}],"seed_played":"5734360942435352882","potions_obtained":[{"floor":5,"key":"Cursed Concoction"},{"floor":10,"key":"CultistPotion"},{"floor":13,"key":"LiquidMemories"}],"is_trial":false,"path_per_floor":["M","$","?","?","M","R","?","R","T","M","$","E","M","?","R","B"],"character_chosen":"THE_SENSHI","items_purchased":["ReplayTheSpireMod:CursedCoin","Discovery","theSenshi:MoonCrystalPowerMakeUp"],"campfire_rested":1,"item_purchase_floors":[2,2,2],"current_hp_per_floor":[75,75,75,75,64,64,64,64,64,63,63,26,26,26,48,0,0],"gold":104,"neow_bonus":"RANDOM_COMMON_RELIC","is_daily":false,"chose_seed":false,"campfire_upgraded":2,"win_rate":0.0,"timestamp":1609875486,"path_taken":["M","$","?","?","M","R","?","R","T","?","$","E","M","?","R","BOSS"],"items_purchased_type":["Relic","Card","Card"],"build_version":"2020-12-22","purchased_purges":1,"victory":false,"max_hp_per_floor":[75,75,75,75,75,75,75,75,75,75,75,75,75,75,75,75,75],"card_choices":[{"not_picked":["theSenshi:YouCanTalk","theSenshi:TuxedoSmokingBomber"],"picked":"theSenshi:SailorMercuryAssists","floor":1},{"not_picked":["theSenshi:MoonsReflection","theSenshi:SailorChibiMoonAssists"],"picked":"theSenshi:TallSilhouette","floor":5},{"not_picked":["theSenshi:LunasBite","theSenshi:SailorStarFighterAssists"],"picked":"theSenshi:SteeledNerves","floor":10},{"not_picked":["theSenshi:LateForSchool","theSenshi:SailorVenusAssists"],"picked":"theSenshi:SaturnsMystery","floor":12},{"not_picked":["theSenshi:SailorPlanetAttack","theSenshi:SailorStarMakerAssists"],"picked":"theSenshi:Sidestep","floor":13}],"player_experience":207772,"relics_obtained":[{"floor":9,"key":"infinitespire:BottledMercury"},{"floor":12,"key":"infinitespire:Lucky Rock"}],"event_choices":[{"damage_healed":0,"gold_gain":0,"player_choice":"Upgraded","damage_taken":0,"max_hp_gain":0,"max_hp_loss":0,"event_name":"Upgrade Shrine","floor":7,"gold_loss":0,"cards_upgraded":["theSenshi:MoonPrismPowerMakeUp"]},{"damage_healed":0,"gold_gain":0,"player_choice":"Grow","damage_taken":0,"max_hp_gain":0,"max_hp_loss":0,"event_name":"Living Wall","floor":14,"gold_loss":0,"cards_upgraded":["theSenshi:RoseThrow"]}],"is_beta":false,"boss_relics":[],"items_purged_floors":[2],"is_endless":false,"potions_floor_spawned":[5,10,13],"killed_by":"Fading Forest","ascension_level":0}}