{"host":"dpbezu80jg8zk7un","time":1609838774,"event":{"mods":["BaseMod","Colored Map","Colored Powertips","Custom Start","DeckTracker","Minty Spire (QoL Compilation)","Quick Restart","StSLib","SuperFastMode"],"gold_per_floor":[12,12,12,35,56,99,99,99,99],"floor_reached":8,"playtime":177,"items_purged":[],"score":112,"play_id":"70ff2a35-d191-4cb1-bec1-42fd143c5414","local_time":"20210105182614","is_ascension_mode":true,"campfire_choices":[{"data":"Eruption","floor":7,"key":"SMITH"}],"circlet_count":0,"master_deck":["AscendersBane","Strike_P","Strike_P","Strike_P","Strike_P","Defend_P","Defend_P","Defend_P","Defend_P","Eruption+1","Vigilance","Meditate","InnerPeace","MentalFortress","FlurryOfBlows"],"relics":["PureWater","Turnip","Golden Idol","Shuriken"],"acts_visited":["Exordium"],"potions_floor_usage":[6,6],"damage_taken":[{"damage":0.0,"enemies":"Small Slimes","floor":1.0,"turns":3.0},{"damage":0.0,"enemies":"Cultist","floor":4.0,"turns":2.0},{"damage":2.0,"enemies":"2 Louse","floor":5.0,"turns":4.0},{"damage":57,"enemies":"Gremlin Nob","floor":6,"turns":5},{"damage":15,"enemies":"3 Sentries","floor":8,"turns":2}],"seed_played":"-7890552392972742846","potions_obtained":[{"floor":3.0,"key":"Regen Potion"},{"floor":3.0,"key":"SneckoOil"},{"floor":4.0,"key":"Energy Potion"},{"floor":6,"key":"LiquidBronze"}],"is_trial":false,"path_per_floor":["M","?","?","M","M","E","R","E"],"character_chosen":"WATCHER","items_purchased":[],"campfire_rested":0,"item_purchase_floors":[],"current_hp_per_floor":[61,61,61,61,59,10,10,0,0],"gold":99,"neow_bonus":"ONE_RARE_RELIC","is_daily":false,"chose_seed":false,"campfire_upgraded":1,"win_rate":0.0,"timestamp":1609838774,"path_taken":["M","?","?","M","?","E","R","E"],"items_purchased_type":[],"build_version":"2020-12-22","purchased_purges":0,"victory":false,"max_hp_per_floor":[68,62,62,62,62,62,62,62,62],"card_choices":[{"not_picked":["Evaluate","Swivel"],"picked":"Meditate","floor":1.0},{"not_picked":["Prostrate","DeceiveReality"],"picked":"InnerPeace","floor":4.0},{"not_picked":["Halt","BattleHymn"],"picked":"MentalFortress","floor":5.0},{"not_picked":["ClearTheMind","SashWhip"],"picked":"FlurryOfBlows","floor":6}],"player_experience":2837582,"relics_obtained":[{"floor":6,"key":"Shuriken"}],"event_choices":[{"damage_healed":0.0,"max_hp_gain":0.0,"max_hp_loss":6.0,"gold_gain":0.0,"event_name":"Golden Idol","player_choice":"Lose Max HP","floor":2.0,"gold_loss":0.0,"damage_taken":0.0,"relics_obtained":["Golden Idol"]},{"damage_healed":0.0,"max_hp_gain":0.0,"max_hp_loss":0.0,"gold_gain":0.0,"event_name":"Lab","player_choice":"Got Potions","floor":3.0,"gold_loss":0.0,"damage_taken":0.0}],"is_beta":false,"boss_relics":[],"items_purged_floors":[],"is_endless":false,"potions_floor_spawned":[4,6],"killed_by":"3 Sentries","ascension_level":20}}