{"host":"dpbezu80jg8zk7un","time":1609839219,"event":{"mods":["BaseMod","Colored Map","Colored Powertips","Custom Start","DeckTracker","Minty Spire (QoL Compilation)","Quick Restart","StSLib","SuperFastMode"],"gold_per_floor":[111,111,36,50,63,63,94,94,94,107,140,159,159,173,173,247,247,259,159,177,177,52,52,52,52],"floor_reached":24,"playtime":413,"items_purged":["Pain","Defend_P","Strike_P"],"score":462,"play_id":"60fec3d6-e7b5-41e0-839f-af390a0d1197","local_time":"20210105183339","is_ascension_mode":true,"campfire_choices":[{"data":"Eruption","floor":6.0,"key":"SMITH"},{"data":"Tantrum","floor":8.0,"key":"SMITH"},{"data":"FollowUp","floor":13,"key":"SMITH"},{"floor":15,"key":"RECALL"},{"floor":23,"key":"REST"}],"circlet_count":0,"master_deck":["AscendersBane","Strike_P","Strike_P","Strike_P","Defend_P","Defend_P","Defend_P","Eruption+1","Vigilance","Tantrum+1","FollowUp+1","DeusExMachina","FlurryOfBlows"],"relics":["PureWater","NeowsBlessing","WarpedTongs","Mummified Hand","Matryoshka","Bag of Preparation","Philosopher\u0027s Stone"],"acts_visited":["Exordium","TheCity"],"potions_floor_usage":[10,16,18,20],"damage_taken":[{"damage":0.0,"enemies":"Small Slimes","floor":1.0,"turns":1.0},{"damage":0.0,"enemies":"Cultist","floor":4.0,"turns":1.0},{"damage":0.0,"enemies":"Jaw Worm","floor":5.0,"turns":1.0},{"damage":0.0,"enemies":"Gremlin Nob","floor":7.0,"turns":2.0},{"damage":3,"enemies":"Exordium Thugs","floor":10,"turns":5},{"damage":4,"enemies":"Lagavulin","floor":11,"turns":5},{"damage":0,"enemies":"3 Louse","floor":12,"turns":2},{"damage":0,"enemies":"Exordium Wildlife","floor":14,"turns":3},{"damage":25,"enemies":"Hexaghost","floor":16,"turns":5},{"damage":26,"enemies":"Shell Parasite","floor":18,"turns":3},{"damage":15,"enemies":"3 Byrds","floor":20,"turns":3},{"damage":48,"enemies":"Shelled Parasite and Fungi","floor":24,"turns":3}],"seed_played":"7447384348260182730","potions_obtained":[{"floor":1.0,"key":"EssenceOfSteel"},{"floor":10,"key":"LiquidBronze"},{"floor":11,"key":"FearPotion"},{"floor":16,"key":"DistilledChaos"},{"floor":18,"key":"SmokeBomb"}],"is_trial":false,"path_per_floor":["M","?","$","M","M","R","E","R","T","M","E","M","R","M","R","B",null,"M","$","M","?","$","R","M"],"character_chosen":"WATCHER","items_purchased":[],"campfire_rested":1,"item_purchase_floors":[],"current_hp_per_floor":[61,61,61,61,61,61,61,61,61,58,54,54,54,54,54,29,58,32,32,17,17,17,37,0,0],"gold":52,"neow_bonus":"THREE_ENEMY_KILL","is_daily":false,"chose_seed":false,"campfire_upgraded":3,"win_rate":0.0,"timestamp":1609839219,"path_taken":["M","?","$","?","M","R","E","R","T","M","E","M","R","M","R","BOSS","M","$","M","?","?","R","?"],"items_purchased_type":[],"build_version":"2020-12-22","purchased_purges":3,"victory":false,"max_hp_per_floor":[68,68,68,68,68,68,68,68,68,68,68,68,68,68,68,68,68,68,68,68,68,68,68,68,68],"card_choices":[{"not_picked":["TalkToTheHand","Protect"],"picked":"Tantrum","floor":1.0},{"not_picked":["Indignation","BowlingBash","Sanctity"],"picked":"SKIP","floor":4.0},{"not_picked":["FlyingSleeves","PathToVictory"],"picked":"FollowUp","floor":5.0},{"not_picked":["FollowUp","ClearTheMind","Consecrate"],"picked":"SKIP","floor":7.0},{"not_picked":["SashWhip","Evaluate","Protect"],"picked":"SKIP","floor":10},{"not_picked":["Crescendo","CutThroughFate","Prostrate"],"picked":"SKIP","floor":11},{"not_picked":["Pray","SpiritShield","Vengeance"],"picked":"SKIP","floor":12},{"not_picked":["BowlingBash","FlyingSleeves","Vengeance"],"picked":"SKIP","floor":14},{"not_picked":["Establishment","ConjureBlade"],"picked":"DeusExMachina","floor":16},{"not_picked":["Nirvana","Wireheading"],"picked":"FlurryOfBlows","floor":18},{"not_picked":["FlurryOfBlows","CrushJoints","FlyingSleeves"],"picked":"SKIP","floor":20}],"player_experience":2837582,"relics_obtained":[{"floor":7.0,"key":"Mummified Hand"},{"floor":9.0,"key":"Matryoshka"},{"floor":11,"key":"Bag of Preparation"}],"event_choices":[{"damage_healed":0.0,"max_hp_gain":0.0,"max_hp_loss":0.0,"gold_gain":0.0,"event_name":"Accursed Blacksmith","player_choice":"Rummage","floor":2.0,"gold_loss":0.0,"damage_taken":0.0,"relics_obtained":["WarpedTongs"],"cards_obtained":["Pain"]},{"damage_healed":0,"gold_gain":0,"player_choice":"Ignored","damage_taken":0,"max_hp_gain":0,"max_hp_loss":0,"event_name":"N\u0027loth","floor":21,"gold_loss":0}],"is_beta":false,"boss_relics":[{"not_picked":["SacredBark","Ectoplasm"],"picked":"Philosopher\u0027s Stone"}],"items_purged_floors":[3,19,22],"is_endless":false,"potions_floor_spawned":[1,10,11,12,16,18],"killed_by":"Shelled Parasite and Fungi","ascension_level":20}}