{"host":"0nfdmr2b19ur4mbc","time":1609874739,"event":{"mods":["2.2 Compatiblity","AchievementEnabler","Aspiration","BaseMod","Better Match","Better Note","Better Third Choice","Better Vampires","Disable Question Mark Monsters","Hubris","Infinite Spire","Minty Spire (QoL Compilation)","Quick Restart","Rare Cards Sparkle","Replay The Spire","StSLib"],"gold_per_floor":[111,111,111,111,386,386,386,421,421,421,439,140,140,157,157,252,252,271,271,271,285,285,285,325,325,325,350,365,317,344,358,358,465,465,487,503,355,355],"floor_reached":37,"playtime":1032,"items_purged":["Regret"],"score":437,"play_id":"5aefe7df-cb7c-416b-927d-5eead253bfdc","local_time":"20210105202539","is_ascension_mode":false,"campfire_choices":[{"data":"Perfected Strike","floor":6.0,"key":"SMITH"},{"data":"Armaments","floor":10.0,"key":"SMITH"},{"data":"Metallicize","floor":15.0,"key":"SMITH"},{"data":"Immolate","floor":23.0,"key":"SMITH"},{"data":"Sentinel","floor":25.0,"key":"SMITH"},{"floor":32.0,"key":"REST"}],"circlet_count":0,"master_deck":["Strike_R","Strike_R+1","Strike_R","Strike_R+1","Strike_R","Defend_R+1","Defend_R+1","Defend_R+1","Defend_R+1","Bash","Armaments+1","Perfected Strike+1","Thunderclap","Metallicize+1","Sentinel+1","Immolate+1","Pommel Strike+1","Life Link+1","Ghostly Armor+1","Intimidate","Exhume+1","Impervious+1","Double Tap+1","Cleave+1","Offering","Thunderclap+1"],"relics":["Burning Blood","NeowsBlessing","hubris:MysteriousPyramids","Replay:Bottled Eggs","Akabeko","Black Star","infinitespire:PuzzleCube","Mercury Hourglass","CeramicFish","Mummified Hand","hubris:ScarierMask","hubris:EmptyBottle"],"acts_visited":["Exordium","TheCity","TheBeyond"],"potions_floor_usage":[33,33,33,33],"damage_taken":[{"damage":0.0,"enemies":"Cultist","floor":1.0,"turns":1.0},{"damage":2.0,"enemies":"3 Sentries","floor":8.0,"turns":2.0},{"damage":0.0,"enemies":"2 Louse","floor":11.0,"turns":1.0},{"damage":0.0,"enemies":"Jaw Worm","floor":14.0,"turns":1.0},{"damage":31.0,"enemies":"Slime Boss","floor":16.0,"turns":6.0},{"damage":6.0,"enemies":"Chosen","floor":18.0,"turns":4.0},{"damage":7.0,"enemies":"Spheric Guardian","floor":21.0,"turns":4.0},{"damage":18.0,"enemies":"Replay:Snechameleon","floor":24.0,"turns":6.0},{"damage":21.0,"enemies":"Snake Plant","floor":27.0,"turns":3.0},{"damage":20.0,"enemies":"Centurion and Healer","floor":28.0,"turns":5.0},{"damage":0.0,"enemies":"Chosen and Byrds","floor":30.0,"turns":3.0},{"damage":13.0,"enemies":"Snake Plant","floor":31.0,"turns":4.0},{"damage":56,"enemies":"Automaton","floor":33,"turns":11},{"damage":17,"enemies":"3 Darklings","floor":35,"turns":4},{"damage":21,"enemies":"3 Shapes","floor":36,"turns":4}],"seed_played":"-8355938557289088286","potions_obtained":[{"floor":1.0,"key":"Elixir"},{"floor":8.0,"key":"SpeedPotion"},{"floor":14.0,"key":"AttackPotion"},{"floor":19.0,"key":"LifebloodPotion"},{"floor":19.0,"key":"PowerPotion"},{"floor":21.0,"key":"Venom Potion"},{"floor":27.0,"key":"Doom Potion"},{"floor":30.0,"key":"LiquidBronze"},{"floor":33,"key":"Cursed Concoction"}],"is_trial":false,"path_per_floor":["M","$","?","?","?","R","$","E","T","R","M","$","?","M","R","B",null,"M","?","$","M","?","R","E","R","T","M","M","?","M","M","R","B",null,"M","M","$"],"character_chosen":"IRONCLAD","items_purchased":["Metallicize","Akabeko","hubris:EmptyBottle"],"campfire_rested":1,"item_purchase_floors":[12,12,37],"current_hp_per_floor":[80,80,80,64,64,64,64,68,68,68,74,74,79,85,85,60,85,85,85,85,84,84,84,72,72,72,57,43,43,49,42,67,17,85,74,59,59,59],"gold":355,"neow_bonus":"THREE_ENEMY_KILL","is_daily":false,"chose_seed":false,"campfire_upgraded":5,"win_rate":0.0,"timestamp":1609874739,"path_taken":["M","$","?","?","?","R","$","E","T","R","M","?","?","M","R","BOSS","M","?","$","M","?","R","E","R","T","M","?","?","M","M","R","BOSS","M","M","$"],"items_purchased_type":["Card","Relic","Relic"],"build_version":"2020-12-22","purchased_purges":1,"victory":false,"max_hp_per_floor":[80,80,80,80,80,80,80,80,80,80,80,80,85,85,85,85,85,85,85,85,85,85,85,85,85,85,85,85,85,85,85,85,85,85,85,85,85,85],"card_choices":[{"not_picked":["Warcry","Rampage"],"picked":"Armaments","floor":1.0},{"not_picked":["Life Link","Havoc","Warcry"],"picked":"SKIP","floor":8.0},{"not_picked":["Pommel Strike","ReplayTheSpireMod:Strike From Hell"],"picked":"Thunderclap","floor":11.0},{"not_picked":["Battle Trance","Shrug It Off"],"picked":"Sentinel","floor":14.0},{"not_picked":["Fiend Fire","Hemogenesis"],"picked":"Immolate","floor":16.0},{"not_picked":["Massacre","Heavy Blade+1"],"picked":"Pommel Strike+1","floor":18.0},{"not_picked":["Shrug It Off","Uppercut"],"picked":"Life Link+1","floor":21.0},{"not_picked":["Replay:Undeath\u0027s Touch","Pommel Strike"],"picked":"Ghostly Armor+1","floor":24.0},{"not_picked":["Iron Wave","Dark Embrace"],"picked":"Intimidate","floor":27.0},{"not_picked":["Shrug It Off","hubris:ReadiedAction","Havoc"],"picked":"SKIP","floor":28.0},{"not_picked":["Brutality+1","Bludgeon+1"],"picked":"Exhume+1","floor":29.0},{"not_picked":["Demon Form+1","Bludgeon+1"],"picked":"Impervious+1","floor":29.0},{"not_picked":["Juggernaut+1","Corruption+1"],"picked":"Double Tap+1","floor":29.0},{"not_picked":["Demonic Infusion","Warcry"],"picked":"Cleave+1","floor":30.0},{"not_picked":["Searing Blow+1","hubris:CleavingFinish+1","Perfected Strike"],"picked":"SKIP","floor":31.0},{"not_picked":["Exhume","Brutality"],"picked":"Offering","floor":33},{"not_picked":["Pommel Strike+1","Combust"],"picked":"Thunderclap+1","floor":35},{"not_picked":["Pummel","Whirlwind","Twin Strike"],"picked":"SKIP","floor":36}],"player_experience":156409,"relics_obtained":[{"floor":8.0,"key":"hubris:MysteriousPyramids"},{"floor":9.0,"key":"Replay:Bottled Eggs"},{"floor":24.0,"key":"Mercury Hourglass"},{"floor":24.0,"key":"CeramicFish"},{"floor":26.0,"key":"Mummified Hand"}],"event_choices":[{"damage_healed":80.0,"max_hp_gain":0.0,"max_hp_loss":80.0,"gold_gain":0.0,"event_name":"betterThird:BetterShining","player_choice":"Upgrade","floor":4.0,"gold_loss":0.0,"damage_taken":16.0,"cards_upgraded":["Strike_R","Strike_R"]},{"damage_healed":0.0,"max_hp_gain":0.0,"max_hp_loss":0.0,"gold_gain":275.0,"event_name":"Golden Shrine","player_choice":"Desecrate","floor":5.0,"gold_loss":0.0,"damage_taken":0.0,"cards_obtained":["Regret"]},{"damage_healed":0.0,"max_hp_gain":5.0,"max_hp_loss":0.0,"gold_gain":0.0,"event_name":"Big Fish","player_choice":"Donut","floor":13.0,"gold_loss":0.0,"damage_taken":0.0},{"damage_healed":0.0,"max_hp_gain":0.0,"max_hp_loss":0.0,"gold_gain":0.0,"event_name":"Lab","player_choice":"Got Potions","floor":19.0,"gold_loss":0.0,"damage_taken":0.0},{"damage_healed":0.0,"max_hp_gain":0.0,"max_hp_loss":0.0,"gold_gain":0.0,"event_name":"WeMeetAgain","player_choice":"Gave Potion","floor":22.0,"gold_loss":0.0,"damage_taken":0.0,"relics_obtained":["infinitespire:PuzzleCube"]},{"damage_healed":0.0,"max_hp_gain":0.0,"max_hp_loss":0.0,"gold_gain":0.0,"event_name":"betterMatch:BetterMatch","player_choice":"3","floor":29.0,"gold_loss":0.0,"damage_taken":0.0,"cards_obtained":["betterMatch:RareCard"]}],"is_beta":false,"boss_relics":[{"not_picked":["ChewingGum","hubris:CrackedHourglass"],"picked":"Black Star"},{"not_picked":["hubris:GrandSneckoEye","Painkiller Herb"],"picked":"hubris:ScarierMask"}],"items_purged_floors":[12],"is_endless":false,"potions_floor_spawned":[1,8,14,21,27,30,33],"ascension_level":0}}