{"host":"jkgg7n5hn1slsm35","time":1609834845,"event":{"mods":["Aspiration","BaseMod","BetterRewards","Conspire","Googly Eyes","Gremlin Skip","Halation","Highlight Path","Hubris","Infinite Spire","Minty Spire (QoL Compilation)","Permanent Neow","StSLib","SuperFastMode","vexMod"],"gold_per_floor":[117,94,94,94,44,44,74,74,74,112,112,137,23,34,34,159,159,191,191,232,272,310,310,310,355,355,355,412,424,424,459,459,585,585,599,599,134,134,206,261,278,311,337,350,350],"floor_reached":44,"playtime":1338,"items_purged":["Flying Knee","Flying Knee","Quick Slash"],"score":583,"play_id":"91e34020-e24c-4cfd-a34d-e2b4f92553a0","local_time":"20210105092045","daily_mods":["SealedDeck","Heirloom","Time Dilation","DeadlyEvents","Elite Swarm"],"is_ascension_mode":false,"campfire_choices":[{"data":"Dagger Spray","floor":6,"key":"SMITH"},{"data":"conspire:SpireCoStock","floor":8,"key":"SMITH"},{"floor":11,"key":"REST"},{"data":"After Image","floor":15,"key":"SMITH"},{"floor":23,"key":"REST"},{"floor":27,"key":"REST"},{"floor":30,"key":"REST"},{"floor":32,"key":"REST"}],"circlet_count":0,"master_deck":["Dagger Spray+1","Deflect","Escape Plan","Poisoned Stab","Bane","Poisoned Stab","Bane","Poisoned Stab","conspire:SpireCoStock+1","After Image+1","Caltrops","Dash","Adrenaline","Dodge and Roll+1","infinitespire:SevenWalls","After Image","After Image","Escape Plan","Poisoned Stab","Discovery","Adrenaline","Poisoned Stab+1"],"relics":["Ring of the Snake","Tingsha","Ice Cream","Question Card","Orichalcum","Pocketwatch","hubris:Reverence","vexMod:RetaliationKit","halation:SwordOfLegend","The Specimen","Shovel","infinitespire:PuzzleCube","conspire:RunicOctahedron","halation:EternalFortune","aspiration:FetidBarrel","halation:TwoAmDonut","halation:AfternoonTea","vexMod:FocusSash"],"acts_visited":["Exordium","TheCity","TheBeyond"],"potions_floor_usage":[25,25,28,28,41],"damage_taken":[{"damage":0,"enemies":"Cultist","floor":1,"turns":2},{"damage":14,"enemies":"Gremlin Nob","floor":7,"turns":3},{"damage":18,"enemies":"Lagavulin","floor":10,"turns":3},{"damage":0,"enemies":"Gremlin Nob","floor":12,"turns":2},{"damage":0,"enemies":"2 Louse","floor":14,"turns":1},{"damage":27,"enemies":"The Guardian","floor":16,"turns":8},{"damage":15,"enemies":"conspire:FuzzyDice","floor":18,"turns":4},{"damage":3,"enemies":"3 Byrds","floor":20,"turns":4},{"damage":35,"enemies":"conspire:MimicChest","floor":21,"turns":6},{"damage":16,"enemies":"Centurion and Healer","floor":22,"turns":6},{"damage":0,"enemies":"conspire:Head Lice","floor":25,"turns":5},{"damage":5,"enemies":"Nightmare","floor":28,"turns":6},{"damage":9,"enemies":"Snake Plant","floor":29,"turns":4},{"damage":19,"enemies":"Slavers","floor":31,"turns":6},{"damage":69,"enemies":"hubris:MusketHawk","floor":33,"turns":11},{"damage":6,"enemies":"Orb Walker","floor":35,"turns":5},{"damage":60,"enemies":"Nemesis","floor":40,"turns":9},{"damage":4,"enemies":"3 Darklings","floor":41,"turns":4},{"damage":0,"enemies":"Sphere and 2 Shapes","floor":42,"turns":4},{"damage":16,"enemies":"Maw","floor":44,"turns":4}],"seed_played":"-5181034194521049186","potions_obtained":[{"floor":1,"key":"Strength Potion"},{"floor":7,"key":"PowerPotion"},{"floor":12,"key":"Fire Potion"},{"floor":20,"key":"CultistPotion"},{"floor":25,"key":"Regen Potion"},{"floor":28,"key":"FearPotion"},{"floor":35,"key":"Dexterity Potion"},{"floor":41,"key":"AttackPotion"}],"is_trial":true,"path_per_floor":["M","$","?","?","?","R","E","R","T","E","R","E","$","M","R","B",null,"M","?","M","?","M","R","AVR","E","T","R","NM","M","R","E","R","B",null,"M","?","$","?","T","E","M","M","T","M"],"character_chosen":"THE_SILENT","items_purchased":["Poisoned Stab","Caltrops","aspiration:FetidBarrel","Poisoned Stab","Discovery"],"campfire_rested":5,"item_purchase_floors":[2,13,37,37,37],"current_hp_per_floor":[70,70,63,63,63,63,49,49,49,31,52,52,52,52,52,25,70,55,55,52,17,1,22,22,22,22,42,52,43,67,48,70,1,70,64,67,67,67,67,7,3,3,3,0,0],"gold":350,"neow_bonus":"","is_daily":false,"chose_seed":false,"campfire_upgraded":3,"win_rate":0.0,"timestamp":1609834845,"path_taken":["M","$","?","?","?","R","?","R","T","E","R","E","$","?","R","BOSS","M","?","M","?","M","R","AVR","E","T","R","NM","?","R","E","R","BOSS","M","?","$","?","?","E","?","M","T","M"],"items_purchased_type":["Card","Card","Relic","Card","Card"],"build_version":"2020-12-22","purchased_purges":3,"victory":false,"max_hp_per_floor":[70,70,70,70,70,70,70,70,70,70,70,70,70,70,70,70,70,70,70,70,70,70,70,70,70,70,70,70,70,70,70,70,70,70,70,73,73,73,73,73,73,73,73,73,73],"card_choices":[{"not_picked":["hubris:TrickCloak","Bouncing Flask"],"picked":"Bane","floor":1},{"not_picked":["Venomology","Wraith Form v2","Phantasmal Killer"],"picked":"SKIP","floor":7},{"not_picked":["Bullet Time","aspiration:Lunge","Phantasmal Killer"],"picked":"After Image","floor":10},{"not_picked":["Bullet Time","Envenom","Tools of the Trade","Corpse Explosion"],"picked":"SKIP","floor":12},{"not_picked":["Underhanded Strike","PiercingWail","Dodge and Roll"],"picked":"Dash","floor":14},{"not_picked":["Wraith Form v2","After Image","Bullet Time"],"picked":"Adrenaline","floor":16},{"not_picked":["Calculated Gamble","Blade Dance","Setup+1","hubris:SlightOfHand+1"],"picked":"SKIP","floor":18},{"not_picked":["Deadly Poison","Prepared","Concentrate","hubris:Counter+1"],"picked":"SKIP","floor":20},{"not_picked":["PiercingWail","hubris:SlightOfHand","Endless Agony"],"picked":"Dodge and Roll+1","floor":22},{"not_picked":["Unload","Die Die Die","Grand Finale"],"picked":"After Image","floor":25},{"not_picked":["Glass Knife","Night Terror","Malaise"],"picked":"After Image","floor":28},{"not_picked":["All Out Attack","Cloak And Dagger","Dodge and Roll"],"picked":"Escape Plan","floor":29},{"not_picked":["Doppelganger","Envenom","A Thousand Cuts","aspiration:Lunge"],"picked":"SKIP","floor":31},{"not_picked":["conspire:PoisonWeapons+1","Slice","Distraction","Sucker Punch"],"picked":"SKIP","floor":35},{"not_picked":["Night Terror","After Image","Corpse Explosion"],"picked":"Adrenaline","floor":40},{"not_picked":["Slice","Dagger Throw+1","Skewer+1"],"picked":"Poisoned Stab+1","floor":41},{"not_picked":["Quick Slash+1","All Out Attack+1","Sucker Punch+1","Blade Dance+1"],"picked":"SKIP","floor":42}],"player_experience":1816776,"relics_obtained":[{"floor":7,"key":"Ice Cream"},{"floor":9,"key":"Question Card"},{"floor":10,"key":"Orichalcum"},{"floor":12,"key":"Pocketwatch"},{"floor":21,"key":"hubris:Reverence"},{"floor":25,"key":"halation:SwordOfLegend"},{"floor":26,"key":"The Specimen"},{"floor":28,"key":"Shovel"},{"floor":31,"key":"infinitespire:PuzzleCube"},{"floor":39,"key":"halation:TwoAmDonut"},{"floor":40,"key":"halation:AfternoonTea"},{"floor":43,"key":"vexMod:FocusSash"}],"event_choices":[{"cards_removed":["Flying Knee"],"damage_healed":0,"gold_gain":0,"player_choice":"Card Removal","damage_taken":7,"max_hp_gain":0,"max_hp_loss":0,"event_name":"Golden Wing","floor":3,"gold_loss":0},{"damage_healed":0,"gold_gain":0,"player_choice":"Fled","damage_taken":0,"max_hp_gain":0,"max_hp_loss":0,"event_name":"Scrap Ooze","floor":4,"gold_loss":0},{"damage_healed":0,"gold_gain":0,"player_choice":"Invest 1","damage_taken":0,"max_hp_gain":0,"max_hp_loss":0,"event_name":"conspire:Investor","floor":5,"gold_loss":0},{"damage_healed":0,"gold_gain":0,"player_choice":"Ignored","damage_taken":0,"max_hp_gain":0,"max_hp_loss":0,"event_name":"The Mausoleum","floor":19,"gold_loss":0}],"is_beta":false,"boss_relics":[{"not_picked":["halation:HeavySnake","vexMod:DeviousBotling","hubris:BlackHole"]},{"not_picked":["Tiny House","halation:Prosthetics"],"picked":"conspire:RunicOctahedron"}],"items_purged_floors":[13,24,37],"is_endless":true,"potions_floor_spawned":[1,7,12,20,21,25,28,35,41],"killed_by":"Maw","ascension_level":0}}