{"host":"x7n7968bn9ekn290","time":1609882427,"event":{"mods":["AchievementEnabler","BaseMod","Colored Map","Googly Eyes","Minty Spire (QoL Compilation)","Relic Stats"],"gold_per_floor":[210,2,2,18,32,71,20,20,20,50,50,69,69,69,69,69,69],"floor_reached":16,"playtime":492,"items_purged":[],"score":98,"play_id":"15771ab9-a5bd-4906-b5ca-c9f57d620b8a","local_time":"20210105133347","is_ascension_mode":false,"campfire_choices":[{"floor":15,"key":"REST"}],"circlet_count":0,"master_deck":["Strike_G","Strike_G","Strike_G","Strike_G","Strike_G","Defend_G","Defend_G","Defend_G","Defend_G","Defend_G","Survivor","Neutralize","Dagger Spray","Bane","Dagger Throw","Poisoned Stab","Deadly Poison","Bane","Outmaneuver"],"relics":["Ring of the Snake","MealTicket","Golden Idol","Ice Cream","Letter Opener"],"acts_visited":["Exordium"],"potions_floor_usage":[5,16],"damage_taken":[{"damage":0,"enemies":"2 Louse","floor":1,"turns":4},{"damage":0,"enemies":"Small Slimes","floor":4,"turns":5},{"damage":0,"enemies":"Jaw Worm","floor":5,"turns":5},{"damage":21,"enemies":"3 Sentries","floor":6,"turns":6},{"damage":21,"enemies":"Gremlin Gang","floor":12,"turns":6},{"damage":54,"enemies":"Hexaghost","floor":16,"turns":12}],"seed_played":"-2019343653342059588","potions_obtained":[{"floor":1,"key":"AttackPotion"},{"floor":12,"key":"GamblersBrew"}],"is_trial":false,"path_per_floor":["M","$","?","M","M","E","$","?","T","?","?","M","?","?","R","B"],"character_chosen":"THE_SILENT","items_purchased":["MealTicket","Bane","Bane"],"campfire_rested":1,"item_purchase_floors":[2,2,7],"current_hp_per_floor":[70,70,70,70,70,49,64,57,57,57,57,36,36,33,54,0,0],"gold":69,"neow_bonus":"HUNDRED_GOLD","is_daily":false,"chose_seed":false,"campfire_upgraded":0,"win_rate":0.0,"timestamp":1609882427,"path_taken":["M","$","?","M","M","E","$","?","T","?","?","M","?","?","R","BOSS"],"items_purchased_type":["Relic","Card","Card"],"build_version":"2020-12-22","purchased_purges":0,"victory":false,"max_hp_per_floor":[70,70,70,70,70,70,70,70,70,70,70,70,70,70,70,70,70],"relic_stats":{"counters":[6,38],"Golden Idol":18,"MealTicket":15,"Letter Opener":[5],"obtain_stats":[{"Ice Cream":6,"Golden Idol":3,"MealTicket":2,"Letter Opener":9,"Ring of the Snake":0},{"Ice Cream":4,"Golden Idol":1,"MealTicket":1,"Letter Opener":4,"Ring of the Snake":0},{"Ice Cream":20,"Golden Idol":4,"MealTicket":4,"Letter Opener":20,"Ring of the Snake":0}],"Ring of the Snake":[12]},"card_choices":[{"not_picked":["Expertise","Distraction"],"picked":"Dagger Spray","floor":1},{"not_picked":["Riddle With Holes","Heel Hook"],"picked":"Dagger Throw","floor":4},{"not_picked":["Dodge and Roll","PiercingWail"],"picked":"Poisoned Stab","floor":5},{"not_picked":["Skewer","Flying Knee"],"picked":"Deadly Poison","floor":6},{"not_picked":["Eviscerate","Acrobatics"],"picked":"Outmaneuver","floor":12}],"player_experience":13184,"relics_obtained":[{"floor":6,"key":"Ice Cream"},{"floor":9,"key":"Letter Opener"}],"event_choices":[{"damage_healed":0,"gold_gain":0,"player_choice":"Take Wound","damage_taken":0,"relics_obtained":["Golden Idol"],"max_hp_gain":0,"max_hp_loss":0,"event_name":"Golden Idol","floor":3,"gold_loss":0,"cards_obtained":["Injury"]},{"cards_removed":["Injury"],"damage_healed":0,"gold_gain":0,"player_choice":"Card Removal","damage_taken":7,"max_hp_gain":0,"max_hp_loss":0,"event_name":"Golden Wing","floor":8,"gold_loss":0},{"damage_healed":0,"gold_gain":30,"player_choice":"Searched \u00271\u0027 times","damage_taken":0,"max_hp_gain":0,"max_hp_loss":0,"event_name":"Dead Adventurer","floor":10,"gold_loss":0},{"damage_healed":0,"gold_gain":0,"player_choice":"Ignored","damage_taken":0,"max_hp_gain":0,"max_hp_loss":0,"event_name":"Shining Light","floor":11,"gold_loss":0},{"damage_healed":0,"gold_gain":0,"player_choice":"Ignored","damage_taken":0,"max_hp_gain":0,"max_hp_loss":0,"event_name":"Liars Game","floor":13,"gold_loss":0},{"damage_healed":0,"gold_gain":0,"player_choice":"Fled","damage_taken":3,"max_hp_gain":0,"max_hp_loss":0,"event_name":"Scrap Ooze","floor":14,"gold_loss":0}],"is_beta":false,"boss_relics":[],"items_purged_floors":[],"is_endless":false,"potions_floor_spawned":[1,12],"killed_by":"Hexaghost","ascension_level":0}}