{"host":"sav7uxregyirlf69","time":1609846217,"event":{"mods":["AchievementEnabler","BaseMod","Colored Map","DeckTracker","Keyboard Shortcuts","Minty Spire (QoL Compilation)","READ ME - Guardian Mod","StSLib","SuperFastMode"],"gold_per_floor":[369,380,380,380,380,380,409,112,112,137,150,164,178,199,199,199,199],"floor_reached":16,"playtime":317,"items_purged":["Strike_G"],"score":192,"play_id":"a47dee65-aaf4-48c7-ba09-fae902c96a44","local_time":"20210105203017","is_ascension_mode":true,"campfire_choices":[{"data":"Bouncing Flask","floor":6,"key":"SMITH"},{"data":"Concentrate","floor":15,"key":"SMITH"}],"circlet_count":0,"master_deck":["AscendersBane","Strike_G","Strike_G","Strike_G","Strike_G","Defend_G+1","Defend_G","Defend_G","Defend_G","Defend_G+1","Survivor","Neutralize","Acrobatics","Bouncing Flask+1","Concentrate+1","Backflip","Dagger Throw","Caltrops"],"relics":["Ring of the Snake","CeramicFish","Bag of Preparation","Letter Opener"],"acts_visited":["Exordium"],"potions_floor_usage":[11,16],"damage_taken":[{"damage":1,"enemies":"Small Slimes","floor":1,"turns":4},{"damage":6,"enemies":"Jaw Worm","floor":2,"turns":7},{"damage":6,"enemies":"2 Louse","floor":7,"turns":2},{"damage":0,"enemies":"Blue Slaver","floor":10,"turns":3},{"damage":4,"enemies":"Exordium Thugs","floor":11,"turns":3},{"damage":0,"enemies":"Lots of Slimes","floor":12,"turns":3},{"damage":0,"enemies":"2 Fungi Beasts","floor":13,"turns":2},{"damage":3,"enemies":"Large Slime","floor":14,"turns":5},{"damage":11,"enemies":"Hexaghost","floor":16,"turns":9}],"seed_played":"4580259924114220187","potions_obtained":[{"floor":10,"key":"AttackPotion"},{"floor":11,"key":"SteroidPotion"},{"floor":13,"key":"ColorlessPotion"}],"is_trial":false,"path_per_floor":["M","M","?","?","?","R","M","$","T","M","M","M","M","M","R","B"],"character_chosen":"THE_SILENT","items_purchased":["Bag of Preparation","Backflip"],"campfire_rested":0,"item_purchase_floors":[8,8],"current_hp_per_floor":[58,52,52,41,23,23,17,17,17,17,13,13,13,10,10,0,0],"gold":199,"neow_bonus":"TWO_FIFTY_GOLD","is_daily":false,"chose_seed":false,"campfire_upgraded":2,"win_rate":0.0,"timestamp":1609846217,"path_taken":["M","M","?","?","?","R","M","$","T","M","M","M","?","M","R","BOSS"],"items_purchased_type":["Relic","Card"],"build_version":"2020-12-22","purchased_purges":1,"victory":false,"max_hp_per_floor":[60,60,60,60,60,60,60,60,60,60,60,60,60,60,60,60,60],"card_choices":[{"not_picked":["Backflip","Slice"],"picked":"Acrobatics","floor":1},{"not_picked":["Skewer","Prepared"],"picked":"Bouncing Flask","floor":2},{"not_picked":["Bane","Accuracy"],"picked":"Concentrate","floor":7},{"not_picked":["Masterful Stab","Bane"],"picked":"Dagger Throw","floor":10},{"not_picked":["Blur","All Out Attack","Dodge and Roll"],"picked":"SKIP","floor":11},{"not_picked":["Distraction","Underhanded Strike","Skewer"],"picked":"SKIP","floor":12},{"not_picked":["Heel Hook","Concentrate","Blade Dance"],"picked":"SKIP","floor":13},{"not_picked":["Deadly Poison","Die Die Die"],"picked":"Caltrops","floor":14}],"player_experience":1146409,"relics_obtained":[{"floor":9,"key":"Letter Opener"}],"event_choices":[{"damage_healed":0,"gold_gain":0,"player_choice":"Ignored","damage_taken":0,"max_hp_gain":0,"max_hp_loss":0,"event_name":"Liars Game","floor":3,"gold_loss":0},{"damage_healed":0,"gold_gain":0,"player_choice":"Success","damage_taken":11,"relics_obtained":["CeramicFish"],"max_hp_gain":0,"max_hp_loss":0,"event_name":"Scrap Ooze","floor":4,"gold_loss":0},{"damage_healed":0,"gold_gain":0,"player_choice":"Entered Light","damage_taken":18,"max_hp_gain":0,"max_hp_loss":0,"event_name":"Shining Light","floor":5,"gold_loss":0,"cards_upgraded":["Defend_G","Defend_G"]}],"is_beta":false,"boss_relics":[],"items_purged_floors":[8],"is_endless":false,"potions_floor_spawned":[10,11,13],"killed_by":"Hexaghost","ascension_level":20}}