{"host":"xurz8oye0j2lsa2k","time":1609882469,"event":{"mods":["AchievementEnabler","BaseMod","BetterRewards","Colored Map","Hubris","Marisa????????","Minty Spire (QoL Compilation)","Permanent Neow","Replay The Spire","Spicy Shops","StSLib"],"gold_per_floor":[114,130,150,150,150,150,185,185,256,270,281,81,97,132,132,229,229,247,197,209,209,220,248,91,91,116,116,187,187,202,229,229,333,333,349,398,398,413,433,462,462,462,486,505,524,555,555,555,555,586,586,586,586,586,40,71,71],"floor_reached":58,"playtime":4985,"items_purged":["hubris:Despair"],"score":1420,"play_id":"ae0c9569-9bc2-4a97-bba9-877db930e095","local_time":"20210105163429","is_ascension_mode":false,"campfire_choices":[{"data":"Entrench","floor":6.0,"key":"SMITH"},{"data":"Replay:Sssssssssshield","floor":8.0,"key":"SMITH"},{"floor":15.0,"key":"DIG"},{"data":"ReplayTheSpireMod:LeadingStrike","floor":25.0,"key":"SMITH"},{"data":"Life Link","floor":27.0,"key":"SMITH"},{"data":"Pot Of Greed","floor":32.0,"key":"SMITH"},{"data":"Demonic Infusion","floor":41.0,"key":"SMITH"},{"floor":51,"key":"RECALL"},{"data":"Bloodletting","floor":54,"key":"SMITH"}],"circlet_count":0,"master_deck":["Strike_R","Strike_R","Strike_R+1","Defend_R+1","Defend_R","Defend_R","Bash","Replay:Sssssssssshield+1","Thunderclap","ReplayTheSpireMod:LeadingStrike+1","Entrench+1","Rage","Demonic Infusion+1","Life Link+1","Replay:Undeath\u0027s Touch","Rage","Shrug It Off+1","Perfected Strike+1","Pot Of Greed+1","Pot Of Greed+1","Eclipse+1","Metallicize","Shrug It Off+1","Bludgeon","Sword Boomerang+1","Uppercut+1","Anger+1","Thunderclap","Body Slam+1","Metallicize+1","ReplayTheSpireMod:Strike From Hell","Second Wind","Pot Of Greed","Replay:BasicMightCard","Jack Of All Trades","Flame Barrier+1","Poisoned Strike","Bloodletting+1","Iron Wave+1"],"relics":["Burning Blood","Ice Cream","ReplayTheSpireMod:TigerMarble","Champion Belt","hubris:Icosahedron","Orichalcum","Letter Opener","Simple Rune","hubris:Reverence","King of Hearts","Philosopher\u0027s Stone","Thread and Needle","Grinning Jar","ReplayTheSpireMod:CursedCoin","Bronze Scales","hubris:SlimyHat","Blue Candle","Unceasing Top","Astrolabe","Pocketwatch","Red Skull","Bag of Preparation","Replay:PocketPolymizer","Calipers","Strange Spoon","Replay:Rubber Ducky"],"acts_visited":["Exordium","TheCity","TheBeyond","TheEnding"],"potions_floor_usage":[45,50,52,56],"damage_taken":[{"damage":0.0,"enemies":"Cultist","floor":1.0,"turns":2.0},{"damage":3.0,"enemies":"2 Louse","floor":2.0,"turns":4.0},{"damage":8.0,"enemies":"Jaw Worm","floor":3.0,"turns":2.0},{"damage":23.0,"enemies":"Lagavulin","floor":7.0,"turns":8.0},{"damage":10.0,"enemies":"Gremlin Gang","floor":10.0,"turns":6.0},{"damage":6.0,"enemies":"Looter","floor":11.0,"turns":3.0},{"damage":13.0,"enemies":"Red Slaver","floor":13.0,"turns":3.0},{"damage":4.0,"enemies":"Replay:BlueRogue","floor":14.0,"turns":5.0},{"damage":26.0,"enemies":"Slime Boss","floor":16.0,"turns":10.0},{"damage":31.0,"enemies":"3 Byrds","floor":18.0,"turns":4.0},{"damage":12.0,"enemies":"Shell Parasite","floor":20.0,"turns":5.0},{"damage":9.0,"enemies":"Shelled Parasite and Fungi","floor":22.0,"turns":8.0},{"damage":5.0,"enemies":"Book of Stabbing","floor":23.0,"turns":5.0},{"damage":16.0,"enemies":"Sentry and Sphere","floor":30.0,"turns":5.0},{"damage":20.0,"enemies":"Gremlin Leader","floor":31.0,"turns":4.0},{"damage":12.0,"enemies":"Champ","floor":33.0,"turns":8.0},{"damage":1.0,"enemies":"Orb Walker","floor":35.0,"turns":2.0},{"damage":2.0,"enemies":"2 Orb Walkers","floor":36.0,"turns":4.0},{"damage":9.0,"enemies":"3 Shapes","floor":38.0,"turns":2.0},{"damage":0.0,"enemies":"Sphere and 2 Shapes","floor":39.0,"turns":4.0},{"damage":7.0,"enemies":"R_Hoarder","floor":40.0,"turns":6.0},{"damage":10.0,"enemies":"Writhing Mass","floor":44.0,"turns":5.0},{"damage":0,"enemies":"Maw","floor":45,"turns":4},{"damage":0,"enemies":"Giant Head","floor":46,"turns":7},{"damage":4,"enemies":"Nemesis","floor":50,"turns":3},{"damage":13,"enemies":"Donu and Deca","floor":52,"turns":6},{"damage":21,"enemies":"Shield and Spear","floor":56,"turns":5},{"damage":49,"enemies":"The Heart","floor":57,"turns":7}],"seed_played":"-7222710198898765848","potions_obtained":[{"floor":2.0,"key":"Explosive Potion"},{"floor":7.0,"key":"AttackPotion"},{"floor":10.0,"key":"Swift Potion"},{"floor":11.0,"key":"FearPotion"},{"floor":14.0,"key":"ColorlessPotion"},{"floor":22.0,"key":"Adrenaline Potion"},{"floor":23.0,"key":"BloodPotion"},{"floor":31.0,"key":"Adrenaline Potion"},{"floor":35.0,"key":"Swift Potion"},{"floor":44.0,"key":"Swift Potion"},{"floor":45,"key":"Strength Potion"},{"floor":46,"key":"DistilledChaos"}],"is_trial":false,"path_per_floor":["M","M","M","?","?","R","E","R","T","M","M","$","M","E","R_BF","B",null,"M","?","M","T","M","E","$","R","T","R","T","?","M","E","R","B",null,"M","?","?","M","M","E","R","?","T","M","M","E","?","PTL","PTL","E","R_BF","B",null,"R","$","E","B",null],"character_chosen":"IRONCLAD","items_purchased":["Ice Cream","ReplayTheSpireMod:TigerMarble","Replay:Sssssssssshield","Thunderclap","ReplayTheSpireMod:LeadingStrike","Simple Rune","Life Link","ReplayTheSpireMod:CursedCoin","Bronze Scales","Metallicize","Calipers","Strange Spoon","CultistPotion"],"campfire_rested":0,"item_purchase_floors":[0,0,0,0,0,12,12,24,24,24,55,55,55],"current_hp_per_floor":[50,53,51,51,80,80,63,63,63,59,59,59,52,54,54,34,80,55,55,49,49,50,51,51,51,51,51,51,51,57,43,43,37,80,80,80,80,77,80,79,79,79,79,76,80,80,70,70,70,72,72,65,80,80,80,65,22],"gold":71,"neow_bonus":"","is_daily":false,"chose_seed":false,"campfire_upgraded":7,"win_rate":0.0,"timestamp":1609882469,"path_taken":["M","M","?","?","?","R","E","R","T","?","M","$","M","E","R_BF","BOSS","M","?","?","?","M","E","$","R","T","R","?","?","?","E","R","BOSS","M","?","?","M","M","E","R","?","T","?","M","E","?","PTL","PTL","E","R_BF","BOSS","R","$","E","BOSS"],"items_purchased_type":["Relic","Relic","Card","Card","Card","Relic","Card","Relic","Relic","Card","Relic","Relic","Potion"],"build_version":"2020-12-22","purchased_purges":1,"victory":true,"max_hp_per_floor":[80,80,80,80,80,80,80,80,80,80,80,80,80,80,80,80,80,80,80,80,80,80,80,80,80,80,80,80,80,80,80,80,80,80,80,80,80,80,80,80,80,80,80,80,80,80,80,80,80,80,80,80,80,80,80,80,80],"card_choices":[{"not_picked":["Warcry","Dual Wield"],"picked":"Entrench","floor":1.0},{"not_picked":["Run Through","Twin Strike"],"picked":"Rage","floor":2.0},{"not_picked":["Searing Blow","Thunderclap"],"picked":"Spot Weakness","floor":3.0},{"not_picked":["Spot Weakness","Rage"],"picked":"Demonic Infusion","floor":7.0},{"not_picked":["Perfected Strike","ReplayTheSpireMod:Muscle Training","Body Slam"],"picked":"SKIP","floor":10.0},{"not_picked":["Shrug It Off","ReplayTheSpireMod:Stacked","Flex"],"picked":"SKIP","floor":11.0},{"not_picked":["Run Through","Body Slam"],"picked":"Replay:Undeath\u0027s Touch","floor":13.0},{"not_picked":["Uppercut","Blood for Blood"],"picked":"Rage","floor":14.0},{"not_picked":["Impervious","Berserk"],"picked":"Brutality","floor":16.0},{"not_picked":["Heavy Blade","hubris:ReadiedAction"],"picked":"Shrug It Off+1","floor":18.0},{"not_picked":["Clash","Flex"],"picked":"Perfected Strike+1","floor":20.0},{"not_picked":["Havoc+1","Twin Strike","Sentinel"],"picked":"SKIP","floor":22.0},{"not_picked":["hubris:ReadiedAction","Evolve"],"picked":"Eclipse","floor":23.0},{"not_picked":["Warcry","Clothesline"],"picked":"Shrug It Off+1","floor":30.0},{"not_picked":["ReplayTheSpireMod:Corrosion Curse+1","Warcry"],"picked":"Replay:Undeath\u0027s Touch","floor":31.0},{"not_picked":["Exhume","Limit Break"],"picked":"Bludgeon","floor":33.0},{"not_picked":["hubris:ReadiedAction+1","Clothesline+1","Clash"],"picked":"SKIP","floor":35.0},{"not_picked":["Shrug It Off+1","Run Through"],"picked":"Thunderclap","floor":36.0},{"not_picked":["Anger+1","Ghostly Armor","Clash+1"],"picked":"SKIP","floor":38.0},{"not_picked":["Inflame","Pommel Strike+1"],"picked":"Body Slam+1","floor":39.0},{"not_picked":["Abandon","hubris:CleavingFinish"],"picked":"Metallicize+1","floor":40.0},{"not_picked":["Shrug It Off+1","ReplayTheSpireMod:Corrosion Curse+1","ReplayTheSpireMod:Muscle Training"],"picked":"SKIP","floor":44.0},{"not_picked":["Cleave","hubris:ReadiedAction+1"],"picked":"ReplayTheSpireMod:Strike From Hell","floor":45},{"not_picked":["True Grit+1","Rage"],"picked":"Second Wind","floor":46},{"not_picked":["Enlightenment","Replay:Sssssssssstrike"],"picked":"Replay:BasicMightCard","floor":47},{"not_picked":["Panacea","Enlightenment"],"picked":"Jack Of All Trades","floor":47},{"not_picked":["Body Slam","Fiend Fire"],"picked":"Flame Barrier+1","floor":50},{"not_picked":["Wild Strike","ReplayTheSpireMod:Stacked"],"picked":"Iron Wave+1","floor":56}],"player_experience":500050,"relics_obtained":[{"floor":7.0,"key":"Orichalcum"},{"floor":9.0,"key":"Letter Opener"},{"floor":14.0,"key":"hubris:Reverence"},{"floor":15.0,"key":"King of Hearts"},{"floor":21.0,"key":"Thread and Needle"},{"floor":23.0,"key":"Grinning Jar"},{"floor":26.0,"key":"hubris:SlimyHat"},{"floor":28.0,"key":"Blue Candle"},{"floor":31.0,"key":"Unceasing Top"},{"floor":36.0,"key":"Pocketwatch"},{"floor":40.0,"key":"Red Skull"},{"floor":46,"key":"Bag of Preparation"},{"floor":50,"key":"Replay:PocketPolymizer"},{"floor":56,"key":"Replay:Rubber Ducky"}],"event_choices":[{"cards_removed":["Spot Weakness"],"damage_healed":29.0,"max_hp_gain":0.0,"max_hp_loss":0.0,"gold_gain":0.0,"event_name":"Bonfire Elementals","player_choice":"Offered Uncommon","floor":5.0,"gold_loss":0.0,"damage_taken":0.0},{"damage_healed":0.0,"max_hp_gain":0.0,"max_hp_loss":0.0,"gold_gain":0.0,"event_name":"The Joust","player_choice":"Bet on Murderer","floor":19.0,"gold_loss":50.0,"damage_taken":0.0},{"damage_healed":0.0,"max_hp_gain":0.0,"max_hp_loss":0.0,"gold_gain":0.0,"event_name":"Upgrade Shrine","player_choice":"Upgraded","floor":29.0,"gold_loss":0.0,"damage_taken":0.0,"cards_upgraded":["Eclipse"]},{"damage_healed":0.0,"max_hp_gain":0.0,"max_hp_loss":0.0,"gold_gain":0.0,"event_name":"Mysterious Sphere","player_choice":"Fight","floor":36.0,"gold_loss":0.0,"damage_taken":0.0},{"cards_removed":["Brutality"],"damage_healed":0.0,"max_hp_gain":0.0,"max_hp_loss":0.0,"gold_gain":0.0,"event_name":"Falling","player_choice":"Removed Power","floor":37.0,"gold_loss":0.0,"damage_taken":0.0},{"damage_healed":0.0,"max_hp_gain":0.0,"max_hp_loss":0.0,"gold_gain":0.0,"event_name":"Upgrade Shrine","player_choice":"Upgraded","floor":42.0,"gold_loss":0.0,"damage_taken":0.0,"cards_upgraded":["Pot Of Greed"]},{"damage_healed":0,"gold_gain":0,"player_choice":"Memory 3","damage_taken":10,"max_hp_gain":0,"max_hp_loss":0,"event_name":"SensoryStone","floor":47,"gold_loss":0}],"is_beta":false,"boss_relics":[{"not_picked":["Black Blood","Ooze Armor"],"picked":"Philosopher\u0027s Stone"},{"not_picked":["Electric Blood","Black Star"],"picked":"Astrolabe"}],"items_purged_floors":[24],"is_endless":false,"potions_floor_spawned":[2,7,10,11,14,22,23,31,35,44,45,46],"ascension_level":0}}