{"host":"2he95iptrbxkejc1","time":1609856474,"event":{"mods":["AchievementEnabler","BaseMod","Colored Powertips","Hermit","Infinite Spire","Marisa????????","Minty Spire (QoL Compilation)","Random Character Mod","Replay The Spire","StSLib","The Cursed","The Hierophant","The Marked","The Mystic","The Poker Player","The Runesmith","The Servant 0.9.4"],"gold_per_floor":[111,111,128,143,162,162,189,189,235,235,235,235,254,283,283,283,283],"floor_reached":16,"playtime":676,"items_purged":[],"score":110,"play_id":"1d0b8046-00b3-4610-b622-9ad3e1fda663","local_time":"20210105142114","is_ascension_mode":false,"campfire_choices":[{"data":"Ricochet","floor":6,"key":"SMITH"},{"floor":8,"key":"REST"},{"floor":15,"key":"REST"}],"circlet_count":0,"master_deck":["Strike_S+1","Strike_S+1","Strike_S","Strike_S","Defend_S","Defend_S","Defend_S","Defend_S","KidneyShot","Exchange","Comet","GearUp","Ricochet+1","SilverBlades","Starlight"],"relics":["Uniform","NeowsBlessing","infinitespire:Broken Mirror","Runesmith:AutoHammer","Whetstone","HornCleat"],"acts_visited":["Exordium"],"potions_floor_usage":[7,14],"damage_taken":[{"damage":0,"enemies":"Small Slimes","floor":1,"turns":1},{"damage":0,"enemies":"Jaw Worm","floor":3,"turns":1},{"damage":0,"enemies":"2 Louse","floor":4,"turns":1},{"damage":5,"enemies":"2 Fungi Beasts","floor":5,"turns":4},{"damage":25,"enemies":"Gremlin Nob","floor":7,"turns":5},{"damage":5,"enemies":"Exordium Thugs","floor":13,"turns":4},{"damage":13,"enemies":"3 Sentries","floor":14,"turns":6},{"damage":69,"enemies":"The Guardian","floor":16,"turns":12}],"seed_played":"-1823284674558481403","potions_obtained":[{"floor":1,"key":"Dexterity Potion"},{"floor":4,"key":"DistilledChaos"}],"is_trial":false,"path_per_floor":["M","?","M","M","M","R","E","R","T","?","?","?","M","E","R","B"],"character_chosen":"THE_SERVANT","items_purchased":[],"campfire_rested":2,"item_purchase_floors":[],"current_hp_per_floor":[65,47,47,47,42,42,17,36,36,55,55,55,50,37,56,0,0],"gold":283,"neow_bonus":"THREE_ENEMY_KILL","is_daily":false,"chose_seed":false,"campfire_upgraded":1,"win_rate":0.0,"timestamp":1609856474,"path_taken":["M","?","M","M","M","R","E","R","T","?","?","?","?","E","R","BOSS"],"items_purchased_type":[],"build_version":"2020-12-22","purchased_purges":0,"victory":false,"max_hp_per_floor":[65,65,65,65,65,65,65,65,65,65,65,65,65,65,65,65,65],"card_choices":[{"not_picked":["Replace","Potential","BestPractice"],"picked":"SKIP","floor":1},{"not_picked":["ShiftingGears","Potential"],"picked":"Comet","floor":3},{"not_picked":["Barrier","DualDimension"],"picked":"GearUp","floor":4},{"not_picked":["Spin","SilverBlades"],"picked":"Ricochet","floor":5},{"not_picked":["Reset","Deny"],"picked":"SilverBlades","floor":7},{"not_picked":["TimeWarp","Contraction","SpecialFormula"],"picked":"SKIP","floor":13},{"not_picked":["Rewind","BottledTime"],"picked":"Starlight","floor":14}],"player_experience":76855,"relics_obtained":[{"floor":7,"key":"Runesmith:AutoHammer"},{"floor":9,"key":"Whetstone"},{"floor":14,"key":"HornCleat"}],"event_choices":[{"damage_healed":0,"gold_gain":0,"player_choice":"Success","damage_taken":18,"relics_obtained":["infinitespire:Broken Mirror"],"max_hp_gain":0,"max_hp_loss":0,"event_name":"Scrap Ooze","floor":2,"gold_loss":0}],"is_beta":false,"boss_relics":[],"items_purged_floors":[],"is_endless":false,"potions_floor_spawned":[1,4],"killed_by":"The Guardian","ascension_level":0}}