{"host":"avq773cl9g5msfol","time":1609838711,"event":{"mods":["100% Spire Juice","AchievementEnabler","Act Like it!","Ascension Unlocker","Aspiration","Astrologer","Bard","Bartender","BaseMod","Better Altar","Better Third Choice","BetterRewards","CapriCore","ChefMod","Colored Map","Colored Powertips","Conspire","Dio Mod","Downfall","Elementarium","Energized Spire","Gensokyo","GifTheSpireLib","GungeonMod","Hallownest","Hermit","Highlight Path","Hubris","Humility","Infinite Spire","Jorbs\u0027s Wanderer Trilogy","Koishi","Magitek Elite","Marisa????????","Marked Mod","Menagerie","Minty Spire (QoL Compilation)","Pale of the Ancients","Potionbrewer","Quarter Circle Forward PUNCH!","Rare Cards Sparkle","Reimu??????","Relic Stats","Remilia??????","Replay The Spire","SacredBarkPlus","Shade Mod","Somnambulant","Spicy Shops","StSLib","Synergy Search","The Administrix","The Blue Laboratory","The Bug Knight","The Construct","The Cursed","The Disciple","The Dragon Tamer","The Exalted","The Hayseed","The Hierophant","The Immortal","The Judge","The Marked","The Mystic","The Problem Sleuth","The Runesmith","The Senshi","The Vixen","The Wild Card","TheArtist","TheFirefly","Wandering Minibosses","vexMod"],"gold_per_floor":[118,118,118,135,210,210,229,229,229,229,239,265,279,279,342,439,439,454,379,379,379,399,399,428,428,499,499,499,551,569,594,594,693,693,704,704,704,721,721,721,721],"floor_reached":40,"playtime":2034,"items_purged":["Decay"],"score":722,"play_id":"38b36659-2420-41fe-8213-5095fb874f0e","local_time":"20210105162511","is_ascension_mode":false,"campfire_choices":[{"floor":6,"key":"REST"},{"data":"Moonworks:Ambush","floor":8,"key":"SMITH"},{"data":"Moonworks:LongDistanceShot","floor":10,"key":"SMITH"},{"data":"Moonworks:x16BigRocket+1","floor":23,"key":"SMITH"},{"data":"Moonworks:EvilSpyWorkPreparation","floor":25,"key":"SMITH"},{"data":"Moonworks:ImOnFire","floor":32,"key":"SMITH"}],"circlet_count":0,"master_deck":["Moonworks:Ambush+1","Moonworks:LongDistanceShot+1","Moonworks:ExtendedPhotonRifle+1","Moonworks:BindingChains+1","Moonworks:AnotherUltimateWeapon+1","Moonworks:EvilMastermind+1","Moonworks:CrystalBarrier+1","Moonworks:PlushieMaster+1","Moonworks:NicePresent+1","Moonworks:JonathanRush+1","expansioncontent:BronzeBeam+1","Moonworks:WindyEnchantment+1","Moonworks:ShieldCounter+1","Moonworks:SinkOrSwim+1","Moonworks:JonathanRush+1","Moonworks:AwakeningOfTalent+1","Moonworks:LulusLuckyEgg+1","Moonworks:x16BigRocket+3","Moonworks:GoAway+1","Moonworks:JonathanRush+1","Moonworks:JonathanRush+1","Moonworks:JonathanRush+1","Moonworks:JonathanRush+1","Moonworks:RedAndBlue+1","Specialist+1","Moonworks:ImOnFire+1","Moonworks:AccelHyper+1","Moonworks:DeployBits+1","Moonworks:EvilSpyWorkPreparation+1","Moonworks:HolyNight+1","Moonworks:SubspaceTunnel+1","Moonworks:FinalBattle+1","Moonworks:JonathanRush"],"relics":["Moonworks:BrokenBomb","Moonworks:Homemark","Golden Egg","Quantum Egg","Moonworks:GoldenDie","Juzu Bracelet","Vajra","Calipers","OrangePellets","infinitespire:EmpoweringShard","hubris:EmptyBottle","hubris:EvacipatedBox","hubris:FruitBowl","HollowMod:QueensCombRelic","DemoMod:RiddleOfLead","wanderingMiniBosses:CarrionFlame","RuthlessExorcism:ReiMu","Bromod:ArcaneGuardian","Bromod:ArcaneNullifier","infinitespire:Cupcake"],"acts_visited":["Exordium","Hallownest:CityofTears","Gensokyo:Gensokyoest"],"potions_floor_usage":[0,22,30,33,33,33,38],"damage_taken":[{"damage":0,"enemies":"Small Slimes","floor":1,"turns":2},{"damage":0,"enemies":"Cultist","floor":4,"turns":3},{"damage":4,"enemies":"conspire:RoseBush","floor":7,"turns":2},{"damage":0,"enemies":"Exordium Thugs","floor":11,"turns":3},{"damage":0,"enemies":"Gremlin Nob","floor":12,"turns":4},{"damage":0,"enemies":"Lots of Slimes","floor":13,"turns":4},{"damage":0,"enemies":"Slime Boss","floor":16,"turns":6},{"damage":0,"enemies":"Hallownest:3_Youths","floor":18,"turns":4},{"damage":0,"enemies":"Hallownest:Guard_and_Sentry","floor":22,"turns":5},{"damage":0,"enemies":"Hallownest:eliteWatcherKnight","floor":24,"turns":10},{"damage":0,"enemies":"Hallownest:Glutton_and_Coward","floor":29,"turns":3},{"damage":0,"enemies":"Hallownest:3_Mistakes","floor":30,"turns":3},{"damage":0,"enemies":"Hallownest:eliteSoulWarrior","floor":31,"turns":5},{"damage":0,"enemies":"Hallownest:BossMantisLord","floor":33,"turns":2},{"damage":0,"enemies":"Gensokyo:3_Boulders","floor":35,"turns":2},{"damage":0,"enemies":"Gensokyo:3_Bats","floor":38,"turns":2},{"damage":80,"enemies":"Nightmare","floor":40,"turns":5}],"seed_played":"-8888393816349319947","potions_obtained":[{"floor":11,"key":"potionbrewer:HastePotion"},{"floor":33,"key":"DemoMod:LeadSkinPotion"}],"is_trial":false,"path_per_floor":["M","?","$","M","?","R","M","R","T","R","M","E","M","?","R_BF","B",null,"M","$","$","?","M","R","E","R","T","?","?","M","M","E","R","B",null,"M","?","?","M","?","NM"],"character_chosen":"THE_STARBREAKER","items_purchased":["Moonworks:JonathanRush","expansioncontent:BronzeBeam","Moonworks:GoldenDie","Moonworks:WindyEnchantment","Moonworks:ShieldCounter","Moonworks:SinkOrSwim","Moonworks:JonathanRush","Moonworks:Wanted","Juzu Bracelet","Moonworks:AwakeningOfTalent","Vajra","Calipers","OrangePellets","Moonworks:LulusLuckyEgg","Moonworks:x16BigRocket","Moonworks:GoAway","infinitespire:EmpoweringShard","Moonworks:JonathanRush","Moonworks:JonathanRush","hubris:EmptyBottle","Moonworks:RedAndBlue","Specialist","blueLaboratory:FruitPunch","hubris:EvacipatedBox","hubris:FruitBowl"],"campfire_rested":1,"item_purchase_floors":[0,0,0,0,0,0,0,0,0,0,0,0,0,0,0,0,0,0,0,0,0,0,0,3,3],"current_hp_per_floor":[60,60,22,22,22,40,36,36,36,36,36,36,40,55,55,55,70,70,70,70,70,70,70,70,70,70,70,70,70,70,70,70,76,76,76,76,76,76,76,0,0],"gold":721,"neow_bonus":"","is_daily":false,"chose_seed":false,"campfire_upgraded":5,"win_rate":0.0,"timestamp":1609838711,"path_taken":["M","?","?","M","?","R","M","R","T","R","M","E","M","?","R_BF","BOSS","M","?","$","?","M","R","E","R","T","?","?","M","M","E","R","BOSS","M","?","?","M","?","NM"],"items_purchased_type":["Card","Card","Relic","Card","Card","Card","Card","Card","Relic","Card","Relic","Relic","Relic","Card","Card","Card","Relic","Card","Card","Relic","Card","Card","Potion","Relic","Relic"],"build_version":"2020-12-22","purchased_purges":1,"victory":false,"max_hp_per_floor":[60,60,60,60,60,60,60,60,60,60,60,40,40,55,55,55,70,70,70,70,70,70,70,70,70,70,70,70,70,70,70,70,76,76,76,76,76,76,76,76,76],"relic_stats":{"OrangePellets":[8],"counters":[170,520],"Juzu Bracelet":3,"obtain_stats":[{"Golden Egg":1,"construct:FoamFinger":0,"Bromod:ArcaneNullifier":43,"downfall:HeartBlessingGreen":35,"wanderingMiniBosses:OtherGremlinHorn":4,"Ginger":29,"qcfpunch:Red_Beret":35,"Old Coin":41,"Replay:Wanted Poster":34,"vexMod:InvisibilityCloak":0,"aspiration:PoetsPen":34,"Ribbon":0,"qcfpunch:Lotus_Statue":24,"vexMod:EndlessSickness":34,"HollowMod:QueensCombRelic":12,"construct:RocketBooster":0,"DemoMod:OrangeGuonStone":23,"HollowMod:JonisBlessing":53,"aspiration:FrozenJewel":14,"Akabeko":45,"Elementarium:GoldenMirage":20,"potionbrewer:Torch":38,"vexMod:GhostlyGear":0,"DemoMod:GundromedaStrain":48,"Elementarium:ElementariumTrophy":33,"infinitespire:Broken Mirror":4,"Bird Faced Urn":46,"Tintinnabulum":12,"Snecko Eye":24,"Pandora\u0027s Box":4,"MysticCrockPot":0,"hubris:TenFootPole":14,"infinitespire:Cupcake":34,"qcfpunch:Spiky_Bracers":0,"aspiration:Lifesprig":7,"Moonworks:GoldenDie":0,"hierophant:PropheticMaskRelic":3,"Bromod:ArcanePistoleer":23,"Blue Doll":10,"wanderingMiniBosses:AbyssPearl":15,"hubris:EmptyBottle":0,"Ancient Tea Set":41,"Gensokyo:PortableGap":17,"Cursed Key":17,"White_Cape":26,"Pet Ghost":3,"Gensokyo:LunaticRedEyes":4,"hubris:EvacipatedBox":3,"Replay:Rubber Ducky":39,"hubris:Backtick":34,"Toolbox":37,"WingedGreaves":4,"energizedSpire:HugeHouse":17,"aspiration:FutureDiary":0,"Guardian:BottledAnomaly":0,"InkBottle":52,"Potion Belt":31,"Slimebound:SelfDamagePreventRelic":22,"downfall:HeartBlessingRed":18,"DemoMod:WeirdEgg":0,"Thread and Needle":0,"PreservedInsect":4,"hexamod:InflammatoryLetter":41,"The Courier":6,"infinitespire:CheckeredPen":8,"infinitespire:Lucky Rock":13,"hubris:Towel":29,"PureWhite:ReiMu":0,"Ornamental Fan":22,"CrazyTorch:ReiMu":45,"Slimebound:AbsorbEndCombat":0,"Garlic":26,"ReplayTheSpireMod:Lightbulb":37,"infinitespire:Midas Blood":43,"Ice Cream":0,"DemoMod:BlueGuonStone":0,"hubris:CrystalStatue":34,"Calipers":0,"Tea:ReiMu":24,"Vajra":12,"DemoMod:GlassGuonStoneRelic":2,"theSenshi:FeatherClipsRelic":13,"DemoMod:RiddleOfLead":17,"DemoMod:MonsterBlood":42,"Mastiff:ReiMu":0,"qcfpunch:Red_Gi":38,"DemoMod:ClearGuonStone":0,"hexamod:SpiritBrand":0,"conspire:Dentures":41,"Guardian:BottledStasis":0,"Happy Flower":0,"aspiration:Nostalgia":3,"Dead Branch":0,"Oddly Smooth Stone":44,"Guardian:ModeShifter":0,"hexamod:TheBrokenSeal":3,"wanderingMiniBosses:MasterThiefsPresence":13,"hubris:FruitBowl":3,"potionbrewer:BhaskarasWheel":17,"vexMod:PaidLearning":0,"conspire:Boomerang":42,"War Paint":40,"Question Card":0,"hexamod:MatchstickCase":8,"OrangePellets":29,"Replay:Baseball":28,"Shuriken":0,"energizedSpire:NeverEndingSparkler":17,"PaintedHorse:ReiMu":4,"Bronze Scales":26,"Moonworks:Homemark":0,"infinitespire:EmpoweringShard":0,"ReplayTheSpireMod:TigerMarble":7,"Grinning Jar":21,"aspiration:HatOfInfinitePower":11,"Meat on the Bone":9,"Bromod:ArcaneAvenger":44,"theSenshi:SuperSailorFukuRelic":0,"SlipperyGoo":0,"qcfpunch:Not_Strongest_Fighting_Style_Guidebook":41,"Enchiridion":4,"Juzu Bracelet":41,"Incense Burner":0,"hubris:SlimyHat":0,"Hallownest:DreamNailRelic":8,"DemoMod:WhiteGuonStone":40,"Empty Cage":5,"ClockworkSouvenir":45,"DemoMod:SevenLeafClover":26,"Frozen Eye":25,"hubris:Icosahedron":19,"downfall:HeartBlessingBlue":18,"downfall:KnowingSkull":20,"Genji_Glove":26,"qcfpunch:Wrestler\u0027s_Cloak":39,"TheVixenMod:UmbreonRelic":37,"Bromod:ArcaneGuardian":26,"Gremlin Food":0,"hubris:DisguiseKit":45,"qcfpunch:Army_Boots":26,"BargainBundle":28,"ReplayTheSpireMod:Ninjato":22,"Replay:Towering Pillar of Hats":0,"aspiration:FetidBarrel":0,"Quantum Egg":1,"vexMod:ConsolationPrize":24,"vexMod:FocusSash":30,"qcfpunch:White_Boots":0,"Medical Kit":14,"theWildCard:VelvetContract":0,"Pondfish Scales":0,"Golden_Hairpin":34,"CaptainsWheel":0,"Anchor":0,"wanderingMiniBosses:CarrionFlame":22,"Chronometer":0,"vexMod:HeadHunter":0,"qcfpunch:Red_Headband":24,"Bag of Marbles":43,"Membership Card":0,"DemoMod:WaxWing":17,"potionbrewer:Keyblade":19,"hexamod:IceCube":34,"RuthlessExorcism:ReiMu":25,"Moonworks:BrokenBomb":0},{"Golden Egg":0,"construct:FoamFinger":123,"Bromod:ArcaneNullifier":120,"downfall:HeartBlessingGreen":93,"wanderingMiniBosses:OtherGremlinHorn":2,"Ginger":15,"qcfpunch:Red_Beret":43,"Old Coin":45,"Replay:Wanted Poster":93,"vexMod:InvisibilityCloak":25,"aspiration:PoetsPen":18,"Ribbon":51,"qcfpunch:Lotus_Statue":86,"vexMod:EndlessSickness":117,"HollowMod:QueensCombRelic":158,"construct:RocketBooster":74,"DemoMod:OrangeGuonStone":12,"HollowMod:JonisBlessing":101,"aspiration:FrozenJewel":133,"Akabeko":147,"Elementarium:GoldenMirage":113,"potionbrewer:Torch":45,"vexMod:GhostlyGear":149,"DemoMod:GundromedaStrain":23,"Elementarium:ElementariumTrophy":117,"infinitespire:Broken Mirror":2,"Bird Faced Urn":98,"Tintinnabulum":7,"Snecko Eye":113,"Pandora\u0027s Box":2,"MysticCrockPot":123,"hubris:TenFootPole":32,"infinitespire:Cupcake":167,"qcfpunch:Spiky_Bracers":51,"aspiration:Lifesprig":28,"Moonworks:GoldenDie":153,"hierophant:PropheticMaskRelic":104,"Bromod:ArcanePistoleer":37,"Blue Doll":130,"wanderingMiniBosses:AbyssPearl":83,"hubris:EmptyBottle":25,"Ancient Tea Set":45,"Gensokyo:PortableGap":60,"Cursed Key":84,"White_Cape":113,"Pet Ghost":27,"Gensokyo:LunaticRedEyes":53,"hubris:EvacipatedBox":154,"Replay:Rubber Ducky":68,"hubris:Backtick":43,"Toolbox":68,"WingedGreaves":53,"energizedSpire:HugeHouse":134,"aspiration:FutureDiary":0,"Guardian:BottledAnomaly":51,"InkBottle":101,"Potion Belt":41,"Slimebound:SelfDamagePreventRelic":11,"downfall:HeartBlessingRed":84,"DemoMod:WeirdEgg":51,"Thread and Needle":149,"PreservedInsect":27,"hexamod:InflammatoryLetter":96,"The Courier":127,"infinitespire:CheckeredPen":29,"infinitespire:Lucky Rock":57,"hubris:Towel":89,"PureWhite:ReiMu":74,"Ornamental Fan":11,"CrazyTorch:ReiMu":22,"Slimebound:AbsorbEndCombat":0,"Garlic":39,"ReplayTheSpireMod:Lightbulb":68,"infinitespire:Midas Blood":146,"Ice Cream":51,"DemoMod:BlueGuonStone":25,"hubris:CrystalStatue":43,"Calipers":153,"Tea:ReiMu":62,"Vajra":81,"DemoMod:GlassGuonStoneRelic":1,"theSenshi:FeatherClipsRelic":109,"DemoMod:RiddleOfLead":60,"DemoMod:MonsterBlood":69,"Mastiff:ReiMu":149,"qcfpunch:Red_Gi":144,"DemoMod:ClearGuonStone":25,"hexamod:SpiritBrand":51,"conspire:Dentures":145,"Guardian:BottledStasis":25,"Happy Flower":25,"aspiration:Nostalgia":104,"Dead Branch":102,"Oddly Smooth Stone":22,"Guardian:ModeShifter":25,"hexamod:TheBrokenSeal":53,"wanderingMiniBosses:MasterThiefsPresence":133,"hubris:FruitBowl":154,"potionbrewer:BhaskarasWheel":9,"vexMod:PaidLearning":123,"conspire:Boomerang":146,"War Paint":21,"Question Card":25,"hexamod:MatchstickCase":54,"OrangePellets":40,"Replay:Baseball":14,"Shuriken":51,"energizedSpire:NeverEndingSparkler":111,"PaintedHorse:ReiMu":151,"Bronze Scales":137,"Moonworks:Homemark":149,"infinitespire:EmpoweringShard":51,"ReplayTheSpireMod:TigerMarble":106,"Grinning Jar":113,"aspiration:HatOfInfinitePower":56,"Meat on the Bone":30,"Bromod:ArcaneAvenger":72,"theSenshi:SuperSailorFukuRelic":25,"SlipperyGoo":123,"qcfpunch:Not_Strongest_Fighting_Style_Guidebook":120,"Enchiridion":125,"Juzu Bracelet":21,"Incense Burner":25,"hubris:SlimyHat":25,"Hallownest:DreamNailRelic":106,"DemoMod:WhiteGuonStone":21,"Empty Cage":76,"ClockworkSouvenir":22,"DemoMod:SevenLeafClover":39,"Frozen Eye":62,"hubris:Icosahedron":84,"downfall:HeartBlessingBlue":84,"downfall:KnowingSkull":10,"Genji_Glove":39,"qcfpunch:Wrestler\u0027s_Cloak":95,"TheVixenMod:UmbreonRelic":143,"Bromod:ArcaneGuardian":163,"Gremlin Food":149,"hubris:DisguiseKit":22,"qcfpunch:Army_Boots":39,"BargainBundle":138,"ReplayTheSpireMod:Ninjato":62,"Replay:Towering Pillar of Hats":51,"aspiration:FetidBarrel":25,"Quantum Egg":0,"vexMod:ConsolationPrize":113,"vexMod:FocusSash":139,"qcfpunch:White_Boots":51,"Medical Kit":133,"theWildCard:VelvetContract":102,"Pondfish Scales":25,"Golden_Hairpin":141,"CaptainsWheel":149,"Anchor":149,"wanderingMiniBosses:CarrionFlame":162,"Chronometer":123,"vexMod:HeadHunter":74,"qcfpunch:Red_Headband":12,"Bag of Marbles":71,"Membership Card":51,"DemoMod:WaxWing":34,"potionbrewer:Keyblade":60,"hexamod:IceCube":67,"RuthlessExorcism:ReiMu":63,"Moonworks:BrokenBomb":149},{"Golden Egg":0,"construct:FoamFinger":362,"Bromod:ArcaneNullifier":356,"downfall:HeartBlessingGreen":285,"wanderingMiniBosses:OtherGremlinHorn":8,"Ginger":42,"qcfpunch:Red_Beret":120,"Old Coin":126,"Replay:Wanted Poster":285,"vexMod:InvisibilityCloak":71,"aspiration:PoetsPen":52,"Ribbon":143,"qcfpunch:Lotus_Statue":256,"vexMod:EndlessSickness":352,"HollowMod:QueensCombRelic":469,"construct:RocketBooster":213,"DemoMod:OrangeGuonStone":33,"HollowMod:JonisBlessing":316,"aspiration:FrozenJewel":399,"Akabeko":438,"Elementarium:GoldenMirage":345,"potionbrewer:Torch":126,"vexMod:GhostlyGear":448,"DemoMod:GundromedaStrain":66,"Elementarium:ElementariumTrophy":352,"infinitespire:Broken Mirror":8,"Bird Faced Urn":302,"Tintinnabulum":17,"Snecko Eye":345,"Pandora\u0027s Box":8,"MysticCrockPot":362,"hubris:TenFootPole":86,"infinitespire:Cupcake":511,"qcfpunch:Spiky_Bracers":143,"aspiration:Lifesprig":78,"Moonworks:GoldenDie":455,"hierophant:PropheticMaskRelic":328,"Bromod:ArcanePistoleer":99,"Blue Doll":387,"wanderingMiniBosses:AbyssPearl":246,"hubris:EmptyBottle":71,"Ancient Tea Set":126,"Gensokyo:PortableGap":173,"Cursed Key":251,"White_Cape":345,"Pet Ghost":76,"Gensokyo:LunaticRedEyes":151,"hubris:EvacipatedBox":457,"Replay:Rubber Ducky":193,"hubris:Backtick":120,"Toolbox":193,"WingedGreaves":151,"energizedSpire:HugeHouse":404,"aspiration:FutureDiary":0,"Guardian:BottledAnomaly":143,"InkBottle":316,"Potion Belt":110,"Slimebound:SelfDamagePreventRelic":28,"downfall:HeartBlessingRed":251,"DemoMod:WeirdEgg":143,"Thread and Needle":448,"PreservedInsect":76,"hexamod:InflammatoryLetter":292,"The Courier":378,"infinitespire:CheckeredPen":81,"infinitespire:Lucky Rock":163,"hubris:Towel":266,"PureWhite:ReiMu":213,"Ornamental Fan":28,"CrazyTorch:ReiMu":64,"Slimebound:AbsorbEndCombat":0,"Garlic":107,"ReplayTheSpireMod:Lightbulb":193,"infinitespire:Midas Blood":435,"Ice Cream":143,"DemoMod:BlueGuonStone":71,"hubris:CrystalStatue":120,"Calipers":455,"Tea:ReiMu":178,"Vajra":238,"DemoMod:GlassGuonStoneRelic":4,"theSenshi:FeatherClipsRelic":337,"DemoMod:RiddleOfLead":173,"DemoMod:MonsterBlood":197,"Mastiff:ReiMu":448,"qcfpunch:Red_Gi":432,"DemoMod:ClearGuonStone":71,"hexamod:SpiritBrand":143,"conspire:Dentures":434,"Guardian:BottledStasis":71,"Happy Flower":71,"aspiration:Nostalgia":328,"Dead Branch":325,"Oddly Smooth Stone":64,"Guardian:ModeShifter":71,"hexamod:TheBrokenSeal":150,"wanderingMiniBosses:MasterThiefsPresence":399,"hubris:FruitBowl":457,"potionbrewer:BhaskarasWheel":23,"vexMod:PaidLearning":362,"conspire:Boomerang":435,"War Paint":62,"Question Card":71,"hexamod:MatchstickCase":154,"OrangePellets":108,"Replay:Baseball":38,"Shuriken":143,"energizedSpire:NeverEndingSparkler":343,"PaintedHorse:ReiMu":451,"Bronze Scales":413,"Moonworks:Homemark":448,"infinitespire:EmpoweringShard":143,"ReplayTheSpireMod:TigerMarble":331,"Grinning Jar":345,"aspiration:HatOfInfinitePower":158,"Meat on the Bone":83,"Bromod:ArcaneAvenger":207,"theSenshi:SuperSailorFukuRelic":71,"SlipperyGoo":362,"qcfpunch:Not_Strongest_Fighting_Style_Guidebook":356,"Enchiridion":369,"Juzu Bracelet":62,"Incense Burner":71,"hubris:SlimyHat":71,"Hallownest:DreamNailRelic":331,"DemoMod:WhiteGuonStone":62,"Empty Cage":217,"ClockworkSouvenir":64,"DemoMod:SevenLeafClover":107,"Frozen Eye":178,"hubris:Icosahedron":251,"downfall:HeartBlessingBlue":251,"downfall:KnowingSkull":25,"Genji_Glove":107,"qcfpunch:Wrestler\u0027s_Cloak":289,"TheVixenMod:UmbreonRelic":431,"Bromod:ArcaneGuardian":498,"Gremlin Food":448,"hubris:DisguiseKit":64,"qcfpunch:Army_Boots":107,"BargainBundle":416,"ReplayTheSpireMod:Ninjato":178,"Replay:Towering Pillar of Hats":143,"aspiration:FetidBarrel":71,"Quantum Egg":0,"vexMod:ConsolationPrize":345,"vexMod:FocusSash":423,"qcfpunch:White_Boots":143,"Medical Kit":399,"theWildCard:VelvetContract":325,"Pondfish Scales":71,"Golden_Hairpin":428,"CaptainsWheel":448,"Anchor":448,"wanderingMiniBosses:CarrionFlame":488,"Chronometer":362,"vexMod:HeadHunter":213,"qcfpunch:Red_Headband":33,"Bag of Marbles":203,"Membership Card":143,"DemoMod:WaxWing":91,"potionbrewer:Keyblade":173,"hexamod:IceCube":192,"RuthlessExorcism:ReiMu":181,"Moonworks:BrokenBomb":448}]},"card_choices":[{"not_picked":["Moonworks:CloudOfSeagulls","Moonworks:DeployBits"],"picked":"Moonworks:ImOnFire","floor":1},{"not_picked":["Moonworks:SakisCookie","Moonworks:FullSpeedAlicianrone","Moonworks:JonathanRush"],"picked":"SKIP","floor":4},{"not_picked":["Moonworks:CloudOfSeagulls","Moonworks:JonathanRush","Moonworks:FullSpeedAlicianrone"],"picked":"SKIP","floor":7},{"not_picked":["Moonworks:ImOnFire","Moonworks:SakisCookie","Moonworks:BigMagnum"],"picked":"SKIP","floor":11},{"not_picked":["Moonworks:Assault","Moonworks:JonathanRush","Moonworks:OutOfAmmo"],"picked":"SKIP","floor":12},{"not_picked":["Moonworks:NicePresent","Moonworks:CloudOfSeagulls","Moonworks:WindyEnchantment"],"picked":"SKIP","floor":13},{"not_picked":["Moonworks:Gamble","Moonworks:SubspaceTunnel"],"picked":"Moonworks:AccelHyper","floor":16},{"not_picked":["Moonworks:BigMagnum","Moonworks:SakisCookie+1","Moonworks:ExtendedPhotonRifle"],"picked":"SKIP","floor":18},{"not_picked":["Moonworks:WindyEnchantment","Moonworks:CloudOfSeagulls"],"picked":"Moonworks:DeployBits+1","floor":22},{"not_picked":["Moonworks:ReproductionOfRecords","Moonworks:BigMagnum"],"picked":"Moonworks:EvilSpyWorkPreparation","floor":24},{"not_picked":["Moonworks:CookingTime+1","Moonworks:SealedMemories","Moonworks:NicePresent"],"picked":"SKIP","floor":29},{"not_picked":["Moonworks:CloudOfSeagulls+1","Moonworks:DeployBits"],"picked":"Moonworks:HolyNight","floor":30},{"not_picked":["Moonworks:Bloodlust","Moonworks:DeployBits"],"picked":"Moonworks:SubspaceTunnel","floor":31},{"not_picked":["Moonworks:ReflectiveShell","Moonworks:AnotherUltimateWeapon"],"picked":"Moonworks:FinalBattle","floor":33},{"not_picked":["Moonworks:NicePresent+1","Moonworks:WindyEnchantment","Moonworks:SakisCookie+1"],"picked":"SKIP","floor":35},{"not_picked":["Moonworks:IndiscriminateFireSupport","Moonworks:ScrambledEve+1"],"picked":"Moonworks:JonathanRush","floor":38}],"player_experience":1283026,"relics_obtained":[{"floor":12,"key":"HollowMod:QueensCombRelic"},{"floor":22,"key":"wanderingMiniBosses:CarrionFlame"},{"floor":24,"key":"RuthlessExorcism:ReiMu"},{"floor":26,"key":"Bromod:ArcaneGuardian"},{"floor":31,"key":"Bromod:ArcaneNullifier"}],"event_choices":[{"damage_healed":0,"gold_gain":0,"player_choice":"Cursed","damage_taken":0,"max_hp_gain":0,"max_hp_loss":0,"event_name":"Wheel of Change","floor":2,"gold_loss":0,"cards_obtained":["Decay"]},{"damage_healed":0,"gold_gain":75,"player_choice":"Grab what you can","damage_taken":0,"max_hp_gain":0,"max_hp_loss":0,"event_name":"Creature of the Night","floor":5,"gold_loss":0},{"cards_removed":["Moonworks:LeapThroughSpace"],"damage_healed":0,"gold_gain":0,"player_choice":"Offered Rare","damage_taken":0,"max_hp_gain":10,"max_hp_loss":0,"event_name":"Bonfire Elementals","floor":14,"gold_loss":0},{"damage_healed":0,"gold_gain":0,"player_choice":"Leave","damage_taken":0,"max_hp_gain":0,"max_hp_loss":0,"event_name":"conspire:Investor","floor":37,"gold_loss":0}],"is_beta":false,"boss_relics":[{"not_picked":["hubris:TerracottaHorce","vexMod:ImprovementManual","Bromod:ArcaneEnergize"],"picked":"DemoMod:RiddleOfLead"},{"not_picked":["Pandora\u0027s Box","qcfpunch:Killian_Engine_Alpha","ReplayTheSpireMod:DimensionalGlitch"],"picked":"infinitespire:Cupcake"}],"items_purged_floors":[19],"is_endless":false,"potions_floor_spawned":[1,7,11,18,30,33],"killed_by":"Nightmare","ascension_level":0}}