{"host":"zftkeu5v9gqs3wr3","time":1609804944,"event":{"mods":["AchievementEnabler","Act Like it!","Bard","BaseMod","CapriCore","Curses Come First","Elementarium","Gensokyo","Hermit","Hero for Fun","Jorbs\u0027s Wanderer Trilogy","Mad Scientist","Minty Spire (QoL Compilation)","Potionbrewer","Rare Cards Sparkle","Shade Mod","StSLib","The Cursed","The Immortal","The Runesmith","TheSwordswoman"],"gold_per_floor":[115,129,145,159,179,179,179,179,179,179,189,189,189,208,208,313,313,323,323,323,323,335,360,360,44,71,71,81,106,119,20,20,20,20],"floor_reached":33,"playtime":1762,"items_purged":[],"score":257,"play_id":"e2a48845-a538-4178-9d61-cfe7bf2f4dc1","local_time":"20210105000224","is_ascension_mode":false,"campfire_choices":[{"data":"Distraction","floor":6,"key":"SMITH"},{"data":"Outmaneuver","floor":10,"key":"SMITH"},{"data":"Deadly Poison","floor":12,"key":"SMITH"},{"data":"Slice","floor":15,"key":"SMITH"},{"data":"Phantasmal Killer","floor":24,"key":"SMITH"},{"data":"Infinite Blades","floor":27,"key":"SMITH"},{"floor":32,"key":"REST"}],"circlet_count":0,"master_deck":["Strike_G","Strike_G","Strike_G","Strike_G","Strike_G","Defend_G","Defend_G","Defend_G","Defend_G","Defend_G","Survivor","Neutralize","Dagger Spray+1","Heel Hook","Outmaneuver+1","Deadly Poison+1","Distraction+1","Slice+1","Slice","Phantasmal Killer+1","Infinite Blades+1","Blade Dance","Noxious Fumes","Distraction+1","Crippling Poison","Well Laid Plans","Sucker Punch","Underhanded Strike+1","Noxious Fumes","Catalyst","Prepared"],"relics":["Ring of the Snake","NeowsBlessing","Runesmith:Nanobots","WristBlade","Omamori","Strange Spoon","Bag of Preparation","Lantern"],"acts_visited":["Exordium","TheCity"],"potions_floor_usage":[8,16,23,30,30],"damage_taken":[{"damage":0,"enemies":"Cultist","floor":1,"turns":1},{"damage":0,"enemies":"Jaw Worm","floor":2,"turns":1},{"damage":0,"enemies":"2 Louse","floor":3,"turns":1},{"damage":3,"enemies":"Exordium Wildlife","floor":4,"turns":3},{"damage":4,"enemies":"3 Louse","floor":5,"turns":4},{"damage":2,"enemies":"3 Louse","floor":8,"turns":7},{"damage":5,"enemies":"2 Fungi Beasts","floor":11,"turns":2},{"damage":5,"enemies":"Looter","floor":14,"turns":3},{"damage":28,"enemies":"Slime Boss","floor":16,"turns":12},{"damage":1,"enemies":"Shell Parasite","floor":18,"turns":2},{"damage":0,"enemies":"Chosen","floor":22,"turns":4},{"damage":31,"enemies":"Book of Stabbing","floor":23,"turns":4},{"damage":27,"enemies":"Snake Plant","floor":28,"turns":4},{"damage":5,"enemies":"Shelled Parasite and Fungi","floor":30,"turns":3},{"damage":35,"enemies":"Champ","floor":33,"turns":6}],"seed_played":"3235205149471324567","potions_obtained":[{"floor":1,"key":"DuplicationPotion"},{"floor":4,"key":"Fire Potion"},{"floor":5,"key":"potionbrewer:CleansingPotion"},{"floor":22,"key":"potionbrewer:DiscountPotion"},{"floor":28,"key":"Poison Potion"}],"is_trial":false,"path_per_floor":["M","M","M","M","M","R","?","?","T","R","M","R","?","M","R","B",null,"M","?","?","?","M","E","R","$","T","R","M","T","M","$","R","B"],"character_chosen":"THE_SILENT","items_purchased":["Strange Spoon","Crippling Poison","Well Laid Plans","Sucker Punch","Catalyst","Prepared"],"campfire_rested":1,"item_purchase_floors":[25,25,25,25,31,31],"current_hp_per_floor":[70,70,70,67,63,63,63,61,61,61,56,56,56,51,51,23,70,69,69,69,69,69,38,38,38,38,38,11,11,6,6,27,0,0],"gold":20,"neow_bonus":"THREE_ENEMY_KILL","is_daily":false,"chose_seed":false,"campfire_upgraded":6,"win_rate":0.0,"timestamp":1609804944,"path_taken":["M","M","?","M","M","R","?","?","T","R","M","R","?","M","R","BOSS","M","?","?","?","M","E","R","$","T","R","M","?","?","?","R","BOSS"],"items_purchased_type":["Relic","Card","Card","Card","Card","Card"],"build_version":"2020-12-22","purchased_purges":0,"victory":false,"max_hp_per_floor":[70,70,70,70,70,70,70,70,70,70,70,70,70,70,70,70,70,70,70,70,70,70,70,70,70,70,70,70,70,70,70,70,70,70],"card_choices":[{"not_picked":["Caltrops","Cloak And Dagger"],"picked":"Dagger Spray","floor":1},{"not_picked":["Accuracy","Dagger Throw"],"picked":"Heel Hook","floor":2},{"not_picked":["Bane","Acrobatics"],"picked":"Outmaneuver","floor":3},{"not_picked":["Glass Knife","Sucker Punch"],"picked":"Deadly Poison","floor":4},{"not_picked":["Outmaneuver","Prepared"],"picked":"Distraction","floor":5},{"not_picked":["Infinite Blades","Deflect"],"picked":"Slice","floor":11},{"not_picked":["Poisoned Stab","Dodge and Roll"],"picked":"Slice","floor":14},{"not_picked":["Glass Knife","Tools of the Trade"],"picked":"Phantasmal Killer","floor":16},{"not_picked":["Bane","Outmaneuver"],"picked":"Infinite Blades","floor":18},{"not_picked":["Poisoned Stab","Dagger Spray"],"picked":"Noxious Fumes","floor":22},{"not_picked":["PiercingWail","Blade Dance"],"picked":"Distraction+1","floor":23},{"not_picked":["Well Laid Plans","Sucker Punch"],"picked":"Underhanded Strike+1","floor":28},{"not_picked":["Deflect","Dagger Throw"],"picked":"Noxious Fumes","floor":30}],"player_experience":103334,"relics_obtained":[{"floor":9,"key":"Runesmith:Nanobots"},{"floor":23,"key":"Omamori"},{"floor":26,"key":"Bag of Preparation"},{"floor":29,"key":"Lantern"}],"event_choices":[{"damage_healed":0,"gold_gain":0,"player_choice":"Grow","damage_taken":0,"max_hp_gain":0,"max_hp_loss":0,"event_name":"Living Wall","floor":7,"gold_loss":0,"cards_upgraded":["Dagger Spray"]},{"damage_healed":0,"gold_gain":0,"player_choice":"Ignored","damage_taken":0,"max_hp_gain":0,"max_hp_loss":0,"event_name":"Liars Game","floor":13,"gold_loss":0},{"damage_healed":0,"gold_gain":0,"player_choice":"Ignored","damage_taken":0,"max_hp_gain":0,"max_hp_loss":0,"event_name":"The Mausoleum","floor":19,"gold_loss":0},{"damage_healed":0,"gold_gain":0,"player_choice":"Read","damage_taken":0,"max_hp_gain":0,"max_hp_loss":0,"event_name":"The Library","floor":20,"gold_loss":0,"cards_obtained":["Blade Dance"]},{"damage_healed":0,"gold_gain":0,"player_choice":"Ignored","damage_taken":0,"max_hp_gain":0,"max_hp_loss":0,"event_name":"Cursed Tome","floor":21,"gold_loss":0}],"is_beta":false,"boss_relics":[{"not_picked":["Fusion Hammer","Runic Dome"],"picked":"WristBlade"}],"items_purged_floors":[],"is_endless":false,"potions_floor_spawned":[1,4,5,22,28],"killed_by":"Champ","ascension_level":0}}