{"host":"0nfdmr2b19ur4mbc","time":1609870418,"event":{"mods":["2.2 Compatiblity","AchievementEnabler","Aspiration","BaseMod","Better Match","Better Note","Better Third Choice","Better Vampires","Disable Question Mark Monsters","Googly Eyes","Hubris","Infinite Spire","Minty Spire (QoL Compilation)","Quick Restart","Rare Cards Sparkle","Replay The Spire","StSLib"],"gold_per_floor":[110,110,110,129,129,161,161,176,201,221,146,165,183,202,202,303,303,323,323,323,248,97,97,97],"floor_reached":23,"playtime":771,"items_purged":["Regret","Strike_R"],"score":266,"play_id":"19181b12-6224-47b6-9221-16db5f1f7a92","local_time":"20210105191338","is_ascension_mode":false,"campfire_choices":[{"data":"Pommel Strike","floor":7.0,"key":"SMITH"}],"circlet_count":0,"master_deck":["Strike_R","Strike_R","Strike_R","Defend_R","Defend_R","Defend_R","Defend_R","Bash","Whirlwind","Spot Weakness","Pommel Strike+1","Armaments","Impervious","Exhume","hubris:DuctTapeCard","hubris:DuctTapeCard"],"relics":["Burning Blood","NeowsBlessing","infinitespire:Beetle Shell","Nunchaku","Gremlin Food","Black Star","hubris:DuctTape","ReplayTheSpireMod:TigerMarble"],"acts_visited":["Exordium","TheCity"],"potions_floor_usage":[14,16,21,23],"damage_taken":[{"damage":0.0,"enemies":"Small Slimes","floor":1.0,"turns":1.0},{"damage":0.0,"enemies":"Jaw Worm","floor":4.0,"turns":1.0},{"damage":0.0,"enemies":"Lagavulin","floor":6.0,"turns":1.0},{"damage":0.0,"enemies":"2 Louse","floor":8.0,"turns":1.0},{"damage":21.0,"enemies":"Red Slaver","floor":10.0,"turns":3.0},{"damage":6.0,"enemies":"3 Louse","floor":12.0,"turns":2.0},{"damage":14,"enemies":"Gremlin Gang","floor":13,"turns":3},{"damage":13,"enemies":"Exordium Thugs","floor":14,"turns":3},{"damage":0,"enemies":"Slime Boss","floor":16,"turns":8},{"damage":39,"enemies":"Shell Parasite","floor":18,"turns":9},{"damage":19,"enemies":"2 Thieves","floor":21,"turns":5},{"damage":17,"enemies":"Book of Stabbing","floor":23,"turns":3}],"seed_played":"-4414979815998240628","potions_obtained":[{"floor":6.0,"key":"ElixirPotion"},{"floor":8.0,"key":"SpeedPotion"},{"floor":12.0,"key":"AttackPotion"},{"floor":14,"key":"SneckoOil"},{"floor":18,"key":"CultistPotion"}],"is_trial":false,"path_per_floor":["M","?","?","M","$","E","R","M","T","M","$","M","M","M","R","B",null,"M","AVR","?","M","$","E"],"character_chosen":"IRONCLAD","items_purchased":["ReplayTheSpireMod:TigerMarble"],"campfire_rested":0,"item_purchase_floors":[22],"current_hp_per_floor":[80,80,80,80,80,80,80,80,80,65,65,65,57,50,50,56,80,47,47,47,34,34,17,17],"gold":97,"neow_bonus":"THREE_ENEMY_KILL","is_daily":false,"chose_seed":false,"campfire_upgraded":1,"win_rate":0.0,"timestamp":1609870418,"path_taken":["M","?","?","M","?","E","R","M","T","M","$","M","M","M","R","BOSS","M","AVR","?","M","$","E"],"items_purchased_type":["Relic"],"build_version":"2020-12-22","purchased_purges":2,"victory":false,"max_hp_per_floor":[80,80,80,80,80,80,80,80,80,80,80,80,80,80,80,80,80,80,80,80,80,80,80,80],"card_choices":[{"not_picked":["Burning Pact","Hemokinesis"],"picked":"Whirlwind","floor":1.0},{"not_picked":["Dropkick","Flame Barrier"],"picked":"Spot Weakness","floor":4.0},{"not_picked":["Bloodletting","Searing Blow"],"picked":"Pommel Strike","floor":6.0},{"not_picked":["Headbutt","Run Through","Rupture"],"picked":"SKIP","floor":8.0},{"not_picked":["Spot Weakness","Thunderclap"],"picked":"Ghostly Armor","floor":10.0},{"not_picked":["Burning Pact","ReplayReversal","Anger"],"picked":"SKIP","floor":12.0},{"not_picked":["Anger","Warcry"],"picked":"Armaments","floor":13},{"not_picked":["Shrug It Off","Flex"],"picked":"Metallicize","floor":14},{"not_picked":["Juggernaut","Hemogenesis"],"picked":"Exhume","floor":16},{"not_picked":["Flex","True Grit","ReplayTheSpireMod:Limb From Limb"],"picked":"SKIP","floor":18},{"not_picked":["Anger","Sword Boomerang","Body Slam"],"picked":"SKIP","floor":21}],"player_experience":153644,"relics_obtained":[{"floor":6.0,"key":"Nunchaku"},{"floor":9.0,"key":"Gremlin Food"}],"event_choices":[{"damage_healed":0.0,"max_hp_gain":0.0,"max_hp_loss":0.0,"gold_gain":0.0,"event_name":"Big Fish","player_choice":"Box","floor":2.0,"gold_loss":0.0,"damage_taken":0.0,"relics_obtained":["infinitespire:Beetle Shell"],"cards_obtained":["Regret"]},{"damage_healed":0,"gold_gain":0,"player_choice":"Copied","damage_taken":0,"max_hp_gain":0,"max_hp_loss":0,"event_name":"Duplicator","floor":20,"gold_loss":0,"cards_obtained":["hubris:DuctTapeCard"]}],"is_beta":false,"boss_relics":[{"not_picked":["Busted Crown","hubris:CrackedHourglass"],"picked":"Black Star"}],"items_purged_floors":[11,19],"is_endless":false,"potions_floor_spawned":[6,8,12,14,18],"killed_by":"Book of Stabbing","ascension_level":0}}