{"host":"o9f8b8qp367yg72z","time":1609828707,"event":{"mods":["2.2 Compatiblity","BaseMod","Beaked The Cultist","Clockwork Mod","Colored Map","Colored Powertips","Downfall","Gold Saver","Highlight Path","Marisa????????","Minty Spire (QoL Compilation)","Rare Cards Sparkle","Relic Stats","Shade Mod","StSLib","The Blackbeard","The Caster","The Construct","The Dragon Tamer","The Gatherer","The Servant 0.9.4","The Spell Scribe","TheVacant"],"gold_per_floor":[115,115,0,0,0,35,35,69,69,69,69,133,157,173,173,272,272,283,106,205,205,205,205,232,232,232,252,34,47,16,48,48,148,148,165,0,17,35,35,63,73,2,28,81,81,91,91,91,91,91,91,91,121,151,151],"floor_reached":56,"playtime":2627,"items_purged":["theVacant:VacantStarterStrike","theVacant:VacantStarterStrike","theVacant:VacantStarterStrike+1","theVacant:VacantStarterDefend","theVacant:VacantStarterDefend"],"score":1465,"play_id":"55ce46bd-0ee9-4e10-819d-61d54aab3b82","local_time":"20210105173827","is_ascension_mode":false,"campfire_choices":[{"data":"theVacant:Crunch","floor":7,"key":"SMITH"},{"data":"theVacant:ShutAway","floor":10,"key":"SMITH"},{"data":"theVacant:OnSecondThought","floor":15,"key":"SMITH"},{"data":"theVacant:VoidEmbrace","floor":23,"key":"SMITH"},{"data":"theVacant:DarkStrike","floor":25,"key":"SMITH"},{"data":"theVacant:Gloom","floor":32,"key":"SMITH"},{"data":"theVacant:VoidEmbrace","floor":45,"key":"SMITH"},{"data":"theVacant:Snowball","floor":47,"key":"SMITH"},{"floor":49,"key":"RECALL"},{"data":"theVacant:Dig","floor":52,"key":"SMITH"}],"circlet_count":0,"master_deck":["theVacant:VacantStarterDefend+1","theVacant:Release+1","theVacant:Crunch+1","theVacant:ShutAway+1","theVacant:Dig+1","theVacant:Jab","theVacant:Whip","theVacant:Expand","theVacant:Recover","theVacant:OnSecondThought+1","theVacant:DarkStrike+1","theVacant:VoidEmbrace+1","theVacant:ShutAway+1","theVacant:Jab","theVacant:SurpriseAttack","theVacant:Gloom+1","theVacant:MindBreak","theVacant:VoidEmbrace+1","theVacant:DeathSpiral","theVacant:Snowball+1","expansioncontent:DefensiveStance","expansioncontent:CaCaw","Deep Breath","theVacant:Husk+1"],"relics":["theVacant:BrassGoblet","NeowsBlessing","Frozen Eye","Juzu Bracelet","Singing Bowl","Gremlin Horn","Bird Faced Urn","Odd Mushroom","beaked:SacredDeck","Ice Cream","FossilizedHelix","Enchiridion","Girya","Mango","OrangePellets","Meat on the Bone","construct:WeddingRing","Red Mask","TungstenRod","Potion Belt","Gambling Chip","Nunchaku","Medical Kit","Anchor"],"acts_visited":["Exordium","TheCity","TheBeyond","TheEnding"],"potions_floor_usage":[8,18,31,33,50,55,55,55],"damage_taken":[{"damage":0,"enemies":"2 Louse","floor":1,"turns":1},{"damage":0,"enemies":"Gremlin Nob","floor":6,"turns":1},{"damage":0,"enemies":"3 Sentries","floor":8,"turns":1},{"damage":24,"enemies":"Lagavulin Event","floor":12,"turns":5},{"damage":8,"enemies":"The Mushroom Lair","floor":13,"turns":4},{"damage":6,"enemies":"Small Slimes","floor":14,"turns":4},{"damage":17,"enemies":"Slime Boss","floor":16,"turns":6},{"damage":9,"enemies":"3 Byrds","floor":18,"turns":4},{"damage":24,"enemies":"Slavers","floor":24,"turns":3},{"damage":0,"enemies":"Chosen","floor":27,"turns":1},{"damage":0,"enemies":"Shelled Parasite and Fungi","floor":29,"turns":1},{"damage":0,"enemies":"Book of Stabbing","floor":31,"turns":4},{"damage":19,"enemies":"Collector","floor":33,"turns":3},{"damage":0,"enemies":"3 Darklings","floor":35,"turns":1},{"damage":0,"enemies":"Orb Walker","floor":37,"turns":1},{"damage":0,"enemies":"Maw","floor":38,"turns":4},{"damage":0,"enemies":"Reptomancer","floor":40,"turns":3},{"damage":0,"enemies":"Sphere and 2 Shapes","floor":41,"turns":1},{"damage":5,"enemies":"2 Orb Walkers","floor":44,"turns":2},{"damage":15,"enemies":"Spire Growth","floor":46,"turns":3},{"damage":35,"enemies":"Donu and Deca","floor":50,"turns":6},{"damage":0,"enemies":"Shield and Spear","floor":54,"turns":3},{"damage":66,"enemies":"The Heart","floor":55,"turns":6}],"seed_played":"-867039555466676352","potions_obtained":[{"floor":6,"key":"FairyPotion"},{"floor":8,"key":"Fruit Juice"},{"floor":14,"key":"Block Potion"},{"floor":27,"key":"ColorlessPotion"},{"floor":29,"key":"DistilledChaos"},{"floor":38,"key":"FairyPotion"},{"floor":44,"key":"Weak Potion"}],"is_trial":false,"path_per_floor":["M","?","$","?","?","E","R","E","T","R","?","?","?","M","R","B",null,"M","$","?","?","?","R","E","R","T","M","$","M","$","E","R","B",null,"M","?","M","M","?","E","M","$","T","?","R","M","R","?","R","B",null,"R","$","E","B",null],"character_chosen":"THE_VACANT","items_purchased":["theVacant:Dig","theVacant:Jab","theVacant:Whip","theVacant:Expand","Frozen Eye","Ice Cream","FossilizedHelix","OrangePellets","theVacant:Gloom","theVacant:MindBreak","theVacant:Snowball","Nunchaku","Medical Kit","Deep Breath","AttackPotion","Block Potion","FearPotion"],"campfire_rested":0,"item_purchase_floors":[3,3,3,3,3,19,19,28,28,30,42,53,53,53,53,53,53],"current_hp_per_floor":[80,80,80,73,57,57,57,64,64,64,64,49,50,54,54,44,99,94,94,94,94,78,78,64,64,78,80,80,86,86,92,92,90,123,125,125,127,131,131,133,137,137,137,136,136,132,132,125,125,102,149,149,149,151,95],"gold":151,"neow_bonus":"THREE_ENEMY_KILL","is_daily":false,"chose_seed":false,"campfire_upgraded":9,"win_rate":0.0,"timestamp":1609828707,"path_taken":["M","?","$","?","?","E","R","E","T","R","?","?","?","M","R","BOSS","M","$","?","?","?","R","E","R","T","M","$","M","?","E","R","BOSS","M","?","M","M","?","E","M","$","T","?","R","M","R","?","R","BOSS","R","$","E","BOSS"],"items_purchased_type":["Card","Card","Card","Card","Relic","Relic","Relic","Relic","Card","Card","Card","Relic","Relic","Card","Potion","Potion","Potion"],"build_version":"2020-12-22","purchased_purges":5,"victory":true,"max_hp_per_floor":[80,80,80,80,80,80,80,87,87,87,87,91,95,97,97,99,99,101,101,101,101,101,101,105,105,119,119,119,121,121,121,121,123,123,125,125,127,131,131,133,137,137,137,141,141,145,145,147,147,149,149,149,149,151,153],"relic_stats":{"OrangePellets":[10],"Nunchaku":[3],"Singing Bowl":26,"Gremlin Horn":[21,21],"counters":[23,68],"Bird Faced Urn":[61],"Gambling Chip":[6],"Juzu Bracelet":2,"Medical Kit":[6],"obtain_stats":[{"Ice Cream":19,"Potion Belt":43,"Girya":24,"theVacant:BrassGoblet":0,"construct:WeddingRing":34,"NeowsBlessing":0,"Singing Bowl":8,"Gremlin Horn":11,"Enchiridion":22,"Mango":26,"Juzu Bracelet":6,"Odd Mushroom":13,"Medical Kit":53,"Frozen Eye":3,"OrangePellets":28,"Nunchaku":53,"Anchor":54,"Bird Faced Urn":12,"Gambling Chip":44,"beaked:SacredDeck":17,"Red Mask":36,"FossilizedHelix":19,"TungstenRod":40,"Meat on the Bone":31},{"Ice Cream":8,"Potion Belt":18,"Girya":9,"theVacant:BrassGoblet":0,"construct:WeddingRing":13,"NeowsBlessing":0,"Singing Bowl":3,"Gremlin Horn":3,"Enchiridion":8,"Mango":9,"Juzu Bracelet":2,"Odd Mushroom":5,"Medical Kit":21,"Frozen Eye":1,"OrangePellets":10,"Nunchaku":21,"Anchor":22,"Bird Faced Urn":4,"Gambling Chip":19,"beaked:SacredDeck":7,"Red Mask":14,"FossilizedHelix":8,"TungstenRod":17,"Meat on the Bone":12},{"Ice Cream":26,"Potion Belt":48,"Girya":29,"theVacant:BrassGoblet":0,"construct:WeddingRing":38,"NeowsBlessing":0,"Singing Bowl":3,"Gremlin Horn":3,"Enchiridion":26,"Mango":29,"Juzu Bracelet":2,"Odd Mushroom":12,"Medical Kit":59,"Frozen Eye":1,"OrangePellets":30,"Nunchaku":59,"Anchor":62,"Bird Faced Urn":8,"Gambling Chip":50,"beaked:SacredDeck":22,"Red Mask":39,"FossilizedHelix":26,"TungstenRod":47,"Meat on the Bone":35}],"TungstenRod":50,"Meat on the Bone":0},"card_choices":[{"not_picked":["theVacant:Spinshield","theVacant:FranticBlow"],"picked":"theVacant:ShutAway","floor":1},{"not_picked":["theVacant:Cower","theVacant:Exorcise"],"picked":"theVacant:Recover","floor":6},{"not_picked":["theVacant:WhenDarknessComes","theVacant:Thoughtseize","theVacant:Jab"],"picked":"Singing Bowl","floor":8},{"not_picked":["theVacant:GraveDigger","theVacant:CursedBlast","theVacant:Soothe"],"picked":"Singing Bowl","floor":12},{"not_picked":["theVacant:Thoughtseize","theVacant:FranticBlow","theVacant:WhenDarknessComes"],"picked":"Singing Bowl","floor":13},{"not_picked":["theVacant:Dig","theVacant:Fling"],"picked":"theVacant:OnSecondThought","floor":14},{"not_picked":["theVacant:TimeSkip","theVacant:FiendFrost"],"picked":"theVacant:DarkStrike","floor":16},{"not_picked":["theVacant:Expand","theVacant:Thoughtseize"],"picked":"theVacant:ShutAway+1","floor":18},{"not_picked":["theVacant:Dig","theVacant:Fling+1","theVacant:Fortify"],"picked":"Singing Bowl","floor":24},{"not_picked":["theVacant:Thoughtseize","theVacant:EyePoke+1"],"picked":"theVacant:SurpriseAttack","floor":27},{"not_picked":["theVacant:Return","theVacant:Thoughtseize","theVacant:Enrage+1"],"picked":"Singing Bowl","floor":29},{"not_picked":["theVacant:Whip","theVacant:Dig"],"picked":"theVacant:VoidEmbrace","floor":31},{"not_picked":["theVacant:DarkStrike","theVacant:Prevent"],"picked":"theVacant:DeathSpiral","floor":33},{"not_picked":["theVacant:FranticBlow","theVacant:CursedBlast","theVacant:Throttle"],"picked":"Singing Bowl","floor":35},{"not_picked":["theVacant:ReaperStrike+1","theVacant:Jab","theVacant:Return"],"picked":"Singing Bowl","floor":37},{"not_picked":["theVacant:Whip+1","theVacant:BattleScars+1","theVacant:Immaterialize"],"picked":"Singing Bowl","floor":38},{"not_picked":["theVacant:FranticBlow","theVacant:Enrage","theVacant:Spinshield+1"],"picked":"Singing Bowl","floor":40},{"not_picked":["theVacant:PitOfDespair","theVacant:GraveWave","theVacant:HolyWater+1"],"picked":"Singing Bowl","floor":41},{"not_picked":["theVacant:Exorcise","theVacant:Yeet","theVacant:OnSecondThought+1"],"picked":"Singing Bowl","floor":44},{"not_picked":["theVacant:Cower","theVacant:CursedBlast","theVacant:SpiritOrb"],"picked":"Singing Bowl","floor":46},{"not_picked":["Impatience","Transmutation","expansioncontent:DefensiveMode"],"picked":"Singing Bowl","floor":48},{"not_picked":["expansioncontent:Flail","expansioncontent:StudyTheSpire"],"picked":"expansioncontent:DefensiveStance","floor":48},{"not_picked":["expansioncontent:HyperBeam","expansioncontent:DarkVoid"],"picked":"expansioncontent:CaCaw","floor":48},{"not_picked":["theVacant:HolyWater","theVacant:BattleScars"],"picked":"theVacant:Husk+1","floor":54}],"player_experience":328962,"relics_obtained":[{"floor":6,"key":"Juzu Bracelet"},{"floor":8,"key":"Singing Bowl"},{"floor":12,"key":"Bird Faced Urn"},{"floor":13,"key":"Odd Mushroom"},{"floor":22,"key":"Enchiridion"},{"floor":24,"key":"Girya"},{"floor":26,"key":"Mango"},{"floor":31,"key":"Meat on the Bone"},{"floor":40,"key":"TungstenRod"},{"floor":43,"key":"Potion Belt"},{"floor":44,"key":"Gambling Chip"},{"floor":54,"key":"Anchor"}],"event_choices":[{"damage_healed":0,"gold_gain":0,"player_choice":"Grow","damage_taken":0,"max_hp_gain":0,"max_hp_loss":0,"event_name":"Living Wall","floor":2,"gold_loss":0,"cards_upgraded":["theVacant:Release"]},{"cards_removed":["theVacant:VacantStarterStrike"],"damage_healed":0,"gold_gain":0,"player_choice":"Card Removal","damage_taken":7,"max_hp_gain":0,"max_hp_loss":0,"event_name":"Golden Wing","floor":4,"gold_loss":0},{"damage_healed":0,"gold_gain":0,"player_choice":"Entered Light","damage_taken":16,"max_hp_gain":0,"max_hp_loss":0,"event_name":"Shining Light","floor":5,"gold_loss":0,"cards_upgraded":["theVacant:VacantStarterDefend","theVacant:VacantStarterStrike"]},{"damage_healed":0,"gold_gain":0,"player_choice":"Box","damage_taken":0,"relics_obtained":["Gremlin Horn"],"max_hp_gain":0,"max_hp_loss":0,"event_name":"Big Fish","floor":11,"gold_loss":0,"cards_obtained":["Regret"]},{"damage_healed":0,"gold_gain":30,"player_choice":"Searched \u00272\u0027 times","damage_taken":0,"max_hp_gain":0,"max_hp_loss":0,"event_name":"Dead Adventurer","floor":12,"gold_loss":0},{"damage_healed":0,"gold_gain":0,"player_choice":"Fought Mushrooms","damage_taken":0,"max_hp_gain":0,"max_hp_loss":0,"event_name":"Mushrooms","floor":13,"gold_loss":0},{"damage_healed":0,"gold_gain":99,"player_choice":"Stole From Cult","damage_taken":0,"max_hp_gain":0,"max_hp_loss":0,"event_name":"Nest","floor":20,"gold_loss":0},{"damage_healed":0,"gold_gain":0,"player_choice":"Read","damage_taken":0,"max_hp_gain":0,"max_hp_loss":0,"event_name":"The Library","floor":21,"gold_loss":0,"cards_obtained":["theVacant:Jab"]},{"damage_healed":0,"gold_gain":0,"player_choice":"Obtained Book","damage_taken":16,"max_hp_gain":0,"max_hp_loss":0,"event_name":"Cursed Tome","floor":22,"gold_loss":0},{"damage_healed":0,"gold_gain":0,"player_choice":"Paid","damage_taken":0,"relics_obtained":["Red Mask"],"max_hp_gain":0,"max_hp_loss":0,"event_name":"Tomb of Lord Red Mask","floor":36,"gold_loss":165},{"cards_removed":["theVacant:VacantStarterDefend"],"damage_healed":0,"gold_gain":0,"player_choice":"Purged","damage_taken":0,"max_hp_gain":0,"max_hp_loss":0,"event_name":"Purifier","floor":39,"gold_loss":0},{"damage_healed":0,"gold_gain":0,"player_choice":"Fight","damage_taken":0,"max_hp_gain":0,"max_hp_loss":0,"event_name":"Mysterious Sphere","floor":44,"gold_loss":0},{"damage_healed":0,"gold_gain":0,"player_choice":"Memory 3","damage_taken":10,"max_hp_gain":0,"max_hp_loss":0,"event_name":"SensoryStone","floor":48,"gold_loss":0}],"is_beta":false,"boss_relics":[{"not_picked":["Pandora\u0027s Box","Astrolabe"],"picked":"beaked:SacredDeck"},{"not_picked":["beaked:MawFillet","Cursed Key"],"picked":"construct:WeddingRing"}],"items_purged_floors":[19,28,30,42,53],"is_endless":false,"potions_floor_spawned":[6,8,14,27,29,38,44],"ascension_level":0}}