{"host":"l2dnabsh5e0fsksb","time":1609850439,"event":{"mods":["2.2 Compatiblity","BaseMod","Downfall","Minty Spire (QoL Compilation)","Quick Restart","StSLib"],"gold_per_floor":[99,109,209,226,226,246,246,171,190,248,98,128,53,67,87,182,182,182,196,207,225,240,250,250,275,290,319,338,338,338,34,52,157,157,157,168,168,168,179,179,179,198,25,37,54,54,96,120,139,139],"floor_reached":51,"playtime":2172,"items_purged":[],"score":972,"play_id":"6c14b1f4-3965-40a8-9e92-85fcb659cf18","local_time":"20210105231039","is_ascension_mode":true,"campfire_choices":[{"floor":1,"key":"RECALL"},{"data":"champ:DefensiveStyle","floor":8,"key":"SMITH"},{"data":"champ:TornadoPunch","floor":13,"key":"SMITH"},{"data":"champ:RecklessLeap","floor":18,"key":"SMITH"},{"floor":29,"key":"REST"},{"data":"champ:Backstep","floor":35,"key":"SMITH"},{"data":"champ:Taunt","floor":40,"key":"SMITH"},{"floor":46,"key":"REST"}],"circlet_count":0,"master_deck":["champ:Strike","champ:Strike","champ:Strike","champ:Defend","champ:Defend","champ:Defend","champ:Defend","champ:Execute+1","champ:Taunt+1","champ:RecklessLeap+1","champ:DefensiveStyle+1","champ:TornadoPunch+1","champ:FaceSlap","champ:CrookedStrike+1","champ:Duel+1","champ:GladiatorStyle+1","champ:FaceSlap+1","champ:CrookedStrike+1","champ:SteelEdge+1","champ:BringItOn+1","champ:Encircle+1","champ:GladiatorsShout+1","champ:Backstep+1","champ:Duel+1","champ:StrikeOfGenius+1","champ:CalledShot+1","champ:BerserkerStyle+1","champ:SkillfulDodge","champ:FanOfKnives+1","champ:Haymaker+1","champ:CheapShot+1","champ:Circumvent+1","champ:AdrenalArmor","champ:AdrenalArmor+1","champ:Duel+1","champ:RisingSlash+1","Parasite","champ:Lariat","champ:DefensiveShout","champ:IronFortress+1","champ:FlashCut+1","champ:Circumvent+1"],"relics":["champ:ChampionCrown","Champion Belt","Molten Egg 2","downfall:HeartBlessingRed","Vajra","Mummified Hand","downfall:HeartBlessingGreen","Sozu","Mercury Hourglass","Frozen Egg 2","Du-Vu Doll","MutagenicStrength","Pantograph","expansioncontent:StudyCardRelic","hexamod:BolsterEngine","Toy Ornithopter","HandDrill","CeramicFish"],"acts_visited":["Exordium","TheCity","TheBeyond"],"potions_floor_usage":[10,33,33,50],"damage_taken":[{"damage":0,"enemies":"2 Louse","floor":2,"turns":2},{"damage":38,"enemies":"2 Louse","floor":3,"turns":4},{"damage":20,"enemies":"Cultist","floor":4,"turns":2},{"damage":7,"enemies":"Small Slimes","floor":6,"turns":2},{"damage":29,"enemies":"Gremlin Gang","floor":9,"turns":3},{"damage":40,"enemies":"3 Sentries","floor":10,"turns":4},{"damage":39,"enemies":"Gremlin Nob","floor":12,"turns":4},{"damage":0,"enemies":"Exordium Thugs","floor":14,"turns":2},{"damage":20,"enemies":"Large Slime","floor":15,"turns":4},{"damage":46,"enemies":"downfall:Silent","floor":16,"turns":6},{"damage":0,"enemies":"Spheric Guardian","floor":19,"turns":3},{"damage":32,"enemies":"Cultist and Chosen","floor":20,"turns":3},{"damage":21,"enemies":"Snake Plant","floor":21,"turns":4},{"damage":22,"enemies":"Centurion and Healer","floor":22,"turns":3},{"damage":25,"enemies":"Cultist and Chosen","floor":23,"turns":5},{"damage":47,"enemies":"Slavers","floor":25,"turns":4},{"damage":25,"enemies":"Sentry and Sphere","floor":26,"turns":3},{"damage":29,"enemies":"Book of Stabbing","floor":27,"turns":4},{"damage":27,"enemies":"3 Cultists","floor":28,"turns":5},{"damage":36,"enemies":"downfall:FleeingMerchant","floor":31,"turns":4},{"damage":13,"enemies":"Centurion and Healer","floor":32,"turns":4},{"damage":18,"enemies":"downfall:Defect","floor":33,"turns":6},{"damage":0,"enemies":"Orb Walker","floor":36,"turns":3},{"damage":15,"enemies":"3 Shapes","floor":39,"turns":2},{"damage":50,"enemies":"Sphere and 2 Shapes","floor":42,"turns":5},{"damage":35,"enemies":"downfall:FleeingMerchant","floor":43,"turns":4},{"damage":6,"enemies":"Writhing Mass","floor":44,"turns":4},{"damage":76,"enemies":"Transient","floor":45,"turns":5},{"damage":30,"enemies":"Nemesis","floor":47,"turns":5},{"damage":22,"enemies":"Maw","floor":48,"turns":5},{"damage":12,"enemies":"Spire Growth","floor":49,"turns":3},{"damage":36,"enemies":"downfall:Watcher","floor":50,"turns":7}],"seed_played":"2228078902558918815","potions_obtained":[{"floor":3,"key":"sneckomod:MuddlingPotion"},{"floor":4,"key":"BlessingOfTheForge"},{"floor":5,"key":"LiquidBronze"},{"floor":5,"key":"Dexterity Potion"},{"floor":12,"key":"champ:OpenerPotion"}],"is_trial":false,"path_per_floor":["R","M","?","M","?","M","T","R","M","?","?","E","R","M","M","B",null,"R","M","M","M","M","M","T","E","M","E","M","R","?","$","M","B",null,"R","M","?","?","M","R","T","M","$","M","M","R","E","M","M","B",null],"character_chosen":"THE_CHAMP","items_purchased":["Pantograph","champ:FanOfKnives+1","hexamod:BolsterEngine","Toy Ornithopter","HandDrill","champ:RisingSlash+1"],"campfire_rested":2,"item_purchase_floors":[31,31,43,43,43,43],"current_hp_per_floor":[90,90,67,67,67,65,65,65,51,34,100,81,81,81,81,55,100,100,100,88,74,74,74,74,47,47,40,20,50,50,50,42,67,100,100,100,100,92,77,77,77,57,57,57,40,70,66,66,66,92],"gold":139,"neow_bonus":"UPGRADE_CARD","is_daily":false,"chose_seed":false,"campfire_upgraded":5,"win_rate":0.0,"timestamp":1609850439,"path_taken":["R","M","?","M","?","M","T","R","?","?","?","E","R","M","M","BOSS","R","M","?","M","?","M","T","E","?","E","M","R","?","$","M","BOSS","R","M","?","?","?","R","T","M","$","M","M","R","E","M","M","BOSS"],"items_purchased_type":["Relic","Card","Relic","Relic","Relic","Card"],"build_version":"2020-12-22","purchased_purges":0,"victory":true,"max_hp_per_floor":[90,90,90,90,90,90,90,90,90,90,100,100,100,100,100,100,100,100,100,100,100,100,100,100,100,100,100,100,100,100,100,100,100,100,100,100,100,100,100,100,100,100,100,100,100,100,100,100,100,100],"card_choices":[{"not_picked":["champ:Riposte","champ:FightOn"],"picked":"champ:RecklessLeap","floor":2},{"not_picked":["champ:Haymaker","champ:DefensiveShout"],"picked":"champ:DefensiveStyle","floor":3},{"not_picked":["champ:RageSigil","champ:HeartStrike"],"picked":"champ:TornadoPunch","floor":4},{"not_picked":["champ:EndlessRage","champ:StanceDance"],"picked":"champ:FaceSlap","floor":6},{"not_picked":["champ:BerserkersShout","champ:DefensiveShout"],"picked":"champ:CrookedStrike+1","floor":9},{"not_picked":["champ:RecklessLeap+1","champ:Backstep"],"picked":"champ:Duel+1","floor":10},{"not_picked":["champ:AdrenalArmor","champ:RisingSlash+1"],"picked":"champ:GladiatorStyle","floor":12},{"not_picked":["champ:PreciseThrust+1","champ:TornadoPunch+1"],"picked":"champ:FaceSlap+1","floor":14},{"not_picked":["champ:ShieldSigil","champ:EnchantCrown"],"picked":"champ:CrookedStrike+1","floor":15},{"not_picked":["champ:EnchantCrown","champ:DancingMaster"],"picked":"champ:SteelEdge+1","floor":16},{"not_picked":["champ:BerserkersShout","champ:RageSigil"],"picked":"champ:BringItOn+1","floor":19},{"not_picked":["champ:BerserkersShout","champ:EnGarde"],"picked":"champ:Encircle+1","floor":20},{"not_picked":["champ:BladeFlurry+1","champ:Lariat"],"picked":"champ:GladiatorsShout+1","floor":21},{"not_picked":["champ:EnGarde","champ:Riposte"],"picked":"champ:Backstep","floor":22},{"not_picked":["champ:StanceDance+1","champ:FocusedDefense"],"picked":"champ:Duel+1","floor":23},{"not_picked":["champ:FanOfKnives+1","champ:Backstep"],"picked":"champ:StrikeOfGenius+1","floor":25},{"not_picked":["champ:Aggression+1","champ:ShieldSigil"],"picked":"champ:CalledShot+1","floor":26},{"not_picked":["champ:FocusedDefense","champ:CrookedStrike+1"],"picked":"champ:BerserkerStyle+1","floor":27},{"not_picked":["champ:EndlessRage+1","champ:StanceDance"],"picked":"champ:SkillfulDodge","floor":28},{"not_picked":["champ:TornadoPunch+1","champ:FalseCounter+1","champ:PreciseThrust+1"],"picked":"SKIP","floor":31},{"not_picked":["champ:BladeFlurry+1","champ:FlashCut+1"],"picked":"champ:Haymaker+1","floor":32},{"not_picked":["champ:PerfectForm+1","champ:EnchantSword"],"picked":"champ:CheapShot+1","floor":33},{"not_picked":["champ:CalledShot+1","champ:CrookedStrike+1"],"picked":"champ:Circumvent+1","floor":36},{"not_picked":["champ:FocusedDefense+1","champ:CrookedStrike+1"],"picked":"champ:AdrenalArmor","floor":39},{"not_picked":["champ:BerserkerStyle+1","champ:EnragedBash+1"],"picked":"champ:AdrenalArmor+1","floor":42},{"not_picked":["champ:GutPunch+1","champ:StanceDance+1"],"picked":"champ:Duel+1","floor":43},{"not_picked":["champ:DefensiveShout+1","champ:Control"],"picked":"champ:Lariat","floor":44},{"not_picked":["champ:PerfectForm+1","champ:FocusedDefense"],"picked":"champ:DefensiveShout","floor":45},{"not_picked":["champ:Circumvent","champ:Aggression"],"picked":"champ:IronFortress+1","floor":47},{"not_picked":["champ:BerserkersShout","champ:Encircle+1"],"picked":"champ:FlashCut+1","floor":48},{"not_picked":["champ:SwordSigil+1","champ:BladeFlurry+1"],"picked":"champ:Circumvent+1","floor":49}],"player_experience":1741161,"relics_obtained":[{"floor":3,"key":"Champion Belt"},{"floor":7,"key":"Molten Egg 2"},{"floor":12,"key":"Mummified Hand"},{"floor":24,"key":"Mercury Hourglass"},{"floor":25,"key":"Frozen Egg 2"},{"floor":27,"key":"Du-Vu Doll"},{"floor":47,"key":"CeramicFish"}],"event_choices":[{"damage_healed":0,"gold_gain":0,"player_choice":"Got Potions","damage_taken":0,"max_hp_gain":0,"max_hp_loss":0,"event_name":"Lab","floor":5,"gold_loss":0},{"damage_healed":0,"gold_gain":0,"player_choice":"Inject Mutagens","damage_taken":0,"relics_obtained":["MutagenicStrength"],"max_hp_gain":0,"max_hp_loss":0,"event_name":"Drug Dealer","floor":30,"gold_loss":0}],"is_beta":false,"boss_relics":[{"not_picked":["Runic Pyramid","downfall:Hecktoplasm"],"picked":"Sozu"},{"not_picked":["SacredBark","SlaversCollar"],"picked":"expansioncontent:StudyCardRelic"}],"items_purged_floors":[],"is_endless":false,"potions_floor_spawned":[3,4,6,12,15,23,25,26,32,33,44,47,48,49],"ascension_level":4}}