{"host":"w9yruvs4bqht6bhw","time":1609811878,"event":{"mods":["BaseMod","Colored Powertips","Minty Spire (QoL Compilation)"],"gold_per_floor":[11,11,11,27,100,100,119,154,223,236,272,294,294,169,169,169,169],"floor_reached":16,"playtime":482,"items_purged":["Bash"],"score":154,"play_id":"b58d0893-b122-4ff8-aeb4-7c58fd2a62af","local_time":"20210104205758","is_ascension_mode":true,"campfire_choices":[{"data":"Iron Wave","floor":6,"key":"SMITH"},{"data":"Uppercut","floor":15,"key":"SMITH"}],"circlet_count":0,"master_deck":["Strike_R","Strike_R","Strike_R","Strike_R","Strike_R","Defend_R","Defend_R","Defend_R","Defend_R","Heavy Blade+1","Iron Wave+1","Uppercut+1","Clash"],"relics":["Burning Blood","Turnip","White Beast Statue","Matryoshka","Lantern","CeramicFish","Mercury Hourglass","Gremlin Horn"],"acts_visited":["Exordium"],"potions_floor_usage":[8,10,10,11,16],"damage_taken":[{"damage":8,"enemies":"Jaw Worm","floor":1,"turns":5},{"damage":6,"enemies":"Cultist","floor":4,"turns":3},{"damage":0,"enemies":"Small Slimes","floor":7,"turns":3},{"damage":26,"enemies":"3 Sentries","floor":8,"turns":12},{"damage":19,"enemies":"Exordium Wildlife","floor":10,"turns":4},{"damage":17,"enemies":"Gremlin Nob","floor":11,"turns":4},{"damage":6,"enemies":"Blue Slaver","floor":12,"turns":3},{"damage":31,"enemies":"The Guardian","floor":16,"turns":7}],"seed_played":"162828333563414038","potions_obtained":[{"floor":4,"key":"Regen Potion"},{"floor":7,"key":"EssenceOfSteel"},{"floor":8,"key":"PowerPotion"},{"floor":10,"key":"SkillPotion"},{"floor":11,"key":"GamblersBrew"},{"floor":12,"key":"Explosive Potion"}],"is_trial":false,"path_per_floor":["M","?","T","M","T","R","M","E","T","M","E","M","?","$","R","B"],"character_chosen":"IRONCLAD","items_purchased":["SkillPotion"],"campfire_rested":0,"item_purchase_floors":[14],"current_hp_per_floor":[70,70,70,70,70,70,76,56,56,52,41,41,41,41,41,10,10],"gold":169,"neow_bonus":"ONE_RARE_RELIC","is_daily":false,"chose_seed":false,"campfire_upgraded":2,"win_rate":0.0,"timestamp":1609811878,"path_taken":["M","?","?","?","?","R","M","E","T","M","E","M","?","?","R","BOSS"],"items_purchased_type":["Potion"],"build_version":"2020-12-22","purchased_purges":1,"victory":false,"max_hp_per_floor":[80,80,80,80,80,80,80,80,80,80,80,80,80,80,80,80,80],"card_choices":[{"not_picked":["Havoc","Anger"],"picked":"Heavy Blade","floor":1},{"not_picked":["Wild Strike","Thunderclap"],"picked":"Iron Wave","floor":4},{"not_picked":["Sword Boomerang","Cleave","Hemokinesis"],"picked":"SKIP","floor":7},{"not_picked":["Seeing Red","Carnage","True Grit"],"picked":"SKIP","floor":8},{"not_picked":["Armaments","Searing Blow","Havoc"],"picked":"SKIP","floor":10},{"not_picked":["Pommel Strike","Clash"],"picked":"Uppercut","floor":11},{"not_picked":["Infernal Blade","Shrug It Off"],"picked":"Clash","floor":12}],"player_experience":328200,"relics_obtained":[{"floor":3,"key":"White Beast Statue"},{"floor":5,"key":"Matryoshka"},{"floor":8,"key":"Lantern"},{"floor":9,"key":"CeramicFish"},{"floor":9,"key":"Mercury Hourglass"},{"floor":11,"key":"Gremlin Horn"}],"event_choices":[{"damage_healed":0,"gold_gain":0,"player_choice":"Grow","damage_taken":0,"max_hp_gain":0,"max_hp_loss":0,"event_name":"Living Wall","floor":2,"gold_loss":0,"cards_upgraded":["Heavy Blade"]},{"damage_healed":0,"gold_gain":0,"player_choice":"Ignored","damage_taken":0,"max_hp_gain":0,"max_hp_loss":0,"event_name":"Liars Game","floor":13,"gold_loss":0}],"is_beta":false,"boss_relics":[],"items_purged_floors":[14],"is_endless":false,"potions_floor_spawned":[4,7,8,10,11,12],"killed_by":"The Guardian","ascension_level":8}}