{"host":"qy1e0kd24tpj3i2m","time":1609883623,"event":{"mods":["Act Like it!","Alarm Clock","BaseMod","Better Skull","Better Vampires","Colored Map","Colored Powertips","Custom Start","Faster Ascension Climbing","Friendly Minions","GifTheSpireLib","Gremlin Skip","Highlight Path","Minty Spire (QoL Compilation)","Permanent Neow","Quick Restart","Red Circlet Mod","Relic Sorter","Reorder Act Four","SacredBarkPlus","Shop Mod","StSLib","SuperFastMode","Transform Curses","没有小屋子和绿帽子啦"],"gold_per_floor":[360,360,376,18,29,43,43,54,54,54,54,82,82,65,65,65,65],"floor_reached":16,"playtime":391,"items_purged":["Bash"],"score":209,"play_id":"87166afc-f8ea-4537-bb0b-b56486f689ee","local_time":"20210106065343","is_ascension_mode":true,"campfire_choices":[{"data":"Perfected Strike","floor":10.0,"key":"SMITH"},{"data":"Perfected Strike","floor":13,"key":"SMITH"},{"floor":15,"key":"RECALL"}],"circlet_count":0,"master_deck":["AscendersBane","Strike_R","Strike_R","Strike_R","Strike_R","Strike_R","Defend_R","Defend_R","Defend_R","Defend_R","Perfected Strike+1","Wild Strike","Swift Strike","Wild Strike","Wild Strike","Perfected Strike+1","Wild Strike","Twin Strike"],"relics":["Burning Blood","Potion Belt","Anchor","Lee\u0027s Waffle","CeramicFish"],"acts_visited":["Exordium"],"potions_floor_usage":[16],"damage_taken":[{"damage":9.0,"enemies":"Jaw Worm","floor":1.0,"turns":6.0},{"damage":1.0,"enemies":"Cultist","floor":3.0,"turns":3.0},{"damage":0.0,"enemies":"Small Slimes","floor":5.0,"turns":2.0},{"damage":0.0,"enemies":"3 Louse","floor":6.0,"turns":2.0},{"damage":28.0,"enemies":"Exordium Thugs","floor":8.0,"turns":4.0},{"damage":4,"enemies":"Red Slaver","floor":12,"turns":3},{"damage":61,"enemies":"The Guardian","floor":16,"turns":8}],"seed_played":"2785428983085810656","potions_obtained":[{"floor":3.0,"key":"Dexterity Potion"},{"floor":6.0,"key":"GamblersBrew"}],"is_trial":false,"path_per_floor":["M","?","M","$","M","M","$","M","T","R","?","M","R","$","R","B"],"character_chosen":"IRONCLAD","items_purchased":["Lee\u0027s Waffle","Swift Strike","Wild Strike","Twin Strike"],"campfire_rested":0,"item_purchase_floors":[4,4,4,14],"current_hp_per_floor":[47,12,17,82,82,82,82,60,60,60,60,62,62,62,62,1,1],"gold":65,"neow_bonus":"TWO_FIFTY_GOLD","is_daily":false,"chose_seed":false,"campfire_upgraded":2,"win_rate":0.0,"timestamp":1609883623,"path_taken":["M","?","?","$","M","M","?","M","T","R","?","M","R","$","R","BOSS"],"items_purchased_type":["Relic","Card","Card","Card"],"build_version":"2020-12-22","purchased_purges":1,"victory":false,"max_hp_per_floor":[75,75,75,82,82,82,82,82,82,82,82,82,82,82,82,82,82],"card_choices":[{"not_picked":["Disarm","Warcry"],"picked":"Perfected Strike","floor":1.0},{"not_picked":["True Grit","Dropkick"],"picked":"Wild Strike","floor":3.0},{"not_picked":["Reckless Charge","Thunderclap","Warcry"],"picked":"SKIP","floor":5.0},{"not_picked":["Reckless Charge","Thunderclap","Warcry"],"picked":"SKIP","floor":5.0},{"not_picked":["Heavy Blade","Burning Pact"],"picked":"Wild Strike","floor":6.0},{"not_picked":["Sword Boomerang","Dual Wield"],"picked":"Perfected Strike","floor":8.0},{"not_picked":["Infernal Blade","Rampage"],"picked":"Wild Strike","floor":12}],"player_experience":887580,"relics_obtained":[{"floor":9.0,"key":"CeramicFish"}],"event_choices":[{"damage_healed":0.0,"max_hp_gain":0.0,"max_hp_loss":0.0,"gold_gain":0.0,"event_name":"betterSkull:BetterSkull","player_choice":"RE RE ","floor":2.0,"gold_loss":0.0,"damage_taken":39.0,"cards_upgraded":[],"relics_obtained":["Potion Belt","Anchor"]},{"damage_healed":0,"gold_gain":0,"player_choice":"Searched \u00270\u0027 times","damage_taken":0,"max_hp_gain":0,"max_hp_loss":0,"event_name":"Dead Adventurer","floor":11,"gold_loss":0}],"is_beta":false,"boss_relics":[],"items_purged_floors":[4],"is_endless":false,"potions_floor_spawned":[3,6],"killed_by":"The Guardian","ascension_level":20}}