{"host":"ifw7cdx76lcpw3w9","time":1609807759,"event":{"mods":["AchievementEnabler","Act Like it!","BaseMod","Conspire","Friendly Minions","Minty Spire (QoL Compilation)","StSLib","The Exalted"],"gold_per_floor":[216,231,10,10,10,39,39,70,70,86,100,0,0,13,13,114,114,125,125,136,155,61,88,100,125,125,125,58,58,73,88,88,190,190,207,226,101,101,119,119,119],"floor_reached":40,"playtime":3958,"items_purged":["Bromod:Strike_Bro","Bromod:Strike_Bro","Bromod:RelentlessCombination"],"score":486,"play_id":"71f3326b-74ad-4f6b-85d0-cf49735618ea","local_time":"20210104174919","is_ascension_mode":true,"campfire_choices":[{"data":"Bromod:ArchwingLauncher","floor":7,"key":"SMITH"},{"data":"Bromod:SteelCharge","floor":15,"key":"SMITH"},{"data":"Bromod:ToxicFlight","floor":29,"key":"SMITH"},{"data":"Bromod:Intensify","floor":32,"key":"SMITH"}],"circlet_count":0,"master_deck":["Bromod:Defend_Bro","Bromod:Defend_Bro","Bromod:Defend_Bro","Bromod:SlashDash","Bromod:SlashDash","Bromod:SlashDash","Bromod:ArchwingLauncher+1","Bromod:SteelCharge+1","Bromod:JaggedEdge","Bromod:NoReturn","Bromod:LethalTorrent+1","Bromod:NorthWind","Bromod:OrganShatter","Bromod:Intensify+1","Bromod:ToxicFlight+1","Bromod:Frostbite","Bromod:Continuity","Bromod:SteelFiber+1","Bromod:TargetCracker","Bromod:RadialBlind"],"relics":["Bromod:Ordis","Bromod:AscarisDevice","Oddly Smooth Stone","Matryoshka","Kunai","Tiny Chest","Bromod:ArcaneVictory","Empty Cage","Ancient Tea Set","Bronze Scales","Toy Ornithopter","StoneCalendar","conspire:SlowCooker"],"acts_visited":["Exordium","TheCity","TheBeyond"],"potions_floor_usage":[8,14,23,39,39,39],"damage_taken":[{"damage":1,"enemies":"Cultist","floor":1,"turns":4},{"damage":1,"enemies":"conspire:RoseBush","floor":2,"turns":4},{"damage":27,"enemies":"3 Sentries","floor":6,"turns":13},{"damage":1,"enemies":"Lagavulin","floor":8,"turns":9},{"damage":0,"enemies":"2 Louse","floor":10,"turns":4},{"damage":0,"enemies":"conspire:2 RoseBushes","floor":11,"turns":5},{"damage":1,"enemies":"Exordium Thugs","floor":14,"turns":6},{"damage":14,"enemies":"Slime Boss","floor":16,"turns":16},{"damage":4,"enemies":"Chosen","floor":18,"turns":4},{"damage":5,"enemies":"Spheric Guardian","floor":20,"turns":6},{"damage":4,"enemies":"Centurion and Healer","floor":21,"turns":5},{"damage":6,"enemies":"conspire:Head Lice","floor":23,"turns":7},{"damage":6,"enemies":"Snake Plant","floor":24,"turns":5},{"damage":43,"enemies":"Gremlin Leader","floor":25,"turns":8},{"damage":0,"enemies":"Chosen and Byrds","floor":30,"turns":6},{"damage":5,"enemies":"3 Cultists","floor":31,"turns":5},{"damage":7,"enemies":"conspire:MysteriousRune","floor":33,"turns":4},{"damage":12,"enemies":"Orb Walker","floor":35,"turns":5},{"damage":51,"enemies":"3 Shapes","floor":36,"turns":7},{"damage":24,"enemies":"Transient","floor":39,"turns":5},{"damage":22,"enemies":"Reptomancer","floor":40,"turns":2}],"seed_played":"62612219136765964","potions_obtained":[{"floor":2,"key":"Dexterity Potion"},{"floor":6,"key":"DuplicationPotion"},{"floor":8,"key":"Strength Potion"},{"floor":18,"key":"LiquidBronze"},{"floor":21,"key":"BlessingOfTheForge"},{"floor":25,"key":"PowerPotion"},{"floor":33,"key":"Energy Potion"}],"is_trial":false,"path_per_floor":["M","M","$","?","?","E","R","E","T","M","M","$","?","M","R","B",null,"M","?","M","M","$","E","M","E","T","T","$","R","M","M","R","B",null,"M","M","$","?","M","E"],"character_chosen":"THE_EXALTED","items_purchased":["Oddly Smooth Stone","Bromod:OrganShatter","Bromod:RelentlessCombination","Bromod:ToxicFlight"],"campfire_rested":0,"item_purchase_floors":[3,22,22,28],"current_hp_per_floor":[74,73,73,73,66,39,39,38,38,40,42,42,42,43,43,33,75,72,72,68,66,66,68,63,24,24,24,24,24,26,24,24,18,75,64,16,16,16,8,0,0],"gold":119,"neow_bonus":"HUNDRED_GOLD","is_daily":false,"chose_seed":false,"campfire_upgraded":4,"win_rate":0.0,"timestamp":1609807759,"path_taken":["M","M","$","?","?","E","R","E","T","M","M","$","?","M","R","BOSS","M","?","M","M","?","E","M","E","T","?","?","R","M","?","R","BOSS","M","M","$","?","M","E"],"items_purchased_type":["Relic","Card","Card","Card"],"build_version":"2020-12-22","purchased_purges":3,"victory":false,"max_hp_per_floor":[75,75,75,75,75,75,75,75,75,75,75,75,75,75,75,75,75,75,75,75,75,75,75,75,75,75,75,75,75,75,75,75,75,75,75,75,75,75,75,75,75],"card_choices":[{"not_picked":["Bromod:BulletJump","Bromod:SlashDash"],"picked":"Bromod:BodyCount","floor":1},{"not_picked":["Bromod:Redirection","Bromod:QuickDraw","Bromod:ShatteringImpact"],"picked":"SKIP","floor":2},{"not_picked":["Bromod:TacticalPump","Bromod:Foundry"],"picked":"Bromod:ArchwingLauncher","floor":6},{"not_picked":["Bromod:Serration","Bromod:ShatteringImpact"],"picked":"Bromod:SteelCharge","floor":8},{"not_picked":["Bromod:FormaBlueprint","Bromod:FastHands","Bromod:Stretch"],"picked":"SKIP","floor":10},{"not_picked":["Bromod:Rejuvenation","Bromod:Serration"],"picked":"Bromod:JaggedEdge","floor":11},{"not_picked":["Bromod:Patagium","Bromod:Redirection"],"picked":"Bromod:NoReturn","floor":14},{"not_picked":["Bromod:SplitChamber","Bromod:FocusEnergy"],"picked":"Bromod:LethalTorrent","floor":16},{"not_picked":["Bromod:BriefRespite+1","Bromod:EnergySiphon","Bromod:PointStrike+1"],"picked":"SKIP","floor":18},{"not_picked":["Bromod:TacticalPump","Bromod:FastHands","Bromod:ArchwingLauncher+1"],"picked":"SKIP","floor":20},{"not_picked":["Bromod:BriefRespite","Bromod:SlashDash"],"picked":"Bromod:NorthWind","floor":21},{"not_picked":["Bromod:Foundry","Bromod:PressurePoint","Bromod:Rejuvenation"],"picked":"SKIP","floor":23},{"not_picked":["Bromod:Foundry+1","Bromod:PointStrike"],"picked":"Bromod:SlashDash","floor":24},{"not_picked":["Bromod:ArchwingLauncher+1","Bromod:ThermiteRounds"],"picked":"Bromod:Intensify","floor":25},{"not_picked":["Bromod:PointBlank","Bromod:ShatteringImpact","Bromod:QuickDraw"],"picked":"SKIP","floor":30},{"not_picked":["Bromod:EnergySiphon+1","Bromod:FastHands"],"picked":"Bromod:Frostbite","floor":31},{"not_picked":["Bromod:LethalTorrent","Bromod:ToxicFlight"],"picked":"Bromod:Continuity","floor":33},{"not_picked":["Bromod:Patagium+1","Bromod:Fury"],"picked":"Bromod:SteelFiber+1","floor":35},{"not_picked":["Bromod:SlipMagazine+1","Bromod:EnergySiphon+1"],"picked":"Bromod:TargetCracker","floor":36},{"not_picked":["Bromod:ShatteringImpact+1","Bromod:ArchwingLauncher"],"picked":"Bromod:RadialBlind","floor":39}],"player_experience":60822,"relics_obtained":[{"floor":6,"key":"Matryoshka"},{"floor":8,"key":"Kunai"},{"floor":9,"key":"Tiny Chest"},{"floor":9,"key":"Bromod:ArcaneVictory"},{"floor":23,"key":"Ancient Tea Set"},{"floor":25,"key":"Bronze Scales"},{"floor":26,"key":"Toy Ornithopter"},{"floor":27,"key":"StoneCalendar"}],"event_choices":[{"damage_healed":0,"gold_gain":0,"player_choice":"Ignored","damage_taken":0,"max_hp_gain":0,"max_hp_loss":0,"event_name":"Liars Game","floor":4,"gold_loss":0},{"cards_removed":["Bromod:Strike_Bro"],"damage_healed":0,"gold_gain":0,"player_choice":"Card Removal","damage_taken":7,"max_hp_gain":0,"max_hp_loss":0,"event_name":"Golden Wing","floor":5,"gold_loss":0},{"damage_healed":0,"gold_gain":0,"player_choice":"Leave","damage_taken":0,"max_hp_gain":0,"max_hp_loss":0,"event_name":"conspire:Investor","floor":13,"gold_loss":0},{"cards_removed":["Bromod:SlashDash"],"damage_healed":0,"gold_gain":0,"player_choice":"Purged","damage_taken":0,"max_hp_gain":0,"max_hp_loss":0,"event_name":"Purifier","floor":38,"gold_loss":0}],"is_beta":false,"boss_relics":[{"not_picked":["conspire:RoyalGoblet","Philosopher\u0027s Stone"],"picked":"Empty Cage"},{"not_picked":["Black Star","Runic Pyramid"],"picked":"conspire:SlowCooker"}],"items_purged_floors":[3,12,37],"is_endless":false,"potions_floor_spawned":[2,6,8,18,21,25,30,31,33,36],"killed_by":"Reptomancer","ascension_level":1}}