{"host":"qksop9n5mnq4zoi8","time":1609854757,"event":{"mods":["Act Like it!","BaseMod","BetterRewards","Downfall","GifTheSpireLib","Highlight Path","Hubris","Minty Spire (QoL Compilation)","Replay The Spire","Shop Mod","StSLib","The Gatherer","The Hierophant"],"gold_per_floor":[99,99,99,99,99,123,172,172,201,213,230,80,97,1,19,119,119,119,132,146,157,157,257,257,267,64,76,1,13,13,43,56,56,56,56],"floor_reached":33,"playtime":24768,"items_purged":["ReplayTheSpireMod:Doomed"],"score":267,"play_id":"47e33af3-75e5-4c94-8fe6-b74e5f690cab","local_time":"20210105115237","is_ascension_mode":false,"campfire_choices":[{"floor":1.0,"key":"RECALL"},{"data":"Guardian:WalkerClaw","floor":12.0,"key":"SMITH"},{"data":"Guardian:BaubleBeam","floor":28,"key":"SMITH"}],"circlet_count":0,"master_deck":["Guardian:Strike_Guardian","Guardian:Strike_Guardian","Guardian:Strike_Guardian","Guardian:Strike_Guardian","Guardian:Defend_Guardian","Guardian:Defend_Guardian+1","Guardian:Defend_Guardian","Guardian:CurlUp+1","Guardian:TwinSlam","Guardian:Reroute","Guardian:SpikerProtocol","Guardian:RevengeProtocol","Guardian:WalkerClaw+1","Guardian:BronzeOrb","Guardian:StasisField","Guardian:PiercingHide","Guardian:ChargeCore","Guardian:BaubleBeam+1","Guardian:SphericShield","Guardian:DecasProtection+1","Guardian:TimeSifter","Guardian:ChargeCore","Guardian:ExploitGems","Guardian:GuardianWhirl","Guardian:ShieldCharger","Guardian:TimeBomb","Guardian:Harden+1","Guardian:BronzeOrb"],"relics":["Guardian:ModeShifter","downfall:HeartsMalice","hubris:Towel","Pet Ghost","Regal Pillow","War Paint","downfall:HeartBlessingRed","downfall:HeartBlessingGreen","Philosopher\u0027s Stone","Ring of Fury","ReplayTheSpireMod:Ring of Challenge","downfall:GremlinWheel","downfall:HeartBlessingBlue","hubris:SlimyHat"],"acts_visited":["Exordium","TheCity"],"potions_floor_usage":[33,33],"damage_taken":[{"damage":0.0,"enemies":"Small Slimes","floor":2.0,"turns":1.0},{"damage":0.0,"enemies":"Jaw Worm","floor":3.0,"turns":1.0},{"damage":0.0,"enemies":"2 Louse","floor":8.0,"turns":1.0},{"damage":15.0,"enemies":"3 Sentries","floor":9.0,"turns":7.0},{"damage":10.0,"enemies":"Blue Slaver","floor":10.0,"turns":3.0},{"damage":3.0,"enemies":"Lots of Slimes","floor":11.0,"turns":4.0},{"damage":0.0,"enemies":"2 Fungi Beasts","floor":13.0,"turns":3.0},{"damage":4.0,"enemies":"downfall:FleeingMerchant","floor":14.0,"turns":4.0},{"damage":1.0,"enemies":"Exordium Thugs","floor":15.0,"turns":3.0},{"damage":5.0,"enemies":"downfall:Watcher","floor":16.0,"turns":7.0},{"damage":0.0,"enemies":"Shell Parasite","floor":19.0,"turns":4.0},{"damage":0.0,"enemies":"Spheric Guardian","floor":20.0,"turns":4.0},{"damage":0.0,"enemies":"Centurion and Healer","floor":21.0,"turns":6.0},{"damage":9.0,"enemies":"Centurion and Healer","floor":23.0,"turns":3.0},{"damage":14.0,"enemies":"Shelled Parasite and Fungi","floor":25.0,"turns":4.0},{"damage":10,"enemies":"downfall:FleeingMerchant","floor":26,"turns":4},{"damage":3,"enemies":"Snecko","floor":27,"turns":3},{"damage":10,"enemies":"3 Cultists","floor":29,"turns":4},{"damage":24,"enemies":"Book of Stabbing","floor":31,"turns":5},{"damage":19,"enemies":"Snake Plant","floor":32,"turns":3},{"damage":32,"enemies":"downfall:Ironclad","floor":33,"turns":4}],"seed_played":"-3575615098941389176","potions_obtained":[{"floor":10.0,"key":"CultistPotion"},{"floor":13.0,"key":"ColorlessPotion"},{"floor":15.0,"key":"champ:CounterPotion"},{"floor":31,"key":"SteroidPotion"}],"is_trial":false,"path_per_floor":["R","M","M","?","?","T","T","M","E","M","M","R","M","$","M","B",null,"R","M","M","M","?","?","T","M","$","M","R","M","?","E","M","B"],"character_chosen":"GUARDIAN","items_purchased":["Guardian:SentryBeam","Guardian:GuardianWhirl","Guardian:Gem_Cyan"],"campfire_rested":0,"item_purchase_floors":[14,26,26],"current_hp_per_floor":[80,80,80,80,80,80,80,80,65,55,52,52,52,48,47,42,80,80,80,80,80,80,71,71,57,47,44,54,44,74,50,31,0,0,0],"gold":56,"neow_bonus":"THREE_ENEMY_KILL","is_daily":false,"chose_seed":false,"campfire_upgraded":2,"win_rate":0.0,"timestamp":1609854757,"path_taken":["R","M","M","?","?","?","T","M","E","M","M","R","?","$","M","BOSS","R","M","M","M","?","?","T","M","$","?","R","?","?","E","M","BOSS"],"items_purchased_type":["Card","Card","Card"],"build_version":"2020-12-22","purchased_purges":1,"victory":false,"max_hp_per_floor":[80,80,80,80,80,80,80,80,80,80,80,80,80,80,80,80,80,80,80,80,80,80,80,80,80,80,80,90,90,90,90,90,90,90,90],"card_choices":[{"not_picked":["Guardian:Gem_Green","Guardian:CrystalBeam"],"picked":"Guardian:Reroute","floor":2.0},{"not_picked":["Guardian:Reroute","Guardian:BronzeArmor"],"picked":"Guardian:SpikerProtocol","floor":3.0},{"not_picked":["Guardian:Gem_Crimson","Guardian:Gem_Fragmented"],"picked":"Guardian:RevengeProtocol","floor":8.0},{"not_picked":["Guardian:TemporalStrike","Guardian:Gem_Lightblue"],"picked":"Guardian:WalkerClaw","floor":9.0},{"not_picked":["Guardian:PiercingHide","Guardian:Gem_Cyan"],"picked":"Guardian:BronzeOrb","floor":10.0},{"not_picked":["Guardian:Gem_Green","Guardian:Gem_Red"],"picked":"Guardian:Gem_Blue","floor":11.0},{"not_picked":["Guardian:ChargeUp","Guardian:WalkerClaw"],"picked":"Guardian:StasisField","floor":13.0},{"not_picked":["Guardian:Repulse","Guardian:Planning"],"picked":"Guardian:PiercingHide","floor":14.0},{"not_picked":["Guardian:RefractedBeam","Guardian:SpikerProtocol"],"picked":"Guardian:ChargeCore","floor":15.0},{"not_picked":["Guardian:Gem_Orange","Guardian:Gem_Synthetic"],"picked":"Guardian:BaubleBeam","floor":16.0},{"not_picked":["Guardian:VentSteam","Guardian:PrismaticBeam"],"picked":"Guardian:DecasProtection+1","floor":19.0},{"not_picked":["Guardian:ShieldCharger+1","Guardian:TemporalShield"],"picked":"Guardian:Gem_Purple","floor":20.0},{"not_picked":["Guardian:MultiBeam+1","Guardian:RollAttack"],"picked":"Guardian:TimeSifter","floor":21.0},{"not_picked":["Guardian:RefractedBeam","Guardian:Planning"],"picked":"Guardian:ChargeCore","floor":25},{"not_picked":["Guardian:RollAttack","Guardian:SpikerProtocol"],"picked":"Guardian:ExploitGems","floor":26},{"not_picked":["Guardian:Incinerate","Guardian:TemporalShield"],"picked":"Guardian:ShieldCharger","floor":27},{"not_picked":["Guardian:Gem_Cyan","Guardian:VentSteam"],"picked":"Guardian:TimeBomb","floor":29},{"not_picked":["Guardian:Recover","Guardian:RollAttack+1"],"picked":"Guardian:Harden+1","floor":31},{"not_picked":["Guardian:StasisStrike","Guardian:ShieldCharger"],"picked":"Guardian:BronzeOrb","floor":32}],"player_experience":191163,"relics_obtained":[{"floor":6.0,"key":"Pet Ghost"},{"floor":7.0,"key":"Regal Pillow"},{"floor":9.0,"key":"War Paint"},{"floor":22.0,"key":"Ring of Fury"},{"floor":22.0,"key":"ReplayTheSpireMod:Ring of Challenge"},{"floor":23.0,"key":"downfall:GremlinWheel"},{"floor":31,"key":"hubris:SlimyHat"}],"event_choices":[{"damage_healed":30,"gold_gain":0,"player_choice":"Heal","damage_taken":0,"max_hp_gain":0,"max_hp_loss":0,"event_name":"The Library","floor":30,"gold_loss":0}],"is_beta":false,"boss_relics":[{"not_picked":["Runic Dome","Astrolabe"],"picked":"Philosopher\u0027s Stone"}],"items_purged_floors":[26],"is_endless":false,"potions_floor_spawned":[10,13,15,19,20,31,32],"killed_by":"downfall:Ironclad","ascension_level":0}}