{"host":"vuriy6uyozwp3u0s","time":1609850950,"event":{"mods":["BaseMod","BetterRewards","Hermit","Minty Spire (QoL Compilation)","Permanent Neow","Quick Restart","StSLib","The Wild Card"],"gold_per_floor":[117,217,87,262,275,275,275,302,328,328,134,209,226,159,159,254,254,267,296,310,310,328,356,367,382,406,418,418,418],"floor_reached":28,"playtime":1668,"items_purged":[],"score":263,"play_id":"9fd25b3e-eaae-4439-9ff5-06c124d91e37","local_time":"20210105214910","is_ascension_mode":false,"campfire_choices":[{"floor":6,"key":"REST"},{"floor":10,"key":"REST"},{"floor":15,"key":"REST"}],"circlet_count":0,"master_deck":["Strike_G","Strike_G","Strike_G","Strike_G","Strike_G","Defend_G","Defend_G","Defend_G","Defend_G","Defend_G","Survivor","Neutralize","Dramatic Entrance","Tactician","PiercingWail","Caltrops","Poisoned Stab","Adrenaline","Backstab","Noxious Fumes","Dash","PiercingWail","Backstab","Terror","Backflip","Glass Knife","Blade Dance","PiercingWail+1","Leg Sweep","Underhanded Strike","Bullet Time","Bane","Blade Dance","Injury","Backstab"],"relics":["Ring of the Snake","Pear","Dream Catcher","Cursed Key","Red Mask","Snake Skull","Potion Belt"],"acts_visited":["Exordium","TheCity"],"potions_floor_usage":[16,23,23,25,25,27],"damage_taken":[{"damage":0,"enemies":"Small Slimes","floor":1,"turns":3},{"damage":3,"enemies":"Cultist","floor":5,"turns":4},{"damage":32,"enemies":"Lagavulin","floor":8,"turns":10},{"damage":0,"enemies":"2 Louse","floor":13,"turns":1},{"damage":19,"enemies":"The Guardian","floor":16,"turns":10},{"damage":6,"enemies":"Shell Parasite","floor":18,"turns":4},{"damage":23,"enemies":"Masked Bandits","floor":19,"turns":4},{"damage":11,"enemies":"3 Byrds","floor":20,"turns":6},{"damage":15,"enemies":"Centurion and Healer","floor":22,"turns":6},{"damage":9,"enemies":"Slavers","floor":23,"turns":6},{"damage":10,"enemies":"Snake Plant","floor":24,"turns":4},{"damage":0,"enemies":"Snecko","floor":25,"turns":5},{"damage":4,"enemies":"Sentry and Sphere","floor":27,"turns":5},{"damage":5,"enemies":"Snake Plant","floor":28,"turns":1}],"seed_played":"8285904410593170975","potions_obtained":[{"floor":1,"key":"Dexterity Potion"},{"floor":16,"key":"SkillPotion"},{"floor":18,"key":"Poison Potion"},{"floor":19,"key":"DuplicationPotion"},{"floor":24,"key":"Block Potion"},{"floor":25,"key":"Swift Potion"}],"is_trial":false,"path_per_floor":["M","?","$","?","M","R","?","E","T","R","$","?","M","$","R","B",null,"M","?","M","?","M","E","M","M","T","M","M"],"character_chosen":"THE_SILENT","items_purchased":["PiercingWail","Caltrops","Noxious Fumes","Dash","PiercingWail","Terror"],"campfire_rested":3,"item_purchase_floors":[3,3,11,11,11,14],"current_hp_per_floor":[70,70,70,70,67,70,63,41,41,65,65,54,54,54,78,59,80,74,51,40,40,25,16,6,6,6,2,0,0],"gold":418,"neow_bonus":"RANDOM_COLORLESS","is_daily":false,"chose_seed":false,"campfire_upgraded":0,"win_rate":0.0,"timestamp":1609850950,"path_taken":["M","?","?","?","M","R","?","E","T","R","$","?","M","?","R","BOSS","M","?","M","?","?","E","M","M","T","M","M"],"items_purchased_type":["Card","Card","Card","Card","Card","Card"],"build_version":"2020-12-22","purchased_purges":0,"victory":false,"max_hp_per_floor":[70,70,70,70,70,70,70,80,80,80,80,80,80,80,80,80,80,80,80,80,80,80,80,80,80,80,80,80,80],"card_choices":[{"not_picked":["Madness","Forethought"],"picked":"Dramatic Entrance","floor":0},{"not_picked":["Eviscerate","Underhanded Strike"],"picked":"Tactician","floor":1},{"not_picked":["Slice","Acrobatics"],"picked":"Poisoned Stab","floor":5},{"not_picked":["Dagger Throw","Heel Hook"],"picked":"Adrenaline","floor":8},{"not_picked":["Dagger Throw","Deflect"],"picked":"Backstab","floor":10},{"not_picked":["Reflex","Accuracy"],"picked":"Backstab","floor":13},{"not_picked":["Endless Agony","Slice"],"picked":"Backflip","floor":15},{"not_picked":["Night Terror","Doppelganger"],"picked":"Glass Knife","floor":16},{"not_picked":["Predator","Poisoned Stab"],"picked":"Blade Dance","floor":18},{"not_picked":["Blade Dance","Dash"],"picked":"PiercingWail+1","floor":19},{"not_picked":["Endless Agony+1","Dagger Throw"],"picked":"Leg Sweep","floor":20},{"not_picked":["Acrobatics+1","Masterful Stab+1"],"picked":"Underhanded Strike","floor":22},{"not_picked":["Quick Slash","Cloak And Dagger+1"],"picked":"Bullet Time","floor":23},{"not_picked":["Heel Hook+1","Endless Agony"],"picked":"Bane","floor":24},{"not_picked":["Quick Slash+1","Choke+1"],"picked":"Blade Dance","floor":25},{"not_picked":["PiercingWail","Outmaneuver"],"picked":"Backstab","floor":27}],"player_experience":64906,"relics_obtained":[{"floor":8,"key":"Pear"},{"floor":9,"key":"Dream Catcher"},{"floor":19,"key":"Red Mask"},{"floor":23,"key":"Snake Skull"},{"floor":26,"key":"Potion Belt"}],"event_choices":[{"damage_healed":0,"gold_gain":100,"player_choice":"Pray","damage_taken":0,"max_hp_gain":0,"max_hp_loss":0,"event_name":"Golden Shrine","floor":2,"gold_loss":0},{"damage_healed":0,"gold_gain":175,"player_choice":"AGREE","damage_taken":0,"max_hp_gain":0,"max_hp_loss":0,"event_name":"Liars Game","floor":4,"gold_loss":0,"cards_obtained":["Doubt"]},{"cards_removed":["Doubt"],"damage_healed":0,"gold_gain":0,"player_choice":"Card Removal","damage_taken":7,"max_hp_gain":0,"max_hp_loss":0,"event_name":"Golden Wing","floor":7,"gold_loss":0},{"damage_healed":0,"gold_gain":75,"player_choice":"Gather Gold","damage_taken":11,"max_hp_gain":0,"max_hp_loss":0,"event_name":"World of Goop","floor":12,"gold_loss":0},{"damage_healed":0,"gold_gain":0,"player_choice":"Fought Bandits","damage_taken":0,"max_hp_gain":0,"max_hp_loss":0,"event_name":"Masked Bandits","floor":19,"gold_loss":0},{"cards_removed":["Writhe"],"damage_healed":0,"gold_gain":0,"player_choice":"Took Card","damage_taken":0,"max_hp_gain":0,"max_hp_loss":0,"event_name":"NoteForYourself","floor":21,"gold_loss":0,"cards_obtained":["Writhe"]}],"is_beta":false,"boss_relics":[{"not_picked":["Runic Dome","Snecko Eye"],"picked":"Cursed Key"}],"items_purged_floors":[],"is_endless":false,"potions_floor_spawned":[1,16,18,19,20,24,25],"killed_by":"Snake Plant","ascension_level":0}}