{"host":"bzg9y3flbaqjj1j7","time":1609875514,"event":{"mods":["100% Spire Juice","AchievementEnabler","Act Like it!","Aspiration","Astrologer","BaseMod","Better Third Choice","CCEM","Challenge The Spire","Displayed Cursed Tome","Elementarium","Gensokyo","Hallownest","Hermit","Hubris","Infinite Spire","Lobotomy","LobotomyExtend","Marisa????????","Marked Mod","Minty Spire (QoL Compilation)","Permanent Neow","Quick Restart","Rare Cards Sparkle","Reimu??????","Remilia??????","Replay The Spire","RumiaBox-????????","Shop Mod","Spicy Shops","StSLib","The Animator","The Blue Laboratory","The Bug Knight","Waifu the Spire","vexMod"],"gold_per_floor":[113,22,47,0,14,44,44,74,98,53,71,82,82,82,82,179,179,207,207,219,72,72,112,37,48,48,59,106,140,55,73,73,81,81],"floor_reached":33,"playtime":2178,"items_purged":[],"score":368,"play_id":"9b79f124-8758-48a4-a330-822def336240","local_time":"20210105160834","is_ascension_mode":false,"campfire_choices":[{"data":"animator:LizardPriest","floor":13.0,"key":"SMITH"},{"data":"animator:Kazuma","floor":15.0,"key":"SMITH"},{"floor":32,"key":"REST"}],"circlet_count":0,"master_deck":["animator:Strike_Konosuba","animator:Defend_Konosuba+1","animator:Kazuma+1","animator:Aqua","animator:Vesta","animator:Tyuule","animator:Strike_Overlord","animator:Strike_FullmetalAlchemist","animator:Defend_GoblinSlayer","animator:Defend_OnePunchMan+1","animator:Defend_Katanagatari","animator:Aqua","animator:Shuna","animator:Millim+1","animator:LizardPriest+1","animator:Guren","animator:YunYun+1","animator:Cirno+1","animator:PandorasActor","animator:DolaSchwi+1","Acrobatics","animator:AcuraAkari+1","animator:Chris+1","animator:MamizouFutatsuiwa","Distraction"],"relics":["animator:LivingPicture","animator:TheMissingPiece","animator:PurgingStone","Baka","LetterFromLob","Simple Rune","Molten Egg 2","ScarletDevilRocket","ZombieArmy","SacredBark","Runic Capacitor","hubris:DisguiseKit","Oddly Smooth Stone","Frozen Egg 2","Red Mask","infinitespire:Eraser"],"acts_visited":["Exordium","TheCity"],"potions_floor_usage":[23,29,31,33],"damage_taken":[{"damage":4.0,"enemies":"Small Slimes","floor":1.0,"turns":6.0},{"damage":9.0,"enemies":"Cultist","floor":5.0,"turns":2.0},{"damage":0.0,"enemies":"3 Sentries","floor":6.0,"turns":2.0},{"damage":16.0,"enemies":"Gremlin Nob","floor":8.0,"turns":3.0},{"damage":0.0,"enemies":"2 Louse","floor":11.0,"turns":2.0},{"damage":12.0,"enemies":"Blue Slaver","floor":12.0,"turns":2.0},{"damage":0.0,"enemies":"Hexaghost","floor":16.0,"turns":7.0},{"damage":8,"enemies":"Spheric Guardian","floor":18,"turns":3},{"damage":10,"enemies":"Centurion and Healer","floor":20,"turns":2},{"damage":10,"enemies":"animator:HornedBat","floor":23,"turns":2},{"damage":0,"enemies":"Snecko","floor":25,"turns":2},{"damage":8,"enemies":"Chosen and Byrds","floor":27,"turns":2},{"damage":0,"enemies":"Masked Bandits","floor":28,"turns":1},{"damage":20,"enemies":"Book of Stabbing","floor":29,"turns":3},{"damage":23,"enemies":"Centurion and Healer","floor":31,"turns":3},{"damage":34,"enemies":"Champ","floor":33,"turns":3}],"seed_played":"-4543350018419338517","potions_obtained":[{"floor":1.0,"key":"ZuzhouPotion:ReiMu"},{"floor":5.0,"key":"Fire Potion"},{"floor":11.0,"key":"SkillPotion"},{"floor":18,"key":"blueLaboratory:BottledHope"},{"floor":27,"key":"blueLaboratory:PolymorphPotion"},{"floor":28,"key":"Block Potion"}],"is_trial":false,"path_per_floor":["M","?","T","?","M","E","$","E","T","$","M","M","R","?","R","B",null,"M","?","M","$","?","E","$","M","T","M","?","E","$","M","R","B"],"character_chosen":"THE_ANIMATOR","items_purchased":["animator:Shuna","Runic Capacitor","Oddly Smooth Stone","animator:MamizouFutatsuiwa"],"campfire_rested":1,"item_purchase_floors":[10,21,24,30],"current_hp_per_floor":[64,64,64,70,63,63,63,49,49,49,53,41,41,41,41,45,72,64,64,58,58,58,50,50,54,54,48,48,29,29,8,29,0,0],"gold":81,"neow_bonus":"THREE_CARDS","is_daily":false,"chose_seed":false,"campfire_upgraded":2,"win_rate":0.0,"timestamp":1609875514,"path_taken":["M","?","?","?","M","E","$","E","T","?","M","?","R","?","R","BOSS","M","?","M","?","?","E","?","M","T","M","?","E","$","M","R","BOSS"],"items_purchased_type":["Card","Relic","Relic","Card"],"build_version":"2020-12-22","purchased_purges":0,"victory":false,"max_hp_per_floor":[66,66,66,72,72,72,72,72,72,72,72,72,72,72,72,72,72,72,72,72,72,72,72,72,72,72,72,72,73,73,73,73,73,73],"card_choices":[{"not_picked":["animator:Shinoa","animator:Alexander"],"picked":"animator:Vesta","floor":0.0},{"not_picked":["animator:MetalKnight","animator:Priestess"],"picked":"animator:Tyuule","floor":1.0},{"not_picked":["animator:Melzalgald","animator:Emonzaemon","animator:MamiTomoe"],"picked":"SKIP","floor":5.0},{"not_picked":["animator:SayakaMiki","animator:Shion+1","animator:Mikaela+1"],"picked":"SKIP","floor":6.0},{"not_picked":["animator:Chris+1","animator:Kazuma"],"picked":"animator:Aqua","floor":8.0},{"not_picked":["animator:Tyuule","animator:Shuna"],"picked":"animator:Millim+1","floor":11.0},{"not_picked":["animator:Mitsuba+1","animator:Ainz"],"picked":"animator:LizardPriest","floor":12.0},{"not_picked":["animator:Saber+1","animator:MadokaKaname"],"picked":"animator:Guren","floor":16.0},{"not_picked":["animator:Raven+1","animator:Tyuule"],"picked":"animator:YunYun+1","floor":18},{"not_picked":["animator:Sebas","animator:Entoma+1"],"picked":"animator:PandorasActor","floor":20},{"not_picked":["animator:Assassin+1","animator:RinTohsaka"],"picked":"animator:DolaSchwi+1","floor":23},{"not_picked":["animator:SayakaMiki","animator:LizardPriest","animator:Millim+1"],"picked":"Underhanded Strike","floor":25},{"not_picked":["animator:Raven+1","animator:Greed+1","animator:SakuraMatou"],"picked":"Acrobatics","floor":27},{"not_picked":["animator:Elsword+1","animator:Vanir+1","Escape Plan"],"picked":"animator:AcuraAkari+1","floor":28},{"not_picked":["animator:Mitsurugi+1","animator:Vanir+1"],"picked":"animator:Chris+1","floor":29},{"not_picked":["animator:CowGirl","animator:MaesHughes+1","animator:Rider+1"],"picked":"Distraction","floor":31}],"player_experience":161572,"relics_obtained":[{"floor":1.0,"key":"Baka"},{"floor":1.0,"key":"LetterFromLob"},{"floor":3.0,"key":"Simple Rune"},{"floor":6.0,"key":"Molten Egg 2"},{"floor":8.0,"key":"ScarletDevilRocket"},{"floor":9.0,"key":"ZombieArmy"},{"floor":23,"key":"hubris:DisguiseKit"},{"floor":26,"key":"Frozen Egg 2"},{"floor":28,"key":"Red Mask"},{"floor":29,"key":"infinitespire:Eraser"}],"event_choices":[{"damage_healed":0.0,"max_hp_gain":0.0,"max_hp_loss":0.0,"gold_gain":0.0,"event_name":"betterThird:BetterSerpent","player_choice":"RENOUNCE","floor":4.0,"gold_loss":47.0,"damage_taken":47.0,"cards_obtained":["Enlightenment"]},{"damage_healed":0,"gold_gain":0,"cards_transformed":["animator:KotoriKanbe"],"player_choice":"Transformed","damage_taken":0,"max_hp_gain":0,"max_hp_loss":0,"event_name":"Transmorgrifier","floor":19,"gold_loss":0,"cards_obtained":["animator:Cirno"]},{"damage_healed":0,"gold_gain":0,"player_choice":"Fought Bandits","damage_taken":0,"max_hp_gain":0,"max_hp_loss":0,"event_name":"Masked Bandits","floor":28,"gold_loss":0}],"is_beta":false,"boss_relics":[{"not_picked":["aspiration:MarisaSkillbook","vexMod:RockOfEvil"],"picked":"SacredBark"}],"items_purged_floors":[],"is_endless":false,"potions_floor_spawned":[1,5,11,18,27,28],"killed_by":"Champ","ascension_level":0}}