{"host":"36ls4ricihodphgx","time":1609886783,"event":{"mods":["AchievementEnabler","BaseMod","Colored Map","Downfall","Hermit","HololiveMod","Jorbs\u0027s Wanderer Trilogy","Koishi","Marisa????????","Minty Spire (QoL Compilation)","Replay The Spire","Shop Mod","StSLib","SuperFastMode","The Animator","The Bug Knight","The Cursed","The Hierophant","The Servant 0.9.4"],"gold_per_floor":[10,10,10,27,40,40,53,53,53,68,68,99,25,79,79,184,184,204,204,223,223,223,223,235,235,235,250,262,281,62,72,72,177,177,188,188,40,56,331,331,331,331],"floor_reached":41,"playtime":1940,"items_purged":["Koishi:BasicStrike"],"score":593,"play_id":"d5410965-2a42-4f35-a92d-36a1f768c9d6","local_time":"20210105154623","is_ascension_mode":false,"campfire_choices":[{"data":"Koishi:HauntingSlash","floor":6,"key":"SMITH"},{"data":"Koishi:RacingHeart","floor":8,"key":"SMITH"},{"floor":11,"key":"REST"},{"data":"Koishi:RacingHeart","floor":15,"key":"SMITH"},{"floor":23,"key":"REST"},{"floor":25,"key":"REST"},{"floor":32,"key":"REST"},{"data":"Koishi:TerrifyingSpectre","floor":40,"key":"SMITH"}],"circlet_count":0,"master_deck":["Koishi:BasicStrike","Koishi:BasicStrike","Koishi:BasicDefend","Koishi:BasicDefend","Koishi:BasicDefend","Koishi:Provoke","Koishi:HauntingSlash+1","Koishi:ParalyzingFear","Koishi:RacingHeart+1","Koishi:TremblingHands+1","Koishi:RacingHeart+1","Koishi:TremblingHands","Koishi:MindNumbingTerror","Koishi:MindStellarRelief+1","CurseOfTheBell","Koishi:PhantomBarrier+1","Koishi:HeartfeltFancy","Koishi:EmbersOfLove","Koishi:Catatonia","Koishi:DreadfulBlow+1","Koishi:TerrifyingSpectre+1","Koishi:BloodcurdlingScream+1","Koishi:TerrifyingSpectre","Regret"],"relics":["Koishi:ImaginaryFriend","Replay:PocketPolymizer","Incense Burner","Calipers","Calling Bell","Centennial Puzzle","Replay:Accelerometer","Lizard Tail","MutagenicStrength","Replay:Bottled Flurry","Guide Book","Philosopher\u0027s Stone","Koishi:AHoleWhereASisterShouldBe","DollysMirror"],"acts_visited":["Exordium","TheCity","TheBeyond"],"potions_floor_usage":[7,7,12,20,29,33,41],"damage_taken":[{"damage":0,"enemies":"2 Louse","floor":1,"turns":4},{"damage":4,"enemies":"Cultist","floor":4,"turns":4},{"damage":0,"enemies":"Small Slimes","floor":5,"turns":2},{"damage":48,"enemies":"Gremlin Gang","floor":7,"turns":6},{"damage":12,"enemies":"Exordium Thugs","floor":10,"turns":5},{"damage":0,"enemies":"HollowMod:MossKnight","floor":12,"turns":10},{"damage":40,"enemies":"Slime Boss","floor":16,"turns":15},{"damage":2,"enemies":"Chosen","floor":18,"turns":4},{"damage":23,"enemies":"Spheric Guardian","floor":20,"turns":6},{"damage":37,"enemies":"Chosen and Byrds","floor":24,"turns":7},{"damage":4,"enemies":"Snecko","floor":27,"turns":5},{"damage":45,"enemies":"Sentry and Sphere","floor":28,"turns":10},{"damage":24,"enemies":"Cultist and Chosen","floor":29,"turns":8},{"damage":0,"enemies":"Snecko","floor":31,"turns":5},{"damage":32,"enemies":"Pondfish","floor":33,"turns":13},{"damage":43,"enemies":"3 Darklings","floor":35,"turns":10},{"damage":21,"enemies":"Orb Walker","floor":38,"turns":3},{"damage":28,"enemies":"Spire Growth","floor":41,"turns":2}],"seed_played":"7809267924329914019","potions_obtained":[{"floor":4,"key":"PowerPotion"},{"floor":5,"key":"EntropicBrew"},{"floor":16,"key":"Doom Potion"},{"floor":24,"key":"Milkshake"},{"floor":27,"key":"DistilledChaos"},{"floor":29,"key":"hexamod:EctoCoolerPotion"},{"floor":38,"key":"Elixir"}],"is_trial":false,"path_per_floor":["M","?","$","M","M","R","M","R","T","M","R","E","$","?","R","B",null,"M","?","M","?","?","R","M","R","T","M","M","M","$","M","R","B",null,"M","?","$","M","?","R","M"],"character_chosen":"KOISHI","items_purchased":["Koishi:MindNumbingTerror","Guide Book","DollysMirror"],"campfire_rested":4,"item_purchase_floors":[13,30,37],"current_hp_per_floor":[60,60,60,58,60,60,18,18,18,11,29,54,54,54,54,21,60,60,60,37,37,37,55,34,52,52,55,10,24,24,29,47,46,60,37,37,37,23,23,23,0,0],"gold":331,"neow_bonus":"ONE_RARE_RELIC","is_daily":false,"chose_seed":false,"campfire_upgraded":4,"win_rate":0.0,"timestamp":1609886783,"path_taken":["M","?","?","?","M","R","M","R","T","M","R","E","$","?","R","BOSS","M","?","?","?","?","R","M","R","T","?","M","M","$","?","R","BOSS","M","?","?","M","?","R","?"],"items_purchased_type":["Card","Relic","Relic"],"build_version":"2020-12-22","purchased_purges":1,"victory":false,"max_hp_per_floor":[60,60,60,60,60,60,60,60,60,60,60,60,60,60,60,60,60,60,60,60,60,60,60,60,60,60,60,60,60,60,60,60,60,60,60,60,60,60,60,60,60,60],"card_choices":[{"not_picked":["Koishi:ReflexRadar","Koishi:PhantomBarrier"],"picked":"Koishi:ParalyzingFear","floor":1},{"not_picked":["Koishi:ReflexRadar","Koishi:Prune"],"picked":"Koishi:RacingHeart","floor":4},{"not_picked":["Koishi:TraumaticStroke","Koishi:ApparitionsStalkTheNight"],"picked":"Koishi:TremblingHands","floor":5},{"not_picked":["Koishi:ReflexRadar","Koishi:SprinkleStarAndHeart","Koishi:FleetingPhantom"],"picked":"SKIP","floor":7},{"not_picked":["Koishi:Whimsy","Koishi:YoukaiPolygraph"],"picked":"Koishi:RacingHeart","floor":10},{"not_picked":["Koishi:SilentAndRestless","Koishi:CatchAndRose"],"picked":"Koishi:TremblingHands","floor":12},{"not_picked":["Koishi:ConditionedTeleport","Koishi:FadingMemory"],"picked":"Koishi:MindStellarRelief","floor":16},{"not_picked":["Koishi:Jaunt","Koishi:RacingHeart"],"picked":"Koishi:PhantomBarrier+1","floor":18},{"not_picked":["Koishi:Jaunt","Koishi:UnansweredLove+1","Koishi:ParalyzingFear"],"picked":"SKIP","floor":20},{"not_picked":["Koishi:Whimsy","Koishi:MassHysteria"],"picked":"Koishi:EmbersOfLove","floor":24},{"not_picked":["Koishi:SuperEgo","Koishi:SubterraneanRose"],"picked":"Koishi:Catatonia","floor":27},{"not_picked":["Koishi:Prune","Koishi:StrangeCloudFist","Koishi:FourthEye+1"],"picked":"SKIP","floor":28},{"not_picked":["Koishi:Jaunt+1","Koishi:IdleWhim+1","Koishi:SpiritedAway"],"picked":"SKIP","floor":29},{"not_picked":["Koishi:PhantomBarrier+1","Koishi:HeartfeltFancy+1"],"picked":"Koishi:DreadfulBlow+1","floor":31},{"not_picked":["Koishi:RollingInRichesHeart","Koishi:Ego"],"picked":"Koishi:TerrifyingSpectre","floor":33},{"not_picked":["Koishi:PhantomStrike","Koishi:RacingHeart+1"],"picked":"Koishi:BloodcurdlingScream+1","floor":35},{"not_picked":["Koishi:StingingMind","Koishi:EmbryosDream+1","Koishi:PhilosophyOfTheDespised+1"],"picked":"SKIP","floor":38}],"player_experience":55123,"relics_obtained":[{"floor":9,"key":"Incense Burner"},{"floor":12,"key":"Calipers"},{"floor":17,"key":"Centennial Puzzle"},{"floor":17,"key":"Replay:Accelerometer"},{"floor":17,"key":"Lizard Tail"},{"floor":26,"key":"Replay:Bottled Flurry"}],"event_choices":[{"damage_healed":0,"gold_gain":0,"player_choice":"0 cards matched","damage_taken":0,"max_hp_gain":0,"max_hp_loss":0,"event_name":"Match and Keep!","floor":2,"gold_loss":0,"cards_obtained":[]},{"damage_healed":0,"gold_gain":54,"player_choice":"Gained Gold","damage_taken":0,"max_hp_gain":0,"max_hp_loss":0,"event_name":"Golden Wing","floor":14,"gold_loss":0},{"damage_healed":0,"gold_gain":0,"player_choice":"Ignored","damage_taken":0,"max_hp_gain":0,"max_hp_loss":0,"event_name":"NoteForYourself","floor":19,"gold_loss":0},{"damage_healed":0,"gold_gain":0,"player_choice":"Inject Mutagens","damage_taken":0,"relics_obtained":["MutagenicStrength"],"max_hp_gain":0,"max_hp_loss":0,"event_name":"Drug Dealer","floor":21,"gold_loss":0},{"cards_removed":["Koishi:BasicDefend"],"damage_healed":0,"gold_gain":0,"player_choice":"Offered Basic","damage_taken":0,"max_hp_gain":0,"max_hp_loss":0,"event_name":"Bonfire Elementals","floor":22,"gold_loss":0},{"damage_healed":0,"gold_gain":0,"player_choice":"Gave Potion","damage_taken":0,"relics_obtained":["Koishi:AHoleWhereASisterShouldBe"],"max_hp_gain":0,"max_hp_loss":0,"event_name":"WeMeetAgain","floor":36,"gold_loss":0},{"damage_healed":0,"gold_gain":275,"player_choice":"Desecrate","damage_taken":0,"max_hp_gain":0,"max_hp_loss":0,"event_name":"Golden Shrine","floor":39,"gold_loss":0,"cards_obtained":["Regret"]}],"is_beta":false,"boss_relics":[{"not_picked":["Replay:Grab Bag","SlaversCollar"],"picked":"Calling Bell"},{"not_picked":["Kintsugi","Hololive_TopUpMoneyS"],"picked":"Philosopher\u0027s Stone"}],"items_purged_floors":[30],"is_endless":false,"potions_floor_spawned":[4,5,16,24,27,28,29,31,38],"killed_by":"Spire Growth","ascension_level":0}}