{"host":"dnd25fcf5l5puhl9","time":1609812853,"event":{"mods":["AchievementEnabler","Act Like it!","BaseMod","BetterRewards","Colored Map","Colored Powertips","Downfall","Infinite Spire","Minty Spire (QoL Compilation)","Replay The Spire","StSLib","SuperFastMode"],"gold_per_floor":[99,113,128,117,117,154,208,208,245,260,260,277,283,319,333,466,466,391,404,144,144,180,227,227,14,14,55,55,77,77,108,124,239,239,164,188,238,238,238],"floor_reached":37,"playtime":12241,"items_purged":["champ:Strike"],"score":682,"play_id":"f72fc8c6-94bb-4cab-821d-af37e65279e3","local_time":"20210105001413","is_ascension_mode":true,"campfire_choices":[{"floor":1,"key":"DIG"},{"floor":8,"key":"RECALL"},{"floor":18,"key":"DIG"},{"data":"champ:Defend","floor":35,"key":"PURGE"}],"circlet_count":0,"master_deck":["champ:Strike","champ:Strike","champ:Strike","champ:Defend","champ:Defend","champ:Defend","champ:Execute","champ:Taunt","champ:RageSigil","champ:Backstep","champ:TornadoPunch","champ:FlashCut","champ:MurderStrike","champ:Circumvent","champ:SwordSigil","champ:FanOfKnives","champ:DancingMaster","champ:ShieldSigil","champ:Lariat","Replay:Dark Deal","champ:RageSigil+1","champ:RisingSlash","champ:EnragedBash+1","champ:RecklessLeap","champ:FaceSlap","champ:HoldFirm","champ:EndlessRage+1","champ:Improvising","CurseOfTheBell"],"relics":["Fusion Hammer","infinitespire:Midas Blood","ReplayTheSpireMod:Ring of Addiction","Ring of Peace","Toy Ornithopter","Chameleon Ring","infinitespire:PuzzleCube","Art of War","champ:DefensiveTrainingManual","infinitespire:Magic Flask","Bird Faced Urn","SacredBark","downfall:HeartBlessingRed","Potion Belt","champ:GladiatorsBookOfMartialProwess","WingedGreaves","Durian","infinitespire:Beetle Shell","Bottled Flame","Prayer Wheel","Calling Bell","PreservedInsect","StrikeDummy","Unceasing Top","downfall:HeartBlessingGreen"],"acts_visited":["Exordium","TheCity","TheBeyond"],"potions_floor_usage":[6,9,14,16,22,27,29,31,33,37],"damage_taken":[{"damage":5,"enemies":"2 Louse","floor":2,"turns":3},{"damage":6,"enemies":"Small Slimes","floor":3,"turns":4},{"damage":10,"enemies":"downfall:FleeingMerchant","floor":4,"turns":4},{"damage":20,"enemies":"3 Sentries","floor":6,"turns":8},{"damage":18,"enemies":"Lagavulin","floor":9,"turns":8},{"damage":5,"enemies":"Cultist","floor":10,"turns":4},{"damage":0,"enemies":"Gremlin Gang","floor":12,"turns":6},{"damage":23,"enemies":"3 Sentries","floor":14,"turns":7},{"damage":2,"enemies":"Large Slime","floor":15,"turns":4},{"damage":54,"enemies":"downfall:Silent","floor":16,"turns":12},{"damage":3,"enemies":"3 Byrds","floor":19,"turns":5},{"damage":9,"enemies":"downfall:FleeingMerchant","floor":20,"turns":4},{"damage":33,"enemies":"Centurion and Healer","floor":22,"turns":5},{"damage":40,"enemies":"Nightmare","floor":23,"turns":11},{"damage":7,"enemies":"downfall:FleeingMerchant","floor":25,"turns":4},{"damage":33,"enemies":"Snecko","floor":27,"turns":4},{"damage":17,"enemies":"Shelled Parasite and Fungi","floor":29,"turns":5},{"damage":15,"enemies":"Slavers","floor":31,"turns":3},{"damage":2,"enemies":"3 Cultists","floor":32,"turns":3},{"damage":32,"enemies":"downfall:Watcher","floor":33,"turns":8},{"damage":27,"enemies":"3 Darklings","floor":36,"turns":5},{"damage":52,"enemies":"infinitespire:Three Voidlings","floor":37,"turns":5},{"damage":71,"enemies":"Nightmare_Alpha","floor":37,"turns":5}],"seed_played":"6517151316365544820","potions_obtained":[{"floor":2,"key":"GamblersBrew"},{"floor":3,"key":"Elixir"},{"floor":5,"key":"EssenceOfSteel"},{"floor":5,"key":"Guardian:BlockOnCardUsePotion"},{"floor":9,"key":"Languid Potion"},{"floor":12,"key":"SkillPotion"},{"floor":19,"key":"PowerPotion"},{"floor":26,"key":"Ancient Potion"},{"floor":26,"key":"Guardian:BlockOnCardUsePotion"},{"floor":27,"key":"SkillPotion"},{"floor":28,"key":"SpeedPotion"},{"floor":28,"key":"SneckoOil"},{"floor":29,"key":"DistilledChaos"},{"floor":31,"key":"LiquidBronze"},{"floor":32,"key":"Fire Potion"}],"is_trial":false,"path_per_floor":["R_BF","M","M","$","?","E","T","R","E","M","?","M","?","E","M","B",null,"R_BF","M","$","?","M","NM","T","$","R","M","R","M","AVR","E","M","B",null,"R_BF","M","?"],"character_chosen":"THE_CHAMP","items_purchased":["Replay:Dark Deal","champ:EnragedBash+1","infinitespire:Beetle Shell"],"campfire_rested":0,"item_purchase_floors":[20,25,25],"current_hp_per_floor":[90,90,90,90,90,90,90,90,87,85,85,90,76,68,71,51,88,88,88,84,84,73,51,56,59,59,75,75,79,79,89,89,89,89,89,74,0,0,0],"gold":238,"neow_bonus":"BOSS_RELIC","is_daily":false,"chose_seed":false,"campfire_upgraded":0,"win_rate":0.0,"timestamp":1609812853,"path_taken":["R_BF","M","M","$","?","E","T","R","E","M","?","M","?","E","M","BOSS","R_BF","M","$","?","M","NM","T","$","R","M","R","M","AVR","E","M","BOSS","R_BF","M","?"],"items_purchased_type":["Card","Card","Relic"],"build_version":"2020-12-22","purchased_purges":1,"victory":false,"max_hp_per_floor":[90,90,90,90,90,90,90,90,90,90,90,90,88,88,88,88,88,88,88,86,86,86,86,91,91,89,89,89,89,89,89,89,89,89,89,89,87,87,87],"card_choices":[{"not_picked":["champ:TornadoPunch","champ:FanOfKnives"],"picked":"champ:RageSigil","floor":2},{"not_picked":["champ:GutPunch","champ:CalledShot"],"picked":"champ:Backstep","floor":3},{"not_picked":["champ:PerfectedStrike","champ:IgnorePain"],"picked":"champ:TornadoPunch","floor":4},{"not_picked":["champ:ShieldSigil","champ:BringItOn"],"picked":"champ:FlashCut","floor":6},{"not_picked":["champ:ArenaPreparation","champ:EnGarde"],"picked":"champ:MurderStrike","floor":9},{"not_picked":["champ:Backstep","champ:RageSigil"],"picked":"champ:Circumvent","floor":10},{"not_picked":["champ:AdrenalArmor","champ:Backstep","champ:BerserkersShout"],"picked":"SKIP","floor":12},{"not_picked":["champ:PerfectedStrike","champ:Encircle"],"picked":"champ:SwordSigil","floor":14},{"not_picked":["champ:MurderStrike","champ:RageSigil"],"picked":"champ:FanOfKnives","floor":15},{"not_picked":["champ:ShieldSlam","champ:MurderStrike"],"picked":"champ:DancingMaster","floor":16},{"not_picked":["champ:SwordSigil+1","champ:ShieldWall"],"picked":"champ:ShieldSigil","floor":19},{"not_picked":["champ:StanceDance","champ:ShieldSlam"],"picked":"champ:Lariat","floor":20},{"not_picked":["champ:DefensiveShout","champ:ShieldSigil"],"picked":"champ:RageSigil+1","floor":22},{"not_picked":["champ:CheapShot","champ:ArenaPreparation","champ:Lariat"],"picked":"SKIP","floor":23},{"not_picked":["champ:BladeFlurry","champ:SteelEdge"],"picked":"champ:RisingSlash","floor":25},{"not_picked":["champ:RageSigil","champ:BringItOn","champ:FightOn"],"picked":"SKIP","floor":27},{"not_picked":["champ:Duel","champ:TornadoPunch+1"],"picked":"champ:RecklessLeap","floor":29},{"not_picked":["champ:BringItOn","champ:Backstep"],"picked":"champ:FaceSlap","floor":31},{"not_picked":["champ:ShieldSigil","champ:BerserkersShout"],"picked":"champ:HoldFirm","floor":32},{"not_picked":["champ:HeartStrike","champ:Circumvent"],"picked":"champ:EndlessRage+1","floor":32},{"not_picked":["champ:HeavySlash","champ:IgnorePain"],"picked":"champ:Improvising","floor":33},{"not_picked":["champ:CrookedStrike+1","champ:GladiatorsShout","champ:Riposte"],"picked":"SKIP","floor":36},{"not_picked":["champ:FocusedGladiator","champ:RecklessLeap+1","champ:FanOfKnives"],"picked":"SKIP","floor":36}],"player_experience":491675,"relics_obtained":[{"floor":1,"key":"infinitespire:Midas Blood"},{"floor":5,"key":"ReplayTheSpireMod:Ring of Addiction"},{"floor":5,"key":"Ring of Peace"},{"floor":5,"key":"Toy Ornithopter"},{"floor":5,"key":"Chameleon Ring"},{"floor":6,"key":"infinitespire:PuzzleCube"},{"floor":7,"key":"Art of War"},{"floor":9,"key":"champ:DefensiveTrainingManual"},{"floor":14,"key":"Bird Faced Urn"},{"floor":18,"key":"Potion Belt"},{"floor":23,"key":"WingedGreaves"},{"floor":24,"key":"Durian"},{"floor":31,"key":"Prayer Wheel"},{"floor":34,"key":"PreservedInsect"},{"floor":34,"key":"StrikeDummy"},{"floor":34,"key":"Unceasing Top"}],"event_choices":[{"damage_healed":0,"gold_gain":0,"player_choice":"Success","damage_taken":12,"relics_obtained":["infinitespire:Magic Flask"],"max_hp_gain":0,"max_hp_loss":0,"event_name":"Scrap Ooze","floor":13,"gold_loss":0}],"is_beta":false,"boss_relics":[{"not_picked":["ChewingGum","Busted Crown"],"picked":"SacredBark"},{"not_picked":["Replay:Wanted Poster","infinitespire:Cupcake"],"picked":"Calling Bell"}],"items_purged_floors":[20],"is_endless":true,"potions_floor_spawned":[2,3,9,12,19,27,29,31,32,37],"killed_by":"Nightmare_Alpha","ascension_level":1}}