{"host":"52m1o8iwwagurbjs","time":1609815931,"event":{"mods":["AchievementEnabler","BaseMod","Bestiary","Colored Powertips","GifTheSpireLib","Minty Spire (QoL Compilation)","Quick Restart","RNG Fix","Relic Stats","StSLib"],"gold_per_floor":[117,128,14,14,14,44,44,78,78,89,105,119,119,19,19,95,95,107,287,0,0,0,0,0],"floor_reached":23,"playtime":755,"items_purged":["Strike_B","Strike_B","Defend_B"],"score":433,"play_id":"44207ac4-569d-4df3-9e91-3e1fa20ca6ae","local_time":"20210104220531","is_ascension_mode":true,"campfire_choices":[{"floor":7.0,"key":"REST"},{"floor":13.0,"key":"REST"},{"data":"Capacitor","floor":15.0,"key":"SMITH"}],"circlet_count":0,"master_deck":["AscendersBane","Defend_B","Zap","Dualcast","Steam","Ball Lightning","Glacier","Sweeping Beam","Loop","Capacitor+1","White Noise","Leap","Electrodynamics","Glacier","Heatsinks","Echo Form"],"relics":["Cracked Core","NeowsBlessing","Unceasing Top","Oddly Smooth Stone","Prayer Wheel","Singing Bowl","Empty Cage"],"acts_visited":["Exordium","TheCity"],"potions_floor_usage":[],"damage_taken":[{"damage":0.0,"enemies":"Cultist","floor":1.0,"turns":1.0},{"damage":0.0,"enemies":"Jaw Worm","floor":2.0,"turns":1.0},{"damage":0.0,"enemies":"Lagavulin","floor":6.0,"turns":2.0},{"damage":20.0,"enemies":"3 Sentries","floor":8.0,"turns":10.0},{"damage":4.0,"enemies":"Small Slimes","floor":10.0,"turns":3.0},{"damage":0.0,"enemies":"Exordium Wildlife","floor":11.0,"turns":3.0},{"damage":0.0,"enemies":"Large Slime","floor":12.0,"turns":7.0},{"damage":26.0,"enemies":"Hexaghost","floor":16.0,"turns":15.0},{"damage":26.0,"enemies":"Shell Parasite","floor":18.0,"turns":9.0},{"damage":22,"enemies":"Chosen","floor":23,"turns":5}],"seed_played":"3713008958109403507","potions_obtained":[{"floor":1.0,"key":"Block Potion"},{"floor":2.0,"key":"SkillPotion"},{"floor":10.0,"key":"Swift Potion"},{"floor":11.0,"key":"Block Potion"}],"is_trial":false,"path_per_floor":["M","M","$","?","?","E","R","E","T","M","M","M","R","$","R","B",null,"M","?","$","?","?","M"],"character_chosen":"DEFECT","items_purchased":["Glacier","Echo Form"],"campfire_rested":2,"item_purchase_floors":[3,20],"current_hp_per_floor":[64,64,64,29,29,29,50,30,30,28,28,32,55,55,55,29,65,39,20,20,20,20,0,0],"gold":0,"neow_bonus":"THREE_ENEMY_KILL","is_daily":false,"chose_seed":false,"campfire_upgraded":1,"win_rate":0.0,"timestamp":1609815931,"path_taken":["M","?","$","?","?","E","R","E","T","M","M","M","R","$","R","BOSS","M","?","$","?","?","M"],"items_purchased_type":["Card","Card"],"build_version":"2020-12-22","purchased_purges":3,"victory":false,"max_hp_per_floor":[71,71,71,71,71,71,71,71,71,73,73,77,77,77,77,77,77,77,77,77,77,77,77,77],"relic_stats":{"Singing Bowl":6,"counters":[10,56],"Prayer Wheel":4,"obtain_stats":[{"NeowsBlessing":0,"Singing Bowl":9,"Oddly Smooth Stone":6,"Prayer Wheel":8,"Cracked Core":0,"Empty Cage":17,"Unceasing Top":4},{"NeowsBlessing":0,"Singing Bowl":4,"Oddly Smooth Stone":3,"Prayer Wheel":4,"Cracked Core":0,"Empty Cage":8,"Unceasing Top":2},{"NeowsBlessing":0,"Singing Bowl":14,"Oddly Smooth Stone":4,"Prayer Wheel":14,"Cracked Core":0,"Empty Cage":42,"Unceasing Top":2}],"Unceasing Top":[0]},"card_choices":[{"not_picked":["Fusion","Turbo"],"picked":"Steam","floor":1.0},{"not_picked":["Go for the Eyes","Chaos"],"picked":"Ball Lightning","floor":2.0},{"not_picked":["Sunder","Coolheaded"],"picked":"Sweeping Beam","floor":6.0},{"not_picked":["Ball Lightning","White Noise"],"picked":"Loop","floor":8.0},{"not_picked":["Glacier","Steam"],"picked":"Capacitor","floor":10.0},{"not_picked":["Skim","Lockon","Sweeping Beam"],"picked":"Singing Bowl","floor":10.0},{"not_picked":["Tempest","Steam"],"picked":"White Noise","floor":11.0},{"not_picked":["Compile Driver","White Noise"],"picked":"Leap","floor":11.0},{"not_picked":["Redo","Beam Cell","Hologram"],"picked":"Singing Bowl","floor":12.0},{"not_picked":["Lockon","Genetic Algorithm","Streamline"],"picked":"Singing Bowl","floor":12.0},{"not_picked":["Thunder Strike","Multi-Cast"],"picked":"Electrodynamics","floor":16.0},{"not_picked":["Hologram","FTL"],"picked":"Glacier","floor":18.0},{"not_picked":["Sweeping Beam","Lockon"],"picked":"Heatsinks","floor":18.0}],"player_experience":1095358,"relics_obtained":[{"floor":6.0,"key":"Oddly Smooth Stone"},{"floor":8.0,"key":"Prayer Wheel"},{"floor":9.0,"key":"Singing Bowl"}],"event_choices":[{"damage_healed":0.0,"max_hp_gain":0.0,"max_hp_loss":0.0,"gold_gain":0.0,"event_name":"Scrap Ooze","player_choice":"Success","floor":4.0,"gold_loss":0.0,"damage_taken":35.0,"relics_obtained":["Unceasing Top"]},{"cards_removed":["Strike_B"],"damage_healed":0.0,"max_hp_gain":0.0,"max_hp_loss":0.0,"gold_gain":0.0,"event_name":"Living Wall","player_choice":"Forget","floor":5.0,"gold_loss":0.0,"damage_taken":0.0},{"damage_healed":0.0,"max_hp_gain":0.0,"max_hp_loss":0.0,"gold_gain":180.0,"event_name":"Knowing Skull","player_choice":"GOLD GOLD ","floor":19.0,"potions_obtained":[],"gold_loss":0.0,"damage_taken":19.0,"cards_obtained":[]},{"cards_removed":["Defend_B"],"damage_healed":0.0,"max_hp_gain":0.0,"max_hp_loss":0.0,"gold_gain":0.0,"event_name":"Back to Basics","player_choice":"Elegance","floor":22.0,"gold_loss":0.0,"damage_taken":0.0}],"is_beta":false,"boss_relics":[{"not_picked":["Velvet Choker","Runic Dome"],"picked":"Empty Cage"}],"items_purged_floors":[3,14,20],"is_endless":false,"potions_floor_spawned":[1,2,10,11],"killed_by":"Chosen","ascension_level":19}}