{"host":"Rich","time":1609814467,"event":{"mods":["AchievementEnabler","BaseMod","Highlight Path","Minty Spire (QoL Compilation)","Relic Stats"],"gold_per_floor":[119,119,119,44,60,94,107,126,199,199,233,233,233,233],"floor_reached":13,"playtime":202,"items_purged":[],"score":236,"play_id":"fb2f32f7-804c-47ab-a0bd-5c8cc331a66d","local_time":"20210104214107","is_ascension_mode":true,"campfire_choices":[{"data":"BowlingBash","floor":10,"key":"SMITH"},{"floor":12,"key":"REST"}],"circlet_count":0,"master_deck":["AscendersBane","Strike_P","Strike_P","Strike_P","Strike_P","Defend_P","Defend_P","Defend_P","Defend_P","Eruption","Vigilance","FlyingSleeves+1","Wallop","DeceiveReality","BowlingBash+1","LessonLearned","Establishment"],"relics":["PureWater","NeowsBlessing","Incense Burner","Blood Vial","Centennial Puzzle","Anchor"],"acts_visited":["Exordium"],"potions_floor_usage":[7],"damage_taken":[{"damage":0,"enemies":"Small Slimes","floor":1,"turns":1},{"damage":0,"enemies":"Jaw Worm","floor":5,"turns":1},{"damage":0,"enemies":"Gremlin Nob","floor":6,"turns":1},{"damage":0,"enemies":"2 Louse","floor":7,"turns":1},{"damage":6,"enemies":"Blue Slaver","floor":8,"turns":4},{"damage":45,"enemies":"Lagavulin","floor":11,"turns":5},{"damage":63,"enemies":"Gremlin Nob","floor":13,"turns":3}],"seed_played":"6385718181694212495","potions_obtained":[{"floor":5,"key":"DistilledChaos"},{"floor":6,"key":"Ancient Potion"}],"is_trial":false,"path_per_floor":["M","?","?","?","M","E","M","M","T","R","E","R","E"],"character_chosen":"WATCHER","items_purchased":[],"campfire_rested":1,"item_purchase_floors":[],"current_hp_per_floor":[61,61,43,43,45,47,49,45,45,45,2,22,0,0],"gold":233,"neow_bonus":"THREE_ENEMY_KILL","is_daily":false,"chose_seed":false,"campfire_upgraded":1,"win_rate":0.0,"timestamp":1609814467,"path_taken":["M","?","?","?","M","E","M","?","T","R","E","R","E"],"items_purchased_type":[],"build_version":"2020-12-18","purchased_purges":0,"victory":false,"max_hp_per_floor":[68,68,68,68,68,68,68,68,68,68,68,68,68,68],"relic_stats":{"Blood Vial":12,"Centennial Puzzle":[6],"counters":[7,16],"obtain_stats":[{"Blood Vial":3,"Centennial Puzzle":6,"Anchor":11,"NeowsBlessing":0,"Incense Burner":2,"PureWater":0},{"Blood Vial":1,"Centennial Puzzle":3,"Anchor":6,"NeowsBlessing":0,"Incense Burner":1,"PureWater":0},{"Blood Vial":1,"Centennial Puzzle":3,"Anchor":13,"NeowsBlessing":0,"Incense Burner":1,"PureWater":0}]},"card_choices":[{"not_picked":["JustLucky","WreathOfFlame"],"picked":"FlyingSleeves","floor":1},{"not_picked":["Halt","Consecrate"],"picked":"Wallop","floor":5},{"not_picked":["JustLucky","EmptyMind"],"picked":"DeceiveReality","floor":6},{"not_picked":["SashWhip","FlyingSleeves"],"picked":"BowlingBash","floor":7},{"not_picked":["EmptyBody","ClearTheMind"],"picked":"LessonLearned","floor":8},{"not_picked":["TalkToTheHand","PathToVictory"],"picked":"Establishment","floor":11}],"player_experience":1963055,"relics_obtained":[{"floor":6,"key":"Centennial Puzzle"},{"floor":11,"key":"Anchor"}],"event_choices":[{"damage_healed":0,"gold_gain":0,"player_choice":"Box","damage_taken":0,"relics_obtained":["Incense Burner"],"max_hp_gain":0,"max_hp_loss":0,"event_name":"Big Fish","floor":2,"gold_loss":0,"cards_obtained":["Regret"]},{"damage_healed":0,"gold_gain":0,"player_choice":"Success","damage_taken":18,"relics_obtained":["Blood Vial"],"max_hp_gain":0,"max_hp_loss":0,"event_name":"Scrap Ooze","floor":3,"gold_loss":0},{"cards_removed":["Regret"],"damage_healed":0,"gold_gain":0,"player_choice":"Card Removal","damage_taken":0,"max_hp_gain":0,"max_hp_loss":0,"event_name":"The Cleric","floor":4,"gold_loss":75}],"is_beta":true,"boss_relics":[],"items_purged_floors":[],"is_endless":false,"potions_floor_spawned":[5,6],"killed_by":"Gremlin Nob","ascension_level":20}}