{"host":"3icp1y0s51ghu4x2","time":1609819798,"event":{"mods":["AchievementEnabler","BaseMod","Bestiary","Card Forge","ChefMod","Colored Map","Hermit","Infinite Spire","Minty Spire (QoL Compilation)","Relic Filter","Replay The Spire","Shop Mod","StSLib","Td1madao Mod","The Bug Knight","The Hierophant","The Marked"],"gold_per_floor":[2110,2110,1157,1157,1176,1176,1192,721,721,749,749,761,790,1949,1949,2050,2050,2064,2064,2064,2076,1647,1647,1647],"floor_reached":23,"playtime":1569,"items_purged":[],"score":372,"play_id":"aa9dd147-4676-4dca-aad0-b29f63fe33d5","local_time":"20210104200958","is_ascension_mode":false,"campfire_choices":[{"floor":6,"key":"REST"},{"floor":11,"key":"REST"},{"floor":15,"key":"DIG"}],"circlet_count":0,"master_deck":["Strike_P","Strike_P","Strike_P","Strike_P","Eruption+1","Vigilance+1","SashWhip+1","Shame","CrushJoints+1","Perseverance+1","LikeWater+1","Metamorphosis+1","Panacea+1","Ragnarok+1","FollowUp+1","WindmillStrike+1","DeusExMachina+1","CarveReality+1","Replay:BluntJabs+1","Indignation+1","Crescendo+1","Study+1","Replay:LoomingThreat","FlurryOfBlows","RitualDagger","Tantrum","BowlingBash","Impatience"],"relics":["PureWater","Hammer of Thor","Seething Fire","Anvil of the Gods","NeowsBlessing","ReplayTheSpireMod:CursedCoin","Potion Belt","Lizard Tail","infinitespire:BottledMercury","Replay:Accelerometer","Simple Rune","ReplayTheSpireMod:Ninjato","infinitespire:EmpoweringShard","Regal Pillow","Frozen Eye","Nunchaku","SlaversCollar","Replay:Baseball","Orichalcum"],"acts_visited":["Exordium","TheCity"],"potions_floor_usage":[],"damage_taken":[{"damage":0.0,"enemies":"Small Slimes","floor":1.0,"turns":1.0},{"damage":0,"enemies":"2 Louse","floor":5,"turns":1},{"damage":0,"enemies":"Cultist","floor":7,"turns":1},{"damage":18,"enemies":"Lagavulin","floor":10,"turns":4},{"damage":0,"enemies":"Red Slaver","floor":12,"turns":1},{"damage":27,"enemies":"3 Sentries","floor":13,"turns":3},{"damage":0,"enemies":"Slime Boss","floor":16,"turns":3},{"damage":32,"enemies":"3 Byrds","floor":18,"turns":3},{"damage":10,"enemies":"Spheric Guardian","floor":21,"turns":3},{"damage":1998,"enemies":"HollowMod:Nosk","floor":23,"turns":1}],"seed_played":"-5339073848735696731","potions_obtained":[],"is_trial":false,"path_per_floor":["M","?","$","?","M","R","M","$","T","E","R","M","E","$","R_BF","B",null,"M","?","?","M","$","E"],"character_chosen":"WATCHER","items_purchased":["ReplayTheSpireMod:CursedCoin","Potion Belt","Lizard Tail","CrushJoints","Perseverance","LikeWater","Metamorphosis","Panacea","Adrenaline Potion","Energy Potion","DistilledChaos","WindmillStrike","DeusExMachina","infinitespire:BottledMercury","infinitespire:EmpoweringShard","Regal Pillow","Frozen Eye","CarveReality","Replay:BluntJabs","Indignation","Crescendo","Study","Replay:Baseball","Orichalcum","BowlingBash","Impatience"],"campfire_rested":2,"item_purchase_floors":[3,3,3,3,3,3,3,3,3,3,3,8,8,8,14,14,14,14,14,14,14,14,22,22,22,22],"current_hp_per_floor":[472,472,472,472,472,472,472,472,472,454,472,472,445,445,445,445,472,440,440,434,424,424,0,0],"gold":1647,"neow_bonus":"THREE_ENEMY_KILL","is_daily":false,"chose_seed":false,"campfire_upgraded":0,"win_rate":0.0,"timestamp":1609819798,"path_taken":["M","?","$","?","M","R","?","$","T","E","R","M","E","?","R_BF","BOSS","M","?","?","M","?","E"],"items_purchased_type":["Relic","Relic","Relic","Card","Card","Card","Card","Card","Potion","Potion","Potion","Card","Card","Relic","Relic","Relic","Relic","Card","Card","Card","Card","Card","Relic","Relic","Card","Card"],"build_version":"2020-12-22","purchased_purges":0,"victory":false,"max_hp_per_floor":[472,472,472,472,472,472,472,472,472,472,472,472,472,472,472,472,472,472,472,472,472,472,472,472],"card_choices":[{"not_picked":["Halt","EmptyBody"],"picked":"SashWhip","floor":1.0},{"not_picked":["Evaluate","LikeWater","Crescendo"],"picked":"SKIP","floor":5},{"not_picked":["BowlingBash","FearNoEvil"],"picked":"FollowUp","floor":7},{"not_picked":["Replay:AtTheReady","Study","Halt"],"picked":"SKIP","floor":10},{"not_picked":["CarveReality","Pray","Replay:Cycle"],"picked":"SKIP","floor":12},{"not_picked":["Replay:ManipulateFuture","ThirdEye","Replay:Cycle"],"picked":"SKIP","floor":13},{"not_picked":["Vault","LessonLearned"],"picked":"Replay:LoomingThreat","floor":16},{"not_picked":["SandsOfTime","Replay:Anticipation"],"picked":"FlurryOfBlows","floor":18},{"not_picked":["Sanctity+1","EmptyBody"],"picked":"Tantrum","floor":21}],"player_experience":37480,"relics_obtained":[{"floor":9,"key":"Replay:Accelerometer"},{"floor":10,"key":"Simple Rune"},{"floor":13,"key":"ReplayTheSpireMod:Ninjato"},{"floor":15,"key":"Nunchaku"}],"event_choices":[{"damage_healed":0.0,"max_hp_gain":0.0,"max_hp_loss":0.0,"gold_gain":0.0,"event_name":"The Cleric","player_choice":"Leave","floor":2.0,"gold_loss":0.0,"damage_taken":0.0},{"damage_healed":0,"gold_gain":0,"player_choice":"1 cards matched","damage_taken":0,"max_hp_gain":0,"max_hp_loss":0,"event_name":"Match and Keep!","floor":4,"gold_loss":0,"cards_obtained":["Ragnarok"]},{"damage_healed":0,"gold_gain":0,"player_choice":"Ignored","damage_taken":0,"max_hp_gain":0,"max_hp_loss":0,"event_name":"Vampires","floor":19,"gold_loss":0},{"damage_healed":0,"gold_gain":0,"player_choice":"Joined the Cult","damage_taken":6,"max_hp_gain":0,"max_hp_loss":0,"event_name":"Nest","floor":20,"gold_loss":0,"cards_obtained":["RitualDagger"]}],"is_beta":false,"boss_relics":[{"not_picked":["Snecko Eye","Replay:Grab Bag"],"picked":"SlaversCollar"}],"items_purged_floors":[],"is_endless":false,"potions_floor_spawned":[5,7,16],"killed_by":"HollowMod:Nosk","ascension_level":0}}