{"host":"pcbz64t4k17ey4z1","time":1609807174,"event":{"mods":["2.2 Compatiblity","AchievementEnabler","Act Like it!","Aspiration","BaseMod","Beaked The Cultist","Better Match","Better Third Choice","BetterRewards","Card Forge","Colored Map","Colored Powertips","Conspire","Disable Question Mark Monsters","Fireblade Mod","Friendly Minions","Gensokyo","GifTheSpireLib","Glutton Mod","Googly Eyes","Gremlin Mod","Hermit","Hubris","Infinite Spire","Koishi","Marisa????????","Minty Spire (QoL Compilation)","Permanent Neow","Potionbrewer","Quick Restart","Random Character Button","Rare Cards Sparkle","Relic Filter","Replay The Spire","Robot Space Explorer","Shade Mod","Shop Mod","Small Relic Pack","Spicy Shops","StSLib","Stuff the Spire","SuperFastMode","The Animator","The Cursed","The Druid","The Gatherer","The Hierophant","The IronCluck","The Jungle","The Marked","The Runesmith","Virulent Crown","Waifu the Spire","Wandering Minibosses","vexMod"],"gold_per_floor":[366,387,404,425,444,484,484,503,503,549,576,611,611,748,748,859,859,887,916,916,916],"floor_reached":20,"playtime":982,"items_purged":[],"score":266,"play_id":"b392bca7-4914-4251-a0eb-96fd9754c48c","local_time":"20210105003934","is_ascension_mode":true,"campfire_choices":[{"floor":7,"key":"REST"},{"floor":13,"key":"REST"},{"data":"beaked:BraceForImpact","floor":15,"key":"SMITH"}],"circlet_count":0,"master_deck":["beaked:Defend_Y+1","beaked:Defend_Y+1","beaked:Defend_Y+1","beaked:Defend_Y+1","beaked:Ceremony+1","beaked:Ceremony+1","beaked:Ceremony+1","animator:Strike_Kancolle+1","beaked:Overpower","beaked:BraceForImpact+1","beaked:SurvivalInstinct+1","beaked:MimicMachine+1","beaked:BraceForImpact+1","beaked:WarriorSpirit","infinitespire:Oblivion+1","beaked:StickSmack+1","beaked:MimicMachine+1","beaked:KnowThyFoe","beaked:BraceForImpact+1","beaked:Windmill"],"relics":["beaked:MendingPlumage","Hammer of Thor","Seething Fire","Anvil of the Gods","CeramicFish","potionbrewer:BottledElixir","Akabeko","StuffTheSpire:TintedRock","infinitespire:BottledMercury","Replay:Drink Me"],"acts_visited":["Exordium","TheCity"],"potions_floor_usage":[4,6,12,16,20],"damage_taken":[{"damage":9,"enemies":"2 Louse","floor":1,"turns":5},{"damage":19,"enemies":"Cultist","floor":2,"turns":5},{"damage":3,"enemies":"Jaw Worm","floor":3,"turns":5},{"damage":0,"enemies":"3 Louse","floor":4,"turns":6},{"damage":14,"enemies":"Exordium Wildlife","floor":5,"turns":5},{"damage":44,"enemies":"Gremlin Nob","floor":6,"turns":6},{"damage":24,"enemies":"Blue Slaver","floor":8,"turns":6},{"damage":13,"enemies":"Lagavulin","floor":10,"turns":8},{"damage":0,"enemies":"Gremlin Nob","floor":12,"turns":2},{"damage":8,"enemies":"Lagavulin","floor":14,"turns":7},{"damage":14,"enemies":"Hexaghost","floor":16,"turns":7},{"damage":38,"enemies":"Shell Parasite","floor":18,"turns":11},{"damage":18,"enemies":"Chosen","floor":19,"turns":5},{"damage":46,"enemies":"Centurion and Healer","floor":20,"turns":4}],"seed_played":"-6322747919073313888","potions_obtained":[{"floor":3,"key":"AttackPotion"},{"floor":5,"key":"EssenceOfSteel"},{"floor":6,"key":"FearPotion"},{"floor":14,"key":"potionbrewer:QuicksilverPotion"},{"floor":16,"key":"SteroidPotion"},{"floor":18,"key":"PowerPotion"},{"floor":19,"key":"Milkshake"}],"is_trial":false,"path_per_floor":["M","M","M","M","M","E","R","M","T","E","?","E","R","E","R","B",null,"M","M","M"],"character_chosen":"BEAKED_THE_CULTIST","items_purchased":[],"campfire_rested":2,"item_purchase_floors":[],"current_hp_per_floor":[50,37,46,50,44,14,29,22,22,36,36,41,50,47,47,50,38,29,24,0,0],"gold":916,"neow_bonus":"TWO_FIFTY_GOLD","is_daily":false,"chose_seed":false,"campfire_upgraded":1,"win_rate":0.0,"timestamp":1609807174,"path_taken":["M","M","M","M","M","E","R","M","T","E","?","E","R","E","R","BOSS","M","M","M"],"items_purchased_type":[],"build_version":"2020-12-22","purchased_purges":0,"victory":false,"max_hp_per_floor":[50,50,50,50,50,50,50,50,50,50,50,50,50,50,50,50,38,38,38,38,38],"card_choices":[{"not_picked":["beaked:DigDeep","beaked:StunningBlow"],"picked":"beaked:Overpower","floor":1},{"not_picked":["beaked:Redirect","beaked:MachineSpirit"],"picked":"beaked:BraceForImpact","floor":2},{"not_picked":["beaked:DigDeep","beaked:SacrificialAttack"],"picked":"beaked:SurvivalInstinct","floor":3},{"not_picked":["beaked:Cower","beaked:Struggle","beaked:Flinch"],"picked":"SKIP","floor":4},{"not_picked":["beaked:TuckingFeathers","ReplayTheSpireMod:RavenHex"],"picked":"beaked:MimicMachine","floor":5},{"not_picked":["beaked:BarbedWire","beaked:Brace"],"picked":"beaked:BraceForImpact","floor":6},{"not_picked":["beaked:Flinch","beaked:Pecker","beaked:CursingBlood"],"picked":"SKIP","floor":8},{"not_picked":["beaked:Cower","beaked:Foresight"],"picked":"beaked:WarriorSpirit","floor":10},{"not_picked":["infinitespire:UltimateForm","ReplayTheSpireMod:Haul"],"picked":"infinitespire:Oblivion","floor":11},{"not_picked":["beaked:DigDeep","beaked:ShadowFade"],"picked":"beaked:StickSmack","floor":12},{"not_picked":["beaked:DesperateSwing","beaked:Overpower"],"picked":"beaked:MimicMachine","floor":14},{"not_picked":["ReplayTheSpireMod:Owlgaze","beaked:DarkTribute"],"picked":"beaked:KnowThyFoe","floor":16},{"not_picked":["beaked:SacrificialDive","beaked:Foresight+1"],"picked":"beaked:BraceForImpact+1","floor":18},{"not_picked":["beaked:Cower","beaked:WarriorEssence+1"],"picked":"beaked:Windmill","floor":19}],"player_experience":3868099,"relics_obtained":[{"floor":6,"key":"CeramicFish"},{"floor":9,"key":"potionbrewer:BottledElixir"},{"floor":10,"key":"Akabeko"},{"floor":12,"key":"StuffTheSpire:TintedRock"},{"floor":14,"key":"infinitespire:BottledMercury"}],"event_choices":[],"is_beta":false,"boss_relics":[{"not_picked":["aspiration:RunicSpoon","relicPack:KazumaCape"],"picked":"Replay:Drink Me"}],"items_purged_floors":[],"is_endless":false,"potions_floor_spawned":[3,5,6,14,16,18,19],"killed_by":"Centurion and Healer","ascension_level":3}}