{"host":"3ek78t4i81ecmdy1","time":1609890492,"event":{"mods":["2.2 Compatiblity","AchievementEnabler","BaseMod","Colored Map","DeckTracker","Filter the Spire","Keyboard Shortcuts","Minty Spire (QoL Compilation)","Permanent Neow","Quick Restart","SuperFastMode","everything is the same but u backflip on backflip"],"gold_per_floor":[119,119,130,50,77,107,131,70,70,70,70,96,113,130,130,229,229,244,263,263,273,285,285,285],"floor_reached":23,"playtime":711,"items_purged":[],"score":253,"play_id":"37e24504-d8ba-4a7b-871b-e290f41fffaa","local_time":"20210106084812","is_ascension_mode":false,"campfire_choices":[{"data":"Infernal Blade","floor":11,"key":"SMITH"},{"data":"Inflame","floor":15,"key":"SMITH"}],"circlet_count":0,"master_deck":["Bash","Demon Form","Flex","Sword Boomerang","Inflame+1","Shockwave","Disarm","Infernal Blade+1","Shrug It Off","Heavy Blade+1","Twin Strike+1","Reaper+1","Metallicize","Thunderclap+1","Carnage+1","Headbutt+1","Reckless Charge+1","Berserk","Flame Barrier","Wild Strike+1","Whirlwind+1","Heavy Blade+1","Havoc","Infernal Blade","Burning Pact+1"],"relics":["Burning Blood","Pen Nib","MawBank","Blue Candle","Shuriken","Molten Egg 2","Pandora\u0027s Box"],"acts_visited":["Exordium","TheCity"],"potions_floor_usage":[16],"damage_taken":[{"damage":1,"enemies":"2 Louse","floor":1,"turns":3},{"damage":1,"enemies":"Cultist","floor":3,"turns":3},{"damage":26,"enemies":"Lagavulin","floor":6,"turns":6},{"damage":5,"enemies":"Jaw Worm","floor":7,"turns":4},{"damage":32,"enemies":"3 Sentries","floor":12,"turns":8},{"damage":12,"enemies":"Exordium Thugs","floor":13,"turns":6},{"damage":0,"enemies":"3 Louse","floor":14,"turns":2},{"damage":0,"enemies":"Slime Boss","floor":16,"turns":6},{"damage":27,"enemies":"2 Thieves","floor":18,"turns":5},{"damage":0,"enemies":"3 Byrds","floor":19,"turns":2},{"damage":28,"enemies":"Snake Plant","floor":21,"turns":3},{"damage":12,"enemies":"3 Cultists","floor":22,"turns":3},{"damage":40,"enemies":"Book of Stabbing","floor":23,"turns":3}],"seed_played":"1896166900280266528","potions_obtained":[{"floor":6,"key":"Ancient Potion"},{"floor":12,"key":"SneckoOil"},{"floor":18,"key":"BlessingOfTheForge"},{"floor":22,"key":"ElixirPotion"}],"is_trial":false,"path_per_floor":["M","?","M","$","T","E","M","$","T","T","R","E","M","M","R","B",null,"M","M","?","M","M","E"],"character_chosen":"IRONCLAD","items_purchased":["Inflame","Infernal Blade"],"campfire_rested":0,"item_purchase_floors":[4,8],"current_hp_per_floor":[72,72,72,72,72,52,53,53,53,53,53,27,21,27,27,33,72,56,62,62,40,34,0,0],"gold":285,"neow_bonus":"THREE_RARE_CARDS","is_daily":false,"chose_seed":false,"campfire_upgraded":2,"win_rate":0.0,"timestamp":1609890492,"path_taken":["M","?","M","$","?","E","M","$","T","?","R","E","M","?","R","BOSS","M","M","?","?","M","E"],"items_purchased_type":["Card","Card"],"build_version":"2020-12-22","purchased_purges":0,"victory":false,"max_hp_per_floor":[72,72,72,72,72,72,72,72,72,72,72,72,72,72,72,72,72,72,72,72,72,72,72,72],"card_choices":[{"not_picked":["Feed","Offering"],"picked":"Demon Form","floor":0},{"not_picked":["Headbutt","Dual Wield"],"picked":"Flex","floor":1},{"not_picked":["Wild Strike","Hemokinesis","Blood for Blood"],"picked":"SKIP","floor":3},{"not_picked":["Twin Strike","Impervious"],"picked":"Shockwave","floor":6},{"not_picked":["Entrench","Perfected Strike"],"picked":"Disarm","floor":7},{"not_picked":["Headbutt+1","Flame Barrier"],"picked":"Shrug It Off","floor":12},{"not_picked":["Cleave+1","Warcry"],"picked":"Heavy Blade+1","floor":13},{"not_picked":["Wild Strike+1","Body Slam+1"],"picked":"Twin Strike+1","floor":14},{"not_picked":["Feed+1","Brutality"],"picked":"Reaper+1","floor":16},{"not_picked":["Sword Boomerang+1","Infernal Blade"],"picked":"Heavy Blade+1","floor":18},{"not_picked":["Body Slam+1","Cleave+1","Iron Wave+1"],"picked":"SKIP","floor":19},{"not_picked":["Headbutt+1","Iron Wave+1","Sword Boomerang+1"],"picked":"SKIP","floor":21},{"not_picked":["Anger+1","Twin Strike+1"],"picked":"Burning Pact+1","floor":22}],"player_experience":46583,"relics_obtained":[{"floor":5,"key":"Pen Nib"},{"floor":6,"key":"MawBank"},{"floor":9,"key":"Blue Candle"},{"floor":10,"key":"Shuriken"},{"floor":12,"key":"Molten Egg 2"}],"event_choices":[{"damage_healed":0,"gold_gain":0,"player_choice":"1 cards matched","damage_taken":0,"max_hp_gain":0,"max_hp_loss":0,"event_name":"Match and Keep!","floor":2,"gold_loss":0,"cards_obtained":["Sword Boomerang"]},{"damage_healed":0,"gold_gain":0,"player_choice":"2 cards matched","damage_taken":0,"max_hp_gain":0,"max_hp_loss":0,"event_name":"Match and Keep!","floor":20,"gold_loss":0,"cards_obtained":["Havoc","Infernal Blade"]}],"is_beta":false,"boss_relics":[{"not_picked":["Velvet Choker","Runic Dome"],"picked":"Pandora\u0027s Box"}],"items_purged_floors":[],"is_endless":false,"potions_floor_spawned":[6,12,18,22],"killed_by":"Book of Stabbing","ascension_level":0}}