{"host":"d8hh7rr4yzitjeuj","time":1609851486,"event":{"mods":["2.2 Compatiblity","AchievementEnabler","Act Like it!","BaseMod","Colored Map","Colored Powertips","Highlight Path","Keyboard Shortcuts","Minty Spire (QoL Compilation)","Permanent Neow","Quick Restart","StSLib","SuperFastMode"],"gold_per_floor":[117,135,155,155,22,48,48,74,74,74,87,52,68,82,82,157,157,176,189,189,189,211,223,235,247,247],"floor_reached":25,"playtime":713,"items_purged":[],"score":426,"play_id":"ab3e162b-2d54-49ec-8d7b-de4e056f3b78","local_time":"20210105215806","is_ascension_mode":true,"campfire_choices":[{"floor":7,"key":"REST"},{"floor":10,"key":"REST"},{"data":"1","floor":15,"key":"LIFT"},{"floor":23,"key":"REST"}],"circlet_count":0,"master_deck":["AscendersBane","Strike_B","Strike_B","Strike_B","Defend_B","Defend_B","Defend_B","Zap","Dualcast","BootSequence","Compile Driver","Ball Lightning","Doom and Gloom","Coolheaded","Coolheaded","Rip and Tear","Turbo","All For One","Go for the Eyes","Sweeping Beam","All For One","Gash","Capacitor","Stack","Writhe","Gash"],"relics":["FrozenCore","Centennial Puzzle","Girya","Cables","MawBank"],"acts_visited":["Exordium","TheCity"],"potions_floor_usage":[22],"damage_taken":[{"damage":0,"enemies":"2 Louse","floor":1,"turns":2},{"damage":2,"enemies":"Cultist","floor":2,"turns":4},{"damage":0,"enemies":"Small Slimes","floor":3,"turns":2},{"damage":36,"enemies":"Gremlin Nob","floor":6,"turns":4},{"damage":22,"enemies":"Lagavulin","floor":8,"turns":6},{"damage":4,"enemies":"3 Louse","floor":11,"turns":2},{"damage":0,"enemies":"Looter","floor":13,"turns":2},{"damage":0,"enemies":"Large Slime","floor":14,"turns":3},{"damage":22,"enemies":"The Guardian","floor":16,"turns":14},{"damage":13,"enemies":"Shell Parasite","floor":18,"turns":6},{"damage":17,"enemies":"3 Byrds","floor":19,"turns":6},{"damage":15,"enemies":"3 Cultists","floor":22,"turns":4},{"damage":42,"enemies":"Book of Stabbing","floor":25,"turns":5}],"seed_played":"1904713239533149118","potions_obtained":[{"floor":13,"key":"Strength Potion"},{"floor":16,"key":"DuplicationPotion"},{"floor":22,"key":"Energy Potion"}],"is_trial":false,"path_per_floor":["M","M","M","?","$","E","R","E","T","R","M","?","M","M","R","B",null,"M","M","?","?","M","R","$","E"],"character_chosen":"DEFECT","items_purchased":["Coolheaded","Rip and Tear"],"campfire_rested":3,"item_purchase_floors":[5,5],"current_hp_per_floor":[64,62,62,62,62,26,47,25,25,46,42,59,59,59,59,37,63,50,33,33,33,18,39,39,0,0],"gold":247,"neow_bonus":"TRANSFORM_TWO_CARDS","is_daily":false,"chose_seed":false,"campfire_upgraded":0,"win_rate":0.0,"timestamp":1609851486,"path_taken":["M","M","M","?","$","E","R","E","T","R","?","?","M","M","R","BOSS","M","M","?","?","M","R","$","E"],"items_purchased_type":["Card","Card"],"build_version":"2020-12-22","purchased_purges":0,"victory":false,"max_hp_per_floor":[71,71,71,71,71,71,71,71,71,71,71,71,71,71,71,71,71,71,71,71,71,71,71,71,71,71],"card_choices":[{"not_picked":["Conserve Battery","Heatsinks"],"picked":"Ball Lightning","floor":1},{"not_picked":["Heatsinks","Fusion"],"picked":"Doom and Gloom","floor":2},{"not_picked":["Leap","Turbo"],"picked":"Coolheaded","floor":3},{"not_picked":["Cold Snap","Heatsinks"],"picked":"Turbo","floor":6},{"not_picked":["Double Energy","Redo","Ball Lightning"],"picked":"SKIP","floor":8},{"not_picked":["Streamline","Cold Snap"],"picked":"All For One","floor":11},{"not_picked":["Rip and Tear","Sweeping Beam"],"picked":"Go for the Eyes","floor":13},{"not_picked":["Heatsinks","Barrage"],"picked":"Sweeping Beam","floor":14},{"not_picked":["Seek","Hyperbeam"],"picked":"All For One","floor":16},{"not_picked":["Coolheaded","FTL"],"picked":"Gash","floor":18},{"not_picked":["Sweeping Beam","Chaos"],"picked":"Capacitor","floor":19},{"not_picked":["Steam","Heatsinks"],"picked":"Gash","floor":22}],"player_experience":1408012,"relics_obtained":[{"floor":6,"key":"Centennial Puzzle"},{"floor":8,"key":"Girya"},{"floor":9,"key":"Cables"}],"event_choices":[{"cards_removed":["Normality"],"damage_healed":0,"gold_gain":0,"player_choice":"Removed Curses","damage_taken":0,"max_hp_gain":0,"max_hp_loss":0,"event_name":"Fountain of Cleansing","floor":4,"gold_loss":0},{"damage_healed":17,"gold_gain":0,"player_choice":"Healed","damage_taken":0,"max_hp_gain":0,"max_hp_loss":0,"event_name":"The Cleric","floor":12,"gold_loss":35},{"damage_healed":0,"gold_gain":0,"player_choice":"Read","damage_taken":0,"max_hp_gain":0,"max_hp_loss":0,"event_name":"The Library","floor":20,"gold_loss":0,"cards_obtained":["Stack"]},{"damage_healed":0,"gold_gain":0,"player_choice":"Opened","damage_taken":0,"relics_obtained":["MawBank"],"max_hp_gain":0,"max_hp_loss":0,"event_name":"The Mausoleum","floor":21,"gold_loss":0,"cards_obtained":["Writhe"]}],"is_beta":false,"boss_relics":[{"not_picked":["Philosopher\u0027s Stone","Busted Crown"],"picked":"FrozenCore"}],"items_purged_floors":[],"is_endless":false,"potions_floor_spawned":[13,16,18,22],"killed_by":"Book of Stabbing","ascension_level":20}}