{"host":"y7sd46uq4xlni546","time":1609877619,"event":{"mods":["AchievementEnabler","BaseMod","Colored Map","Colored Powertips","Curses Come First","Filter the Spire","Minty Spire (QoL Compilation)","Quick Restart","Random Character Button","Rare Cards Sparkle","StSLib"],"gold_per_floor":[115,135,135,154,254,266,283,358,384,398,398,573,573,292,292,391,391,403,127,147,159,209,209,237,237,262,262,262,262,262,273,273,273,273],"floor_reached":33,"playtime":2107,"items_purged":["Doubt","Havoc"],"score":235,"play_id":"df971681-42b2-403f-8077-dda6f351edb6","local_time":"20210105211339","is_ascension_mode":false,"campfire_choices":[{"floor":11.0,"key":"REST"},{"data":"Shrug It Off","floor":13.0,"key":"SMITH"},{"data":"Shrug It Off","floor":15.0,"key":"SMITH"},{"floor":23,"key":"REST"},{"floor":30,"key":"REST"},{"floor":32,"key":"REST"}],"circlet_count":0,"master_deck":["Strike_R","Strike_R","Strike_R","Defend_R+1","Bash","True Grit+1","Wild Strike+1","Shrug It Off+1","Shrug It Off+1","Shrug It Off+1","Body Slam"],"relics":["Astrolabe","Oddly Smooth Stone","Regal Pillow","Membership Card","Juzu Bracelet","Empty Cage","Ice Cream","Lantern","Red Mask","FaceOfCleric","Bag of Marbles","MutagenicStrength","War Paint"],"acts_visited":["Exordium","TheCity"],"potions_floor_usage":[24,33],"damage_taken":[{"damage":2.0,"enemies":"Small Slimes","floor":1.0,"turns":3.0},{"damage":0.0,"enemies":"2 Louse","floor":2.0,"turns":3.0},{"damage":0.0,"enemies":"Cultist","floor":4.0,"turns":3.0},{"damage":0.0,"enemies":"3 Louse","floor":6.0,"turns":12.0},{"damage":13.0,"enemies":"Large Slime","floor":7.0,"turns":6.0},{"damage":0.0,"enemies":"Looter","floor":10.0,"turns":3.0},{"damage":74.0,"enemies":"Slime Boss","floor":16.0,"turns":20.0},{"damage":12.0,"enemies":"Shell Parasite","floor":18.0,"turns":11.0},{"damage":28.0,"enemies":"3 Byrds","floor":20.0,"turns":10.0},{"damage":15.0,"enemies":"Centurion and Healer","floor":21.0,"turns":8.0},{"damage":33,"enemies":"Masked Bandits","floor":24,"turns":7},{"damage":41,"enemies":"Cultist and Chosen","floor":31,"turns":9},{"damage":77,"enemies":"Champ","floor":33,"turns":16}],"seed_played":"-5909150083752449955","potions_obtained":[{"floor":7.0,"key":"Energy Potion"},{"floor":10.0,"key":"SkillPotion"},{"floor":20.0,"key":"ElixirPotion"},{"floor":21.0,"key":"Weak Potion"},{"floor":31,"key":"Explosive Potion"}],"is_trial":false,"path_per_floor":["M","M","?","M","?","M","M","?","T","M","R","?","R","$","R","B",null,"M","$","M","M","?","R","?","?","T","?","T","?","R","M","R","B"],"character_chosen":"IRONCLAD","items_purchased":["Membership Card","Shrug It Off","Juzu Bracelet","Ice Cream","Lantern"],"campfire_rested":4,"item_purchase_floors":[14,14,14,19,19],"current_hp_per_floor":[78,78,71,71,71,71,58,47,47,47,80,80,80,80,80,6,80,68,68,40,25,25,64,31,31,31,31,31,31,70,30,69,0,0],"gold":273,"neow_bonus":"BOSS_RELIC","is_daily":false,"chose_seed":false,"campfire_upgraded":2,"win_rate":0.0,"timestamp":1609877619,"path_taken":["M","M","?","M","?","M","?","?","T","M","R","?","R","$","R","BOSS","M","$","M","M","?","R","?","?","T","?","?","?","R","M","R","BOSS"],"items_purchased_type":["Relic","Card","Relic","Relic","Relic"],"build_version":"2020-12-22","purchased_purges":2,"victory":false,"max_hp_per_floor":[80,80,80,80,80,80,80,80,80,80,80,80,80,80,80,80,80,80,80,80,80,80,80,80,80,80,80,80,80,80,81,81,81,81],"card_choices":[{"not_picked":["Warcry","Twin Strike","Feel No Pain"],"picked":"SKIP","floor":1.0},{"not_picked":["Heavy Blade","Juggernaut"],"picked":"Havoc","floor":2.0},{"not_picked":["Twin Strike","Inflame","Carnage"],"picked":"SKIP","floor":4.0},{"not_picked":["Armaments","Anger","Infernal Blade"],"picked":"SKIP","floor":6.0},{"not_picked":["Whirlwind","Inflame","Combust"],"picked":"SKIP","floor":7.0},{"not_picked":["Perfected Strike","Burning Pact"],"picked":"Shrug It Off","floor":10.0},{"not_picked":["Twin Strike","Blood for Blood","Burning Pact"],"picked":"SKIP","floor":18.0},{"not_picked":["Metallicize","Shrug It Off","Clothesline+1"],"picked":"SKIP","floor":20.0},{"not_picked":["Bloodletting","Heavy Blade+1"],"picked":"Body Slam","floor":21.0},{"not_picked":["True Grit","Clash","Cleave"],"picked":"SKIP","floor":31}],"player_experience":611596,"relics_obtained":[{"floor":9.0,"key":"Regal Pillow"},{"floor":24,"key":"Red Mask"},{"floor":26,"key":"Bag of Marbles"},{"floor":28,"key":"War Paint"}],"event_choices":[{"damage_healed":0.0,"max_hp_gain":0.0,"max_hp_loss":0.0,"gold_gain":0.0,"event_name":"Scrap Ooze","player_choice":"Success","floor":3.0,"gold_loss":0.0,"damage_taken":7.0,"relics_obtained":["Oddly Smooth Stone"]},{"damage_healed":0.0,"max_hp_gain":0.0,"max_hp_loss":0.0,"gold_gain":100.0,"event_name":"Golden Shrine","player_choice":"Pray","floor":5.0,"gold_loss":0.0,"damage_taken":0.0},{"damage_healed":0.0,"max_hp_gain":0.0,"max_hp_loss":0.0,"gold_gain":75.0,"event_name":"World of Goop","player_choice":"Gather Gold","floor":8.0,"gold_loss":0.0,"damage_taken":11.0},{"damage_healed":0.0,"max_hp_gain":0.0,"max_hp_loss":0.0,"gold_gain":175.0,"event_name":"Liars Game","player_choice":"AGREE","floor":12.0,"gold_loss":0.0,"damage_taken":0.0,"cards_obtained":["Doubt"]},{"damage_healed":0,"gold_gain":100,"player_choice":"Bet on Murderer","damage_taken":0,"max_hp_gain":0,"max_hp_loss":0,"event_name":"The Joust","floor":22,"gold_loss":50},{"damage_healed":0,"gold_gain":0,"player_choice":"Fought Bandits","damage_taken":0,"max_hp_gain":0,"max_hp_loss":0,"event_name":"Masked Bandits","floor":24,"gold_loss":0},{"damage_healed":0,"gold_gain":0,"player_choice":"Trade","damage_taken":0,"relics_obtained":["FaceOfCleric"],"max_hp_gain":0,"max_hp_loss":0,"event_name":"FaceTrader","floor":25,"gold_loss":0},{"damage_healed":0,"gold_gain":0,"player_choice":"Inject Mutagens","damage_taken":0,"relics_obtained":["MutagenicStrength"],"max_hp_gain":0,"max_hp_loss":0,"event_name":"Drug Dealer","floor":27,"gold_loss":0},{"damage_healed":0,"gold_gain":0,"player_choice":"Ignored","damage_taken":0,"max_hp_gain":0,"max_hp_loss":0,"event_name":"Cursed Tome","floor":29,"gold_loss":0}],"is_beta":false,"boss_relics":[{"not_picked":["Black Star","Calling Bell"],"picked":"Empty Cage"}],"items_purged_floors":[14,19],"is_endless":false,"potions_floor_spawned":[7,10,20,21,31],"killed_by":"Champ","ascension_level":0}}