{"host":"61r95uy0hn86b9iu","time":1609816553,"event":{"mods":["AchievementEnabler","BaseMod","Better Vampires","BetterRewards","Colored Powertips","Hubris","Minty Spire (QoL Compilation)","Shop Mod","StSLib"],"gold_per_floor":[117,178,178,210,210,210,38,38,38,38,38,9,22,68,68,166,166,209,228,228,19,65,65,7,73,73,161,161,201,270,420,420,420,420],"floor_reached":33,"playtime":884,"items_purged":["Strike_R","Strike_R","Injury","Writhe"],"score":582,"play_id":"ba2073ee-6253-4f09-8f32-3af97d67b31e","local_time":"20210104211553","is_ascension_mode":true,"campfire_choices":[{"data":"HandOfGreed","floor":6,"key":"SMITH"},{"data":"Offering","floor":11,"key":"SMITH"},{"data":"Searing Blow+1","floor":15,"key":"SMITH"},{"floor":23,"key":"REST"},{"floor":28,"key":"REST"},{"floor":32,"key":"REST"}],"circlet_count":0,"master_deck":["AscendersBane","Strike_R","Strike_R","Strike_R","Defend_R","Defend_R","Defend_R","Defend_R","Bash","HandOfGreed+1","Iron Wave+1","Cleave+1","Offering+1","Twin Strike+1","Searing Blow+2","Body Slam+1","Demon Form","Rage","Metallicize","Flex","Metallicize","Whirlwind+1","Heavy Blade+1"],"relics":["Burning Blood","Membership Card","Shuriken","SacredBark","Molten Egg 2","Bag of Marbles","Golden Idol","The Courier","Pen Nib","hubris:Stopwatch","hubris:SphereOfDissonance","Red Skull","MerchantsRug","Happy Flower","StrikeDummy","hubris:MedicalManual","Red Mask","Torii","hubris:DeckOfHolding"],"acts_visited":["Exordium","TheCity"],"potions_floor_usage":[16,27,27,30],"damage_taken":[{"damage":7,"enemies":"Small Slimes","floor":1,"turns":3},{"damage":5,"enemies":"Jaw Worm","floor":4,"turns":2},{"damage":0,"enemies":"2 Louse","floor":13,"turns":1},{"damage":9,"enemies":"2 Fungi Beasts","floor":14,"turns":2},{"damage":37,"enemies":"Hexaghost","floor":16,"turns":5},{"damage":6,"enemies":"Shell Parasite","floor":18,"turns":2},{"damage":12,"enemies":"Spheric Guardian","floor":19,"turns":3},{"damage":18,"enemies":"Chosen and Byrds","floor":22,"turns":4},{"damage":15,"enemies":"Centurion and Healer","floor":25,"turns":4},{"damage":21,"enemies":"Slavers","floor":27,"turns":4},{"damage":21,"enemies":"Snake Plant","floor":29,"turns":3},{"damage":0,"enemies":"Masked Bandits","floor":30,"turns":2},{"damage":18,"enemies":"Colosseum Slavers","floor":31,"turns":2},{"damage":28,"enemies":"Colosseum Nobs","floor":31,"turns":4},{"damage":56,"enemies":"hubris:MusketHawk","floor":33,"turns":6}],"seed_played":"-6247864744627527543","potions_obtained":[{"floor":14,"key":"Strength Potion"},{"floor":16,"key":"Explosive Potion"},{"floor":19,"key":"PowerPotion"},{"floor":27,"key":"Explosive Potion"},{"floor":29,"key":"BloodPotion"}],"is_trial":false,"path_per_floor":["M","?","T","M","?","R","$","?","T","?","R","$","M","M","R","B",null,"M","M","?","$","M","R","$","M","T","E","R","M","?","?","R","B"],"character_chosen":"IRONCLAD","items_purchased":["Membership Card","Shuriken","HandOfGreed","Molten Egg 2","Offering","Twin Strike+1","Searing Blow+1","Red Skull","Metallicize","MerchantsRug","Happy Flower"],"campfire_rested":3,"item_purchase_floors":[0,0,0,0,7,7,12,21,21,21,24],"current_hp_per_floor":[47,47,47,48,48,48,48,48,48,48,48,48,54,51,51,20,65,65,59,59,59,47,71,71,62,62,47,71,56,62,28,52,0,0],"gold":420,"neow_bonus":"","is_daily":false,"chose_seed":false,"campfire_upgraded":3,"win_rate":0.0,"timestamp":1609816553,"path_taken":["M","?","?","M","?","R","?","?","T","?","R","$","M","M","R","BOSS","M","M","?","$","M","R","$","M","T","E","R","M","?","?","R","BOSS"],"items_purchased_type":["Relic","Relic","Card","Relic","Card","Card","Card","Relic","Card","Relic","Relic"],"build_version":"2020-12-22","purchased_purges":4,"victory":false,"max_hp_per_floor":[80,80,80,80,80,80,80,80,80,80,80,80,80,80,80,80,80,80,80,80,80,80,80,80,80,80,80,80,80,80,80,80,80,80],"card_choices":[{"not_picked":["Rage","Clash+1"],"picked":"Iron Wave+1","floor":1},{"not_picked":["Iron Wave+1","hubris:SharpeningStone"],"picked":"Cleave+1","floor":4},{"not_picked":["Perfected Strike+1","Carnage+1","Shrug It Off"],"picked":"SKIP","floor":13},{"not_picked":["Wild Strike+1","Pommel Strike+1"],"picked":"Body Slam+1","floor":14},{"not_picked":["Double Tap","Impervious"],"picked":"Demon Form","floor":16},{"not_picked":["Sentinel","Bloodletting","Warcry"],"picked":"SKIP","floor":18},{"not_picked":["Body Slam+1","Bloodletting"],"picked":"Rage","floor":19},{"not_picked":["Headbutt+1","Infernal Blade"],"picked":"Flex","floor":22},{"not_picked":["Twin Strike+1","Headbutt+1"],"picked":"Metallicize","floor":25},{"not_picked":["Twin Strike+1","Thunderclap+1","Burning Pact"],"picked":"SKIP","floor":27},{"not_picked":["Metallicize","Bloodletting","Armaments"],"picked":"SKIP","floor":29},{"not_picked":["Intimidate","Wild Strike+1"],"picked":"Whirlwind+1","floor":30},{"not_picked":["Uppercut+1","Iron Wave+1"],"picked":"Heavy Blade+1","floor":31}],"player_experience":3228608,"relics_obtained":[{"floor":3,"key":"Bag of Marbles"},{"floor":9,"key":"Pen Nib"},{"floor":26,"key":"StrikeDummy"},{"floor":27,"key":"hubris:MedicalManual"},{"floor":30,"key":"Red Mask"},{"floor":31,"key":"Torii"},{"floor":31,"key":"hubris:DeckOfHolding"}],"event_choices":[{"damage_healed":0,"gold_gain":61,"player_choice":"Gained Gold","damage_taken":0,"max_hp_gain":0,"max_hp_loss":0,"event_name":"Golden Wing","floor":2,"gold_loss":0},{"damage_healed":0,"gold_gain":0,"player_choice":"Take Wound","damage_taken":0,"relics_obtained":["Golden Idol"],"max_hp_gain":0,"max_hp_loss":0,"event_name":"Golden Idol","floor":5,"gold_loss":0,"cards_obtained":["Injury"]},{"damage_healed":0,"gold_gain":0,"player_choice":"Box","damage_taken":0,"relics_obtained":["The Courier"],"max_hp_gain":0,"max_hp_loss":0,"event_name":"Big Fish","floor":8,"gold_loss":0,"cards_obtained":["Regret"]},{"cards_removed":["Regret"],"damage_healed":0,"gold_gain":0,"player_choice":"Forget","damage_taken":0,"max_hp_gain":0,"max_hp_loss":0,"event_name":"Living Wall","floor":10,"gold_loss":0},{"damage_healed":0,"gold_gain":0,"player_choice":"Opened","damage_taken":0,"relics_obtained":["hubris:SphereOfDissonance"],"max_hp_gain":0,"max_hp_loss":0,"event_name":"The Mausoleum","floor":20,"gold_loss":0,"cards_obtained":["Writhe"]},{"damage_healed":0,"gold_gain":0,"player_choice":"Fought Bandits","damage_taken":0,"max_hp_gain":0,"max_hp_loss":0,"event_name":"Masked Bandits","floor":30,"gold_loss":0},{"damage_healed":0,"gold_gain":0,"player_choice":"Fight","damage_taken":0,"max_hp_gain":0,"max_hp_loss":0,"event_name":"Colosseum","floor":31,"gold_loss":0},{"damage_healed":0,"gold_gain":0,"player_choice":"Fought Nobs","damage_taken":0,"max_hp_gain":0,"max_hp_loss":0,"event_name":"Colosseum","floor":31,"gold_loss":0}],"is_beta":false,"boss_relics":[{"not_picked":["hubris:GrandSneckoEye","Cursed Key"],"picked":"hubris:Stopwatch"}],"items_purged_floors":[0,0,7,21],"is_endless":false,"potions_floor_spawned":[14,16,19,27,29,31],"killed_by":"hubris:MusketHawk","ascension_level":13}}