{"host":"esx1hwjnbftf3eqj","time":1609813181,"event":{"mods":["BaseMod","Colored Map","Minty Spire (QoL Compilation)","StSLib","The Jungle"],"gold_per_floor":[113,132,10,29,47,82,100,100,180,180,214,214,244,419,419,498,498,517,517,517,528,115,148,168,168,168,168,184,200,228,228,228,307,307,320,332,677,702,140,168,168,199,199,199,36,54,54,4,4,4],"floor_reached":51,"playtime":4885,"items_purged":["Strike_R","Doubt","Clash"],"score":1546,"play_id":"35bbe64d-5d24-4a86-b5b6-f1a12c40c276","local_time":"20210104181941","is_ascension_mode":true,"campfire_choices":[{"data":"Armaments","floor":8.0,"key":"SMITH"},{"data":"Dual Wield","floor":12.0,"key":"SMITH"},{"floor":15.0,"key":"DIG"},{"floor":25.0,"key":"DIG"},{"floor":27.0,"key":"DIG"},{"floor":32,"key":"REST"},{"data":"Apotheosis","floor":41,"key":"SMITH"},{"floor":44,"key":"DIG"},{"floor":49,"key":"DIG"}],"circlet_count":0,"master_deck":["AscendersBane","Defend_R","Defend_R","Defend_R+1","Defend_R","Bash+1","Metallicize","Inflame","Madness","Dual Wield+1","Armaments+1","Reaper","Shockwave+1","Cleave","Barricade","Iron Wave+1","Ghostly","Ghostly","Ghostly","Ghostly","Ghostly","Shrug It Off","Inflame","Apotheosis+1","Body Slam","Inflame","Heavy Blade","Ghostly Armor","Flame Barrier+1","Juggernaut","Entrench","Pommel Strike+1","Dual Wield","Magnetism","Entrench"],"relics":["Burning Blood","Happy Flower","Sundial","Thread and Needle","Smiling Mask","Shovel","Mummified Hand","SlaversCollar","Whetstone","War Paint","Blood Vial","Bottled Flame","Strawberry","Darkstone Periapt","Enchiridion","Empty Cage","Old Coin","Toy Ornithopter","Incense Burner","Orrery","Oddly Smooth Stone","Bag of Preparation","Gremlin Horn","Gambling Chip","Shuriken"],"acts_visited":["Exordium","TheCity","TheBeyond"],"potions_floor_usage":[30,30,50,50],"damage_taken":[{"damage":5.0,"enemies":"2 Louse","floor":1.0,"turns":5.0},{"damage":3.0,"enemies":"Jaw Worm","floor":2.0,"turns":5.0},{"damage":0.0,"enemies":"Small Slimes","floor":4.0,"turns":4.0},{"damage":3.0,"enemies":"2 Fungi Beasts","floor":5.0,"turns":4.0},{"damage":24.0,"enemies":"3 Sentries","floor":6.0,"turns":12.0},{"damage":10.0,"enemies":"Exordium Thugs","floor":7.0,"turns":5.0},{"damage":0.0,"enemies":"Gremlin Nob","floor":11.0,"turns":4.0},{"damage":17.0,"enemies":"Lagavulin","floor":13.0,"turns":6.0},{"damage":18.0,"enemies":"The Guardian","floor":16.0,"turns":9.0},{"damage":6.0,"enemies":"Shell Parasite","floor":18.0,"turns":15.0},{"damage":3.0,"enemies":"3 Byrds","floor":21.0,"turns":10.0},{"damage":13.0,"enemies":"Book of Stabbing","floor":23.0,"turns":9.0},{"damage":9.0,"enemies":"Centurion and Healer","floor":24.0,"turns":9.0},{"damage":5.0,"enemies":"Snake Plant","floor":28.0,"turns":6.0},{"damage":15.0,"enemies":"Chosen and Byrds","floor":29.0,"turns":10.0},{"damage":32,"enemies":"Gremlin Leader","floor":30,"turns":8},{"damage":0,"enemies":"Champ","floor":33,"turns":9},{"damage":0,"enemies":"3 Darklings","floor":35,"turns":7},{"damage":1,"enemies":"3 Shapes","floor":36,"turns":8},{"damage":0,"enemies":"2 Orb Walkers","floor":37,"turns":10},{"damage":5,"enemies":"Reptomancer","floor":40,"turns":6},{"damage":0,"enemies":"Giant Head","floor":42,"turns":9},{"damage":0,"enemies":"Sphere and 2 Shapes","floor":46,"turns":5},{"damage":7,"enemies":"Awakened One","floor":50,"turns":7}],"seed_played":"-4596485695534631816","potions_obtained":[{"floor":1.0,"key":"GamblersBrew"},{"floor":5.0,"key":"SpeedPotion"},{"floor":13.0,"key":"DistilledChaos"},{"floor":24.0,"key":"LiquidMemories"},{"floor":29.0,"key":"PowerPotion"},{"floor":30,"key":"LiquidBronze"},{"floor":40,"key":"LiquidMemories"}],"is_trial":false,"path_per_floor":["M","M","$","M","M","E","M","R","T","?","E","R","E","?","R","B",null,"M","?","?","M","$","E","M","R","T","R","M","M","E","?","R","B",null,"M","M","?","T","$","E","R","E","T","R","$","M","?","$","R","B",null],"character_chosen":"IRONCLAD","items_purchased":["Madness","Clash","Apotheosis","Whetstone","Body Slam","Incense Burner","Orrery","Swift Potion","Magnetism"],"campfire_rested":1,"item_purchase_floors":[3,3,22,22,22,39,39,39,45],"current_hp_per_floor":[52,55,55,61,64,46,42,42,42,35,41,41,30,30,30,29,67,80,40,40,40,40,33,40,40,40,47,47,45,21,5,19,35,44,47,47,47,47,47,47,47,47,47,47,47,47,47,47,47,46],"gold":4,"neow_bonus":"REMOVE_TWO","is_daily":false,"chose_seed":false,"campfire_upgraded":3,"win_rate":0.0,"timestamp":1609813181,"path_taken":["M","M","$","M","M","E","M","R","T","?","E","R","E","?","R","BOSS","M","?","?","M","$","E","M","R","T","R","M","M","E","?","R","BOSS","M","M","?","?","$","E","R","E","T","R","$","?","?","?","R","BOSS"],"items_purchased_type":["Card","Card","Card","Relic","Card","Relic","Relic","Potion","Card"],"build_version":"2020-12-22","purchased_purges":3,"victory":true,"max_hp_per_floor":[80,80,80,80,80,80,80,80,80,80,80,80,80,80,80,80,80,80,40,40,40,40,40,40,40,40,47,47,47,47,47,47,47,47,47,47,47,47,47,47,47,47,47,47,47,47,47,47,47,47],"card_choices":[{"not_picked":["Wild Strike","Sentinel"],"picked":"Metallicize","floor":1.0},{"not_picked":["Feel No Pain","Second Wind"],"picked":"Inflame","floor":2.0},{"not_picked":["Perfected Strike","Body Slam"],"picked":"Dual Wield","floor":4.0},{"not_picked":["True Grit","Perfected Strike"],"picked":"Armaments","floor":5.0},{"not_picked":["Evolve","Pommel Strike"],"picked":"Reaper","floor":6.0},{"not_picked":["Searing Blow","Ghostly Armor"],"picked":"Shockwave","floor":7.0},{"not_picked":["Sever Soul","Sword Boomerang"],"picked":"Cleave","floor":11.0},{"not_picked":["Perfected Strike","Power Through","Dark Embrace"],"picked":"SKIP","floor":13.0},{"not_picked":["Limit Break","Offering"],"picked":"Barricade","floor":16.0},{"not_picked":["Sentinel","Twin Strike"],"picked":"Iron Wave+1","floor":18.0},{"not_picked":["Bloodletting+1","Anger"],"picked":"Inflame","floor":21.0},{"not_picked":["Rampage","Iron Wave"],"picked":"Inflame","floor":23.0},{"not_picked":["Evolve","Cleave"],"picked":"Heavy Blade","floor":24.0},{"not_picked":["Rupture","Spot Weakness","Cleave"],"picked":"SKIP","floor":28.0},{"not_picked":["Twin Strike","Cleave"],"picked":"Ghostly Armor","floor":29.0},{"not_picked":["Clothesline+1","Flex"],"picked":"Flame Barrier+1","floor":30},{"not_picked":["Double Tap","Immolate"],"picked":"Juggernaut","floor":33},{"not_picked":["Armaments+1","Body Slam","Feel No Pain"],"picked":"SKIP","floor":35},{"not_picked":["Rage","Feel No Pain+1","Evolve"],"picked":"SKIP","floor":36},{"not_picked":["Iron Wave","Exhume"],"picked":"Entrench","floor":39},{"not_picked":["Power Through","Warcry"],"picked":"Pommel Strike+1","floor":39},{"not_picked":["Armaments","Second Wind"],"picked":"Dual Wield","floor":40},{"not_picked":["Twin Strike","Fire Breathing","Dropkick"],"picked":"SKIP","floor":42},{"not_picked":["True Grit+1","Flex"],"picked":"Entrench","floor":46}],"player_experience":650523,"relics_obtained":[{"floor":6.0,"key":"Happy Flower"},{"floor":9.0,"key":"Sundial"},{"floor":11.0,"key":"Smiling Mask"},{"floor":13.0,"key":"Shovel"},{"floor":15.0,"key":"Mummified Hand"},{"floor":23.0,"key":"War Paint"},{"floor":25.0,"key":"Blood Vial"},{"floor":26.0,"key":"Bottled Flame"},{"floor":27.0,"key":"Strawberry"},{"floor":30,"key":"Darkstone Periapt"},{"floor":31,"key":"Enchiridion"},{"floor":37,"key":"Old Coin"},{"floor":38,"key":"Toy Ornithopter"},{"floor":40,"key":"Oddly Smooth Stone"},{"floor":42,"key":"Bag of Preparation"},{"floor":43,"key":"Gremlin Horn"},{"floor":44,"key":"Gambling Chip"},{"floor":49,"key":"Shuriken"}],"event_choices":[{"damage_healed":0.0,"max_hp_gain":0.0,"max_hp_loss":0.0,"gold_gain":0.0,"event_name":"Scrap Ooze","player_choice":"Success","floor":10.0,"gold_loss":0.0,"damage_taken":7.0,"relics_obtained":["Thread and Needle"]},{"damage_healed":0.0,"max_hp_gain":0.0,"max_hp_loss":0.0,"gold_gain":175.0,"event_name":"Liars Game","player_choice":"AGREE","floor":14.0,"gold_loss":0.0,"damage_taken":0.0,"cards_obtained":["Doubt"]},{"damage_healed":0.0,"max_hp_gain":0.0,"max_hp_loss":40.0,"gold_gain":0.0,"event_name":"Ghosts","player_choice":"Became a Ghost","floor":19.0,"gold_loss":0.0,"damage_taken":0.0,"cards_obtained":["Ghostly","Ghostly","Ghostly","Ghostly","Ghostly"]},{"damage_healed":0.0,"max_hp_gain":0.0,"max_hp_loss":0.0,"gold_gain":0.0,"event_name":"The Library","player_choice":"Read","floor":20.0,"gold_loss":0.0,"damage_taken":0.0,"cards_obtained":["Shrug It Off"]},{"damage_healed":0,"gold_gain":0,"player_choice":"Obtained Book","damage_taken":16,"max_hp_gain":0,"max_hp_loss":0,"event_name":"Cursed Tome","floor":31,"gold_loss":0},{"damage_healed":0,"gold_gain":0,"player_choice":"Fight","damage_taken":0,"max_hp_gain":0,"max_hp_loss":0,"event_name":"Mysterious Sphere","floor":37,"gold_loss":0},{"damage_healed":0,"gold_gain":0,"player_choice":"Bought 0 Potions","damage_taken":0,"max_hp_gain":0,"max_hp_loss":0,"event_name":"The Woman in Blue","floor":47,"gold_loss":0}],"is_beta":false,"boss_relics":[{"not_picked":["Philosopher\u0027s Stone","SacredBark"],"picked":"SlaversCollar"},{"not_picked":["Snecko Eye","Black Blood"],"picked":"Empty Cage"}],"items_purged_floors":[22,39,48],"is_endless":false,"potions_floor_spawned":[1,5,6,13,24,29,30,40,42,46],"ascension_level":13}}