{"host":"y6h8h5dnjuludn40","time":1609831001,"event":{"mods":["BaseMod","Colored Map","Colored Powertips","Googly Eyes","Hermit","Minty Spire (QoL Compilation)","Replay The Spire","StSLib","The Construct","The Hierophant"],"gold_per_floor":[166,178,201,237,273,303,303,303,303,303,303,359,359,139,139,245,245,275,71,135,135,194,259,259,340,364,474,474,501,501,17,17,0,0],"floor_reached":33,"playtime":1548,"items_purged":["hierophant:Defend_Hierophant"],"score":390,"play_id":"60d42d8c-0dfc-4db8-b508-b18dce631ea4","local_time":"20210105011641","is_ascension_mode":false,"campfire_choices":[{"data":"hierophant:ChurchCoffers","floor":7,"key":"SMITH"},{"data":"hierophant:Smite","floor":10,"key":"SMITH"},{"floor":13,"key":"REST"},{"floor":24,"key":"REST"},{"floor":28,"key":"REST"},{"floor":30,"key":"RECALL"},{"data":"hierophant:Determination","floor":32,"key":"SMITH"}],"circlet_count":0,"master_deck":["hierophant:Strike_Hierophant","hierophant:Strike_Hierophant","hierophant:Punish+1","hierophant:Defend_Hierophant","hierophant:Defend_Hierophant","hierophant:Defend_Hierophant","hierophant:ChurchCoffers+1","hierophant:Smite","hierophant:EyeForCoin","hierophant:Doubloon","hierophant:Doomsaying","hierophant:Doubloon","hierophant:Doubloon","hierophant:Smite+1","hierophant:Doubloon","hierophant:Blessing","hierophant:OrnateBuckler+1","hierophant:Doubloon","hierophant:CursedGold","hierophant:Community","hierophant:Determination+1","hierophant:HolyVerse","hierophant:PassingBell","hierophant:Doubloon","hierophant:Charity","hierophant:LocustPlague","hierophant:Blessing","hierophant:HammerAndAnvil","hierophant:AuricForm","hierophant:PassingBell+1","hierophant:OrnateJavelin+1","hierophant:RecallFunds","hierophant:Doubloon","hierophant:Doubloon","hierophant:Remorse+1","hierophant:Doubloon","hierophant:Smite","hierophant:Doubloon","hierophant:BulkyChest","hierophant:Doubloon","Replay:Hysterical Blindness","hierophant:Doubloon","hierophant:CoinFling","Clumsy","hierophant:AuricBeam"],"relics":["Tiny House","Strawberry","Odd Mushroom","Orrery","Cursed Key","Replay:Rubber Ducky","Anchor","CeramicFish","Replay:Wax Seal","TungstenRod","Strange Spoon"],"acts_visited":["Exordium","TheCity"],"potions_floor_usage":[5,6,6,6,22,23,27,33],"damage_taken":[{"damage":0,"enemies":"Small Slimes","floor":1,"turns":2},{"damage":2,"enemies":"2 Louse","floor":2,"turns":2},{"damage":6,"enemies":"Jaw Worm","floor":3,"turns":2},{"damage":9,"enemies":"Gremlin Gang","floor":4,"turns":3},{"damage":25,"enemies":"Exordium Thugs","floor":5,"turns":5},{"damage":0,"enemies":"Gremlin Nob","floor":6,"turns":2},{"damage":14,"enemies":"The Mushroom Lair","floor":12,"turns":5},{"damage":18,"enemies":"Fading Forest","floor":16,"turns":11},{"damage":10,"enemies":"Chosen","floor":18,"turns":3},{"damage":0,"enemies":"Spheric Guardian","floor":20,"turns":2},{"damage":26,"enemies":"Snake Plant","floor":22,"turns":4},{"damage":63,"enemies":"Gremlin Leader","floor":23,"turns":5},{"damage":28,"enemies":"Shelled Parasite and Fungi","floor":25,"turns":6},{"damage":0,"enemies":"Centurion and Healer","floor":27,"turns":2},{"damage":64,"enemies":"Collector","floor":33,"turns":6}],"seed_played":"-2379890769161070468","potions_obtained":[{"floor":0,"key":"PowerPotion"},{"floor":2,"key":"Fruit Juice"},{"floor":4,"key":"SteroidPotion"},{"floor":5,"key":"Explosive Potion"},{"floor":12,"key":"GamblersBrew"},{"floor":16,"key":"Energy Potion"},{"floor":20,"key":"construct:ShiftPotion"},{"floor":23,"key":"Flashbang"},{"floor":25,"key":"Energy Potion"},{"floor":27,"key":"Languid Potion"}],"is_trial":false,"path_per_floor":["M","M","M","M","M","E","R","?","T","R","?","?","R","$","R_BF","B",null,"M","$","M","?","M","E","R","M","T","M","R","T","R","$","R","B"],"character_chosen":"HIEROPHANT","items_purchased":["hierophant:Determination","Orrery","hierophant:OrnateJavelin+1","hierophant:RecallFunds","Replay:Wax Seal","TungstenRod","Strange Spoon","hierophant:AuricBeam"],"campfire_rested":3,"item_purchase_floors":[14,14,19,19,31,31,31,31],"current_hp_per_floor":[80,78,72,63,43,50,50,50,50,50,50,43,70,70,70,66,92,82,82,88,88,66,12,39,22,22,29,56,56,56,56,56,0,0],"gold":0,"neow_bonus":"BOSS_RELIC","is_daily":false,"chose_seed":false,"campfire_upgraded":3,"win_rate":0.0,"timestamp":1609831001,"path_taken":["M","M","M","M","M","E","R","?","T","R","?","?","R","$","R_BF","BOSS","M","$","M","?","M","E","R","M","T","?","R","?","R","$","R","BOSS"],"items_purchased_type":["Card","Relic","Card","Card","Relic","Relic","Relic","Card"],"build_version":"2020-12-22","purchased_purges":1,"victory":false,"max_hp_per_floor":[80,80,80,80,85,92,92,92,92,92,92,92,92,92,92,92,92,92,92,92,92,92,92,92,92,92,92,92,92,92,92,92,92,92],"card_choices":[{"not_picked":["hierophant:Doubloon","hierophant:Purify"],"picked":"hierophant:Smite","floor":0},{"not_picked":["hierophant:CursedGold","hierophant:Chorus"],"picked":"hierophant:EyeForCoin","floor":1},{"not_picked":["hierophant:Purify","hierophant:ThreeLashes"],"picked":"hierophant:Doomsaying","floor":2},{"not_picked":["hierophant:AuricShield","hierophant:Invocation"],"picked":"hierophant:CoinFling","floor":3},{"not_picked":["hierophant:Chorus","hierophant:Remorse"],"picked":"hierophant:Smite","floor":4},{"not_picked":["hierophant:DisplayOfPower","hierophant:OrnateJavelin","hierophant:Glossolalia"],"picked":"SKIP","floor":5},{"not_picked":["hierophant:Purify","hierophant:Sermon"],"picked":"hierophant:Blessing","floor":6},{"not_picked":["hierophant:Doubloon","hierophant:FaithHealing"],"picked":"hierophant:Community","floor":12},{"not_picked":["hierophant:HammerAndAnvil","hierophant:RustyCrate"],"picked":"hierophant:HolyVerse","floor":14},{"not_picked":["hierophant:Embezzle","hierophant:Racketeering"],"picked":"hierophant:PassingBell","floor":14},{"not_picked":["hierophant:RepressedViolence","hierophant:Empathy"],"picked":"hierophant:Charity","floor":14},{"not_picked":["hierophant:FieryStrike","hierophant:Prophecy"],"picked":"hierophant:LocustPlague","floor":14},{"not_picked":["hierophant:RepressedViolence","hierophant:AuricBeam"],"picked":"hierophant:Blessing","floor":14},{"not_picked":["hierophant:LocustPlague","hierophant:DivineIntervention"],"picked":"hierophant:AuricForm","floor":16},{"not_picked":["hierophant:AuricBeam","hierophant:Martyrdom+1"],"picked":"hierophant:PassingBell+1","floor":18},{"not_picked":["hierophant:Prophecy","hierophant:ConvertCurrency"],"picked":"hierophant:Remorse+1","floor":20},{"not_picked":["hierophant:Remorse","hierophant:OrnateBuckler+1"],"picked":"hierophant:Smite","floor":22},{"not_picked":["hierophant:TollTheBells","hierophant:Martyrdom"],"picked":"hierophant:BulkyChest","floor":23},{"not_picked":["hierophant:HammerAndAnvil","hierophant:Community","hierophant:RecallFunds"],"picked":"SKIP","floor":25},{"not_picked":["hierophant:Chorus","hierophant:OrnateBuckler"],"picked":"hierophant:CoinFling","floor":27}],"player_experience":255316,"relics_obtained":[{"floor":6,"key":"Strawberry"},{"floor":12,"key":"Odd Mushroom"},{"floor":23,"key":"Replay:Rubber Ducky"},{"floor":26,"key":"Anchor"},{"floor":29,"key":"CeramicFish"}],"event_choices":[{"damage_healed":0,"gold_gain":0,"cards_transformed":["hierophant:Strike_Hierophant"],"player_choice":"Change","damage_taken":0,"max_hp_gain":0,"max_hp_loss":0,"event_name":"Living Wall","floor":11,"gold_loss":0,"cards_obtained":["hierophant:CursedGold"]},{"damage_healed":0,"gold_gain":0,"player_choice":"Fought Mushrooms","damage_taken":0,"max_hp_gain":0,"max_hp_loss":0,"event_name":"Mushrooms","floor":12,"gold_loss":0},{"damage_healed":0,"gold_gain":0,"player_choice":"Bought 0 Potions","damage_taken":0,"max_hp_gain":0,"max_hp_loss":0,"event_name":"The Woman in Blue","floor":21,"gold_loss":0}],"is_beta":false,"boss_relics":[{"not_picked":["Replay:Wanted Poster","Ectoplasm"],"picked":"Cursed Key"}],"items_purged_floors":[19],"is_endless":false,"potions_floor_spawned":[2,4,5,12,16,20,23,25,27],"killed_by":"Collector","ascension_level":0}}