{"host":"avq773cl9g5msfol","time":1609836021,"event":{"mods":["100% Spire Juice","AchievementEnabler","Act Like it!","Ascension Unlocker","Aspiration","Astrologer","Bard","Bartender","BaseMod","Better Altar","Better Third Choice","BetterRewards","CapriCore","ChefMod","Colored Map","Colored Powertips","Conspire","Dio Mod","Downfall","Elementarium","Energized Spire","Gensokyo","GifTheSpireLib","GungeonMod","Hallownest","Hermit","Highlight Path","Hubris","Humility","Infinite Spire","Jorbs\u0027s Wanderer Trilogy","Koishi","Magitek Elite","Marisa????????","Marked Mod","Menagerie","Minty Spire (QoL Compilation)","Pale of the Ancients","Potionbrewer","Quarter Circle Forward PUNCH!","Rare Cards Sparkle","Reimu??????","Relic Stats","Remilia??????","Replay The Spire","SacredBarkPlus","Shade Mod","Somnambulant","Spicy Shops","StSLib","Synergy Search","The Administrix","The Blue Laboratory","The Bug Knight","The Construct","The Cursed","The Disciple","The Dragon Tamer","The Exalted","The Hayseed","The Hierophant","The Immortal","The Judge","The Marked","The Mystic","The Problem Sleuth","The Runesmith","The Senshi","The Vixen","The Wild Card","TheArtist","TheFirefly","Wandering Minibosses","vexMod"],"gold_per_floor":[126,141,241,81,91,141,172,203,203,248,284,314,1125,832,832,906,856,868,793,811,811,811,811,852,852,876,910,736,736,785,802,802,889,889,901,916,916,807,838,838,598,631,631,631,665,665,667,667,667,667,681],"floor_reached":52,"playtime":8115,"items_purged":["LockedMawBank+1","CrunchTime+1","CrunchTime+1","Strike_Br","Wraith"],"score":2972,"play_id":"655da954-9f55-4b8d-8709-81880fd15d16","local_time":"20210105154021","is_ascension_mode":true,"campfire_choices":[{"data":"ReapSow","floor":15.0,"key":"SMITH"},{"data":"Hallownest:attackMasterCycloneSlash","floor":23.0,"key":"SMITH"},{"data":"Keepsakes","floor":29.0,"key":"SMITH"},{"data":"Engulf","floor":32.0,"key":"SMITH"},{"data":"TickedOff","floor":44,"key":"SMITH"},{"data":"Accruing","floor":46,"key":"SMITH"},{"data":"VestedLegacy","floor":49,"key":"SMITH"}],"circlet_count":0,"master_deck":["AscendersBane","SecondHand+1","PatternShift+1","Parity+1","Stagnate+1","LockedAstrolabe+1","LockedTurtyl+1","SlimeSpray+1","LockedPlans+1","LockedMawBank+1","Echoward+1","Keepsakes+1","DaylightSavings+2","Engulf+1","ExoVibe+15","BlueShift+1","SlimeSpray+1","Analog+1","TickedOff+1","VestedLegacy+1","Rallentando+1","ReapSow+3","HandsUpB+1","LockedBell+1","Keepsakes+1","Hallownest:attackMasterCycloneSlash+1","Recurrance+1","LockedMedicine+1","Engulf+1","Pendulum+1","Shame","Accruing+1"],"relics":["Chronometer","Golden Egg","Quantum Egg","construct:FoamFinger","vexMod:PaidLearning","ClockworkSouvenir","OrangePellets","RuthlessExorcism:ReiMu","SlipperyGoo","Membership Card","MysticCrockPot","aspiration:FetidBarrel","Enchiridion","The Courier","ReplayTheSpireMod:TigerMarble","Blue Doll","qcfpunch:Army_Boots","wanderingMiniBosses:MasterThiefsPresence","hubris:SlimyHat","Medical Kit","Vajra","aspiration:FrozenJewel","energizedSpire:HugeHouse","Bag of Marbles","Bronze Scales","BargainBundle","DemoMod:GundromedaStrain","vexMod:FocusSash","Golden_Hairpin","TheVixenMod:UmbreonRelic","qcfpunch:Red_Gi","CrazyTorch:ReiMu","conspire:Dentures","conspire:Boomerang","infinitespire:Midas Blood","Akabeko"],"acts_visited":["Gensokyo:Gensokyo","Hallownest:CityofTears","TheBeyond"],"potions_floor_usage":[51],"damage_taken":[{"damage":8.0,"enemies":"Gensokyo:Gryphon","floor":1.0,"turns":4.0},{"damage":0.0,"enemies":"Gensokyo:2_Kodama","floor":2.0,"turns":3.0},{"damage":0.0,"enemies":"Gensokyo:3_Fairies","floor":5.0,"turns":4.0},{"damage":4.0,"enemies":"Gensokyo:Mamizou","floor":6.0,"turns":5.0},{"damage":0.0,"enemies":"Gensokyo:Python_and_Kodama","floor":7.0,"turns":2.0},{"damage":0.0,"enemies":"Gensokyo:Cirno","floor":8.0,"turns":4.0},{"damage":0.0,"enemies":"Gensokyo:Aya","floor":10.0,"turns":3.0},{"damage":0.0,"enemies":"Gensokyo:Kitsune","floor":11.0,"turns":2.0},{"damage":0.0,"enemies":"Gensokyo:Mamizou","floor":12.0,"turns":4.0},{"damage":0.0,"enemies":"Gensokyo:Gryphon_and_Rabbit","floor":13.0,"turns":6.0},{"damage":0.0,"enemies":"Gensokyo:Reimu","floor":16.0,"turns":5.0},{"damage":0.0,"enemies":"Hallownest:3_Youths","floor":18.0,"turns":2.0},{"damage":0.0,"enemies":"Hallownest:2_Mistakes","floor":20.0,"turns":3.0},{"damage":0.0,"enemies":"Hallownest:eliteSoulWarrior","floor":24.0,"turns":5.0},{"damage":0.0,"enemies":"Hallownest:2_Flukemon","floor":27.0,"turns":3.0},{"damage":0.0,"enemies":"Hallownest:eliteWatcherKnight","floor":30.0,"turns":7.0},{"damage":0.0,"enemies":"Hallownest:2_Husk_Sentries","floor":31.0,"turns":1.0},{"damage":8.0,"enemies":"Hallownest:BossGrimm","floor":33.0,"turns":4.0},{"damage":0.0,"enemies":"3 Shapes","floor":35.0,"turns":1.0},{"damage":0,"enemies":"3 Darklings","floor":36,"turns":2},{"damage":0,"enemies":"3 Darklings","floor":37,"turns":1},{"damage":0,"enemies":"Jaw Worm Horde","floor":39,"turns":2},{"damage":0,"enemies":"Reptomancer","floor":42,"turns":1},{"damage":0,"enemies":"R_Hoarder","floor":45,"turns":3},{"damage":0,"enemies":"Jotaro","floor":50,"turns":4},{"damage":45,"enemies":"infinitespire:MassOfShapes","floor":51,"turns":6}],"seed_played":"7525649144628543535","potions_obtained":[{"floor":16.0,"key":"Toxic Potion"},{"floor":20.0,"key":"blueLaboratory:SavagePotion"}],"is_trial":false,"path_per_floor":["M","M","?","?","M","E","M","E","T","E","M","E","M","$","R","B",null,"M","$","M","?","?","R","E","?","T","M","$","R","E","M","R","B",null,"M","M","?","$","M","?","$","E","T","R","E","R","?","?","R","B","B",null],"character_chosen":"CHRONO_CLASS","items_purchased":["Echoward","CrunchTime","OldTimer","construct:FoamFinger","Keepsakes","DaylightSavings","Engulf","ExoVibe","vexMod:PaidLearning","Tempo+1","CrunchTime","BlueShift","ClockworkSouvenir","OrangePellets","SlimeSpray","RuthlessExorcism:ReiMu","SlipperyGoo","Analog","Membership Card","ZuzhouPotion:ReiMu","qcfpunch:Challenger_Coin","MysticCrockPot","aspiration:FetidBarrel","hubris:SlimyHat","Medical Kit","Vajra","aspiration:FrozenJewel","HandsUpB","BargainBundle","Recurrance","LockedMedicine","DemoMod:GundromedaStrain","qcfpunch:Red_Gi","CrazyTorch:ReiMu","conspire:Dentures"],"campfire_rested":0,"item_purchase_floors":[0,0,0,0,0,0,0,0,0,0,0,0,0,0,0,0,0,0,0,0,0,0,0,14,14,14,14,14,28,28,28,28,38,41,41],"current_hp_per_floor":[48,48,48,48,48,44,44,44,44,44,44,44,44,44,44,44,54,54,54,54,54,54,54,54,54,54,54,54,54,54,54,54,46,54,54,54,54,54,54,54,54,54,54,54,54,54,51,54,54,54,9],"gold":681,"neow_bonus":"","is_daily":false,"chose_seed":false,"campfire_upgraded":7,"win_rate":0.0,"timestamp":1609836021,"path_taken":["M","M","?","?","?","E","M","E","T","E","?","E","M","$","R","BOSS","M","?","M","?","?","R","E","?","T","M","?","R","E","?","R","BOSS","M","M","?","?","?","?","$","E","T","R","E","R","?","?","R","BOSS","BOSS"],"items_purchased_type":["Card","Card","Card","Relic","Card","Card","Card","Card","Relic","Card","Card","Card","Relic","Relic","Card","Relic","Relic","Card","Relic","Potion","Potion","Relic","Relic","Relic","Relic","Relic","Relic","Card","Relic","Card","Card","Relic","Relic","Relic","Relic"],"build_version":"2020-12-22","purchased_purges":5,"victory":true,"max_hp_per_floor":[62,62,62,62,62,62,62,62,62,62,62,62,62,62,62,62,57,57,57,57,57,57,57,57,57,57,57,57,57,57,57,57,57,57,57,57,57,57,57,57,57,57,57,57,57,57,57,60,60,60,60],"relic_stats":{"OrangePellets":[65],"counters":[149,448],"Bronze Scales":[131],"Medical Kit":[0],"obtain_stats":[{"Golden Egg":1,"construct:FoamFinger":0,"Bromod:ArcaneNullifier":43,"downfall:HeartBlessingGreen":35,"wanderingMiniBosses:OtherGremlinHorn":4,"Ginger":29,"qcfpunch:Red_Beret":35,"Old Coin":41,"Replay:Wanted Poster":34,"vexMod:InvisibilityCloak":0,"aspiration:PoetsPen":34,"Ribbon":0,"qcfpunch:Lotus_Statue":24,"vexMod:EndlessSickness":34,"construct:RocketBooster":0,"DemoMod:OrangeGuonStone":23,"HollowMod:JonisBlessing":53,"aspiration:FrozenJewel":14,"Akabeko":45,"Elementarium:GoldenMirage":20,"potionbrewer:Torch":38,"DemoMod:GundromedaStrain":48,"Elementarium:ElementariumTrophy":33,"infinitespire:Broken Mirror":4,"Bird Faced Urn":46,"Tintinnabulum":12,"Snecko Eye":24,"Pandora\u0027s Box":4,"MysticCrockPot":0,"hubris:TenFootPole":14,"qcfpunch:Spiky_Bracers":0,"aspiration:Lifesprig":7,"hierophant:PropheticMaskRelic":3,"Bromod:ArcanePistoleer":23,"Blue Doll":10,"wanderingMiniBosses:AbyssPearl":15,"hubris:EmptyBottle":0,"Ancient Tea Set":41,"Gensokyo:PortableGap":17,"Cursed Key":17,"White_Cape":26,"Pet Ghost":3,"Gensokyo:LunaticRedEyes":4,"Replay:Rubber Ducky":39,"hubris:Backtick":34,"Toolbox":37,"WingedGreaves":4,"energizedSpire:HugeHouse":17,"aspiration:FutureDiary":0,"Guardian:BottledAnomaly":0,"InkBottle":52,"Potion Belt":31,"Slimebound:SelfDamagePreventRelic":22,"downfall:HeartBlessingRed":18,"DemoMod:WeirdEgg":0,"PreservedInsect":4,"hexamod:InflammatoryLetter":41,"The Courier":6,"infinitespire:CheckeredPen":8,"infinitespire:Lucky Rock":13,"hubris:Towel":29,"PureWhite:ReiMu":0,"Ornamental Fan":22,"CrazyTorch:ReiMu":45,"Slimebound:AbsorbEndCombat":0,"Garlic":26,"ReplayTheSpireMod:Lightbulb":37,"infinitespire:Midas Blood":43,"Ice Cream":0,"DemoMod:BlueGuonStone":0,"hubris:CrystalStatue":34,"Tea:ReiMu":24,"Vajra":12,"DemoMod:GlassGuonStoneRelic":2,"theSenshi:FeatherClipsRelic":13,"DemoMod:RiddleOfLead":17,"DemoMod:MonsterBlood":42,"qcfpunch:Red_Gi":38,"DemoMod:ClearGuonStone":0,"hexamod:SpiritBrand":0,"conspire:Dentures":41,"Guardian:BottledStasis":0,"Happy Flower":0,"aspiration:Nostalgia":3,"Dead Branch":0,"Oddly Smooth Stone":44,"Guardian:ModeShifter":0,"hexamod:TheBrokenSeal":3,"wanderingMiniBosses:MasterThiefsPresence":13,"potionbrewer:BhaskarasWheel":17,"vexMod:PaidLearning":0,"conspire:Boomerang":42,"War Paint":40,"Question Card":0,"hexamod:MatchstickCase":8,"OrangePellets":29,"Replay:Baseball":28,"Shuriken":0,"energizedSpire:NeverEndingSparkler":17,"Bronze Scales":26,"infinitespire:EmpoweringShard":0,"ReplayTheSpireMod:TigerMarble":7,"Grinning Jar":21,"aspiration:HatOfInfinitePower":11,"Meat on the Bone":9,"Bromod:ArcaneAvenger":44,"theSenshi:SuperSailorFukuRelic":0,"SlipperyGoo":0,"qcfpunch:Not_Strongest_Fighting_Style_Guidebook":41,"Enchiridion":4,"Juzu Bracelet":41,"Incense Burner":0,"hubris:SlimyHat":0,"Hallownest:DreamNailRelic":8,"DemoMod:WhiteGuonStone":40,"Empty Cage":5,"ClockworkSouvenir":45,"DemoMod:SevenLeafClover":26,"Frozen Eye":25,"hubris:Icosahedron":19,"downfall:HeartBlessingBlue":18,"downfall:KnowingSkull":20,"Genji_Glove":26,"qcfpunch:Wrestler\u0027s_Cloak":39,"TheVixenMod:UmbreonRelic":37,"hubris:DisguiseKit":45,"qcfpunch:Army_Boots":26,"BargainBundle":28,"ReplayTheSpireMod:Ninjato":22,"Replay:Towering Pillar of Hats":0,"aspiration:FetidBarrel":0,"Quantum Egg":1,"vexMod:ConsolationPrize":24,"vexMod:FocusSash":30,"qcfpunch:White_Boots":0,"Medical Kit":14,"theWildCard:VelvetContract":0,"Pondfish Scales":0,"Golden_Hairpin":34,"Chronometer":0,"vexMod:HeadHunter":0,"qcfpunch:Red_Headband":24,"Bag of Marbles":43,"Membership Card":0,"DemoMod:WaxWing":17,"potionbrewer:Keyblade":19,"hexamod:IceCube":34,"RuthlessExorcism:ReiMu":25},{"Golden Egg":0,"construct:FoamFinger":123,"Bromod:ArcaneNullifier":120,"downfall:HeartBlessingGreen":93,"wanderingMiniBosses:OtherGremlinHorn":2,"Ginger":15,"qcfpunch:Red_Beret":43,"Old Coin":45,"Replay:Wanted Poster":93,"vexMod:InvisibilityCloak":25,"aspiration:PoetsPen":18,"Ribbon":51,"qcfpunch:Lotus_Statue":86,"vexMod:EndlessSickness":117,"construct:RocketBooster":74,"DemoMod:OrangeGuonStone":12,"HollowMod:JonisBlessing":101,"aspiration:FrozenJewel":133,"Akabeko":147,"Elementarium:GoldenMirage":113,"potionbrewer:Torch":45,"DemoMod:GundromedaStrain":23,"Elementarium:ElementariumTrophy":117,"infinitespire:Broken Mirror":2,"Bird Faced Urn":98,"Tintinnabulum":7,"Snecko Eye":113,"Pandora\u0027s Box":2,"MysticCrockPot":123,"hubris:TenFootPole":32,"qcfpunch:Spiky_Bracers":51,"aspiration:Lifesprig":28,"hierophant:PropheticMaskRelic":104,"Bromod:ArcanePistoleer":37,"Blue Doll":130,"wanderingMiniBosses:AbyssPearl":83,"hubris:EmptyBottle":25,"Ancient Tea Set":45,"Gensokyo:PortableGap":60,"Cursed Key":84,"White_Cape":113,"Pet Ghost":27,"Gensokyo:LunaticRedEyes":53,"Replay:Rubber Ducky":68,"hubris:Backtick":43,"Toolbox":68,"WingedGreaves":53,"energizedSpire:HugeHouse":134,"aspiration:FutureDiary":0,"Guardian:BottledAnomaly":51,"InkBottle":101,"Potion Belt":41,"Slimebound:SelfDamagePreventRelic":11,"downfall:HeartBlessingRed":84,"DemoMod:WeirdEgg":51,"PreservedInsect":27,"hexamod:InflammatoryLetter":96,"The Courier":127,"infinitespire:CheckeredPen":29,"infinitespire:Lucky Rock":57,"hubris:Towel":89,"PureWhite:ReiMu":74,"Ornamental Fan":11,"CrazyTorch:ReiMu":22,"Slimebound:AbsorbEndCombat":0,"Garlic":39,"ReplayTheSpireMod:Lightbulb":68,"infinitespire:Midas Blood":146,"Ice Cream":51,"DemoMod:BlueGuonStone":25,"hubris:CrystalStatue":43,"Tea:ReiMu":62,"Vajra":81,"DemoMod:GlassGuonStoneRelic":1,"theSenshi:FeatherClipsRelic":109,"DemoMod:RiddleOfLead":60,"DemoMod:MonsterBlood":69,"qcfpunch:Red_Gi":144,"DemoMod:ClearGuonStone":25,"hexamod:SpiritBrand":51,"conspire:Dentures":145,"Guardian:BottledStasis":25,"Happy Flower":25,"aspiration:Nostalgia":104,"Dead Branch":102,"Oddly Smooth Stone":22,"Guardian:ModeShifter":25,"hexamod:TheBrokenSeal":53,"wanderingMiniBosses:MasterThiefsPresence":133,"potionbrewer:BhaskarasWheel":9,"vexMod:PaidLearning":123,"conspire:Boomerang":146,"War Paint":21,"Question Card":25,"hexamod:MatchstickCase":54,"OrangePellets":40,"Replay:Baseball":14,"Shuriken":51,"energizedSpire:NeverEndingSparkler":111,"Bronze Scales":137,"infinitespire:EmpoweringShard":51,"ReplayTheSpireMod:TigerMarble":106,"Grinning Jar":113,"aspiration:HatOfInfinitePower":56,"Meat on the Bone":30,"Bromod:ArcaneAvenger":72,"theSenshi:SuperSailorFukuRelic":25,"SlipperyGoo":123,"qcfpunch:Not_Strongest_Fighting_Style_Guidebook":120,"Enchiridion":125,"Juzu Bracelet":21,"Incense Burner":25,"hubris:SlimyHat":25,"Hallownest:DreamNailRelic":106,"DemoMod:WhiteGuonStone":21,"Empty Cage":76,"ClockworkSouvenir":22,"DemoMod:SevenLeafClover":39,"Frozen Eye":62,"hubris:Icosahedron":84,"downfall:HeartBlessingBlue":84,"downfall:KnowingSkull":10,"Genji_Glove":39,"qcfpunch:Wrestler\u0027s_Cloak":95,"TheVixenMod:UmbreonRelic":143,"hubris:DisguiseKit":22,"qcfpunch:Army_Boots":39,"BargainBundle":138,"ReplayTheSpireMod:Ninjato":62,"Replay:Towering Pillar of Hats":51,"aspiration:FetidBarrel":25,"Quantum Egg":0,"vexMod:ConsolationPrize":113,"vexMod:FocusSash":139,"qcfpunch:White_Boots":51,"Medical Kit":133,"theWildCard:VelvetContract":102,"Pondfish Scales":25,"Golden_Hairpin":141,"Chronometer":123,"vexMod:HeadHunter":74,"qcfpunch:Red_Headband":12,"Bag of Marbles":71,"Membership Card":51,"DemoMod:WaxWing":34,"potionbrewer:Keyblade":60,"hexamod:IceCube":67,"RuthlessExorcism:ReiMu":63},{"Golden Egg":0,"construct:FoamFinger":362,"Bromod:ArcaneNullifier":356,"downfall:HeartBlessingGreen":285,"wanderingMiniBosses:OtherGremlinHorn":8,"Ginger":42,"qcfpunch:Red_Beret":120,"Old Coin":126,"Replay:Wanted Poster":285,"vexMod:InvisibilityCloak":71,"aspiration:PoetsPen":52,"Ribbon":143,"qcfpunch:Lotus_Statue":256,"vexMod:EndlessSickness":352,"construct:RocketBooster":213,"DemoMod:OrangeGuonStone":33,"HollowMod:JonisBlessing":316,"aspiration:FrozenJewel":399,"Akabeko":438,"Elementarium:GoldenMirage":345,"potionbrewer:Torch":126,"DemoMod:GundromedaStrain":66,"Elementarium:ElementariumTrophy":352,"infinitespire:Broken Mirror":8,"Bird Faced Urn":302,"Tintinnabulum":17,"Snecko Eye":345,"Pandora\u0027s Box":8,"MysticCrockPot":362,"hubris:TenFootPole":86,"qcfpunch:Spiky_Bracers":143,"aspiration:Lifesprig":78,"hierophant:PropheticMaskRelic":328,"Bromod:ArcanePistoleer":99,"Blue Doll":387,"wanderingMiniBosses:AbyssPearl":246,"hubris:EmptyBottle":71,"Ancient Tea Set":126,"Gensokyo:PortableGap":173,"Cursed Key":251,"White_Cape":345,"Pet Ghost":76,"Gensokyo:LunaticRedEyes":151,"Replay:Rubber Ducky":193,"hubris:Backtick":120,"Toolbox":193,"WingedGreaves":151,"energizedSpire:HugeHouse":404,"aspiration:FutureDiary":0,"Guardian:BottledAnomaly":143,"InkBottle":316,"Potion Belt":110,"Slimebound:SelfDamagePreventRelic":28,"downfall:HeartBlessingRed":251,"DemoMod:WeirdEgg":143,"PreservedInsect":76,"hexamod:InflammatoryLetter":292,"The Courier":378,"infinitespire:CheckeredPen":81,"infinitespire:Lucky Rock":163,"hubris:Towel":266,"PureWhite:ReiMu":213,"Ornamental Fan":28,"CrazyTorch:ReiMu":64,"Slimebound:AbsorbEndCombat":0,"Garlic":107,"ReplayTheSpireMod:Lightbulb":193,"infinitespire:Midas Blood":435,"Ice Cream":143,"DemoMod:BlueGuonStone":71,"hubris:CrystalStatue":120,"Tea:ReiMu":178,"Vajra":238,"DemoMod:GlassGuonStoneRelic":4,"theSenshi:FeatherClipsRelic":337,"DemoMod:RiddleOfLead":173,"DemoMod:MonsterBlood":197,"qcfpunch:Red_Gi":432,"DemoMod:ClearGuonStone":71,"hexamod:SpiritBrand":143,"conspire:Dentures":434,"Guardian:BottledStasis":71,"Happy Flower":71,"aspiration:Nostalgia":328,"Dead Branch":325,"Oddly Smooth Stone":64,"Guardian:ModeShifter":71,"hexamod:TheBrokenSeal":150,"wanderingMiniBosses:MasterThiefsPresence":399,"potionbrewer:BhaskarasWheel":23,"vexMod:PaidLearning":362,"conspire:Boomerang":435,"War Paint":62,"Question Card":71,"hexamod:MatchstickCase":154,"OrangePellets":108,"Replay:Baseball":38,"Shuriken":143,"energizedSpire:NeverEndingSparkler":343,"Bronze Scales":413,"infinitespire:EmpoweringShard":143,"ReplayTheSpireMod:TigerMarble":331,"Grinning Jar":345,"aspiration:HatOfInfinitePower":158,"Meat on the Bone":83,"Bromod:ArcaneAvenger":207,"theSenshi:SuperSailorFukuRelic":71,"SlipperyGoo":362,"qcfpunch:Not_Strongest_Fighting_Style_Guidebook":356,"Enchiridion":369,"Juzu Bracelet":62,"Incense Burner":71,"hubris:SlimyHat":71,"Hallownest:DreamNailRelic":331,"DemoMod:WhiteGuonStone":62,"Empty Cage":217,"ClockworkSouvenir":64,"DemoMod:SevenLeafClover":107,"Frozen Eye":178,"hubris:Icosahedron":251,"downfall:HeartBlessingBlue":251,"downfall:KnowingSkull":25,"Genji_Glove":107,"qcfpunch:Wrestler\u0027s_Cloak":289,"TheVixenMod:UmbreonRelic":431,"hubris:DisguiseKit":64,"qcfpunch:Army_Boots":107,"BargainBundle":416,"ReplayTheSpireMod:Ninjato":178,"Replay:Towering Pillar of Hats":143,"aspiration:FetidBarrel":71,"Quantum Egg":0,"vexMod:ConsolationPrize":345,"vexMod:FocusSash":423,"qcfpunch:White_Boots":143,"Medical Kit":399,"theWildCard:VelvetContract":325,"Pondfish Scales":71,"Golden_Hairpin":428,"Chronometer":362,"vexMod:HeadHunter":213,"qcfpunch:Red_Headband":33,"Bag of Marbles":203,"Membership Card":143,"DemoMod:WaxWing":91,"potionbrewer:Keyblade":173,"hexamod:IceCube":192,"RuthlessExorcism:ReiMu":181}]},"card_choices":[{"not_picked":["LockedAnchor","Keepsakes"],"picked":"TickedOff","floor":1.0},{"not_picked":["Recurrance","Parity","Tempo"],"picked":"SKIP","floor":2.0},{"not_picked":["Echoward","Keepsakes","AlternateTimeline"],"picked":"SKIP","floor":5.0},{"not_picked":["FormalWear","Engulf"],"picked":"VestedLegacy","floor":6.0},{"not_picked":["LockedBell","LockedBlood","WindUp"],"picked":"SKIP","floor":7.0},{"not_picked":["Facsimile","PrimeTime","LockedMedicine"],"picked":"SKIP","floor":8.0},{"not_picked":["BiteCommand","HandsUpB","LockedAnchor"],"picked":"SKIP","floor":10.0},{"not_picked":["ExoVibe","PrimeTime"],"picked":"ReapSow","floor":11.0},{"not_picked":["LockedUrn","LockedTurtyl","LockedMercury"],"picked":"SKIP","floor":12.0},{"not_picked":["LockedScales","Engulf","WindUp"],"picked":"SKIP","floor":13.0},{"not_picked":["OldTimer","Fragmentalize"],"picked":"LockedBell","floor":16.0},{"not_picked":["Engulf","LockedMedicine"],"picked":"Tempo","floor":18.0},{"not_picked":["LockedPlans","Engulf+1","PrimeTime+1"],"picked":"SKIP","floor":20.0},{"not_picked":["BeatsPerMinute","HandsUpC","BiteCommand"],"picked":"SKIP","floor":24.0},{"not_picked":["Parity","Echoward","Keepsakes"],"picked":"SKIP","floor":27.0},{"not_picked":["AlternateTimeline+1","Echoward","LockedTurtyl"],"picked":"SKIP","floor":30.0},{"not_picked":["LockedFlame","LockedPlans"],"picked":"Engulf","floor":31.0},{"not_picked":["LockedAstrolabe","OverTime"],"picked":"Pendulum","floor":33.0},{"not_picked":["LockedPlans","ResonantCall","LockedTurtyl"],"picked":"SKIP","floor":35.0},{"not_picked":["LockedBlood+1","HandsUpB","Tempo"],"picked":"SKIP","floor":36},{"not_picked":["Goo","FormalWear","HandsUpB"],"picked":"SKIP","floor":39},{"not_picked":["Tempo","LockedWhetstone+1","Break"],"picked":"SKIP","floor":42},{"not_picked":["HandsUpC+1","Analog+1"],"picked":"Accruing","floor":45}],"player_experience":1274341,"relics_obtained":[{"floor":6.0,"key":"The Courier"},{"floor":8.0,"key":"ReplayTheSpireMod:TigerMarble"},{"floor":10.0,"key":"Blue Doll"},{"floor":12.0,"key":"qcfpunch:Army_Boots"},{"floor":13.0,"key":"wanderingMiniBosses:MasterThiefsPresence"},{"floor":24.0,"key":"Bag of Marbles"},{"floor":26.0,"key":"Bronze Scales"},{"floor":30.0,"key":"vexMod:FocusSash"},{"floor":42,"key":"conspire:Boomerang"},{"floor":43,"key":"infinitespire:Midas Blood"},{"floor":45,"key":"Akabeko"}],"event_choices":[{"damage_healed":0,"gold_gain":0,"player_choice":"Fight the Beast\u0027s assailants","damage_taken":0,"relics_obtained":["TheVixenMod:UmbreonRelic"],"max_hp_gain":0,"max_hp_loss":0,"event_name":"Creature of the Night","floor":37,"gold_loss":0},{"damage_healed":0,"gold_gain":0,"player_choice":"Ignored","damage_taken":0,"max_hp_gain":0,"max_hp_loss":0,"event_name":"OrinTheCat","floor":40,"gold_loss":0},{"damage_healed":0,"gold_gain":0,"player_choice":"Leave","damage_taken":0,"max_hp_gain":0,"max_hp_loss":0,"event_name":"conspire:Investor","floor":47,"gold_loss":0}],"is_beta":false,"boss_relics":[{"not_picked":["vexMod:DeviousBotling","Snecko Eye"],"picked":"energizedSpire:HugeHouse"},{"not_picked":["aspiration:SecretTechniqueScroll","Fusion Hammer"],"picked":"Golden_Hairpin"}],"items_purged_floors":[0,0,0,19,41],"is_endless":false,"potions_floor_spawned":[6,7,8,16,20,24,35,42],"ascension_level":20}}