{"host":"0azimyi6n3ugndj4","time":1609860061,"event":{"mods":["2.2 Compatiblity","BaseMod","Bestiary","Conspire","Curses Come First","Defuse TimeMaze Blight","Hermit","Hubris","Hyrulean Relics","Infinite Spire","Jorbs\u0027s Wanderer Trilogy","Minty Spire (QoL Compilation)","Relic Stats","Replay The Spire","StSLib","SuperFastMode","The Cursed","The Hierophant","Uncapped","¡¼?Úª?ø«¡½REMEMod"],"gold_per_floor":[115,40,40,40,53,86,100,252,275,89,89,102,16,34,34,110,110,27,0,0,0,0,34,34,34],"floor_reached":24,"playtime":2455,"items_purged":[],"score":682,"play_id":"35d6ae02-2aef-4e87-b93e-9ddb1f57e959","local_time":"20210106002101","daily_mods":["SealedDeck","Hoarder","Insanity","Chimera","Specialized","ControlledChaos","Allstar","Diverse","Colorless Cards","Heirloom","Time Dilation","Flight","Elite Swarm","Binary"],"is_ascension_mode":true,"campfire_choices":[{"floor":15,"key":"REST"}],"circlet_count":0,"master_deck":["Demon Form","Wraith Form v2+1","Echo Form+1","DevaForm","stsjorbsmod:ArcaneForm+1","stsjorbsmod:WastingForm","AscendersBane","Bash","Survivor","Zap","Strike_R","Strike_G","Strike_B","Defend_R","Defend_G","Defend_P","hierophant:DisplayOfPower","hierophant:SealAway","hermit:HoleUp","CrushJoints","hierophant:Repentance","BattleHymn","Blur","hermit:Desperado","Iron Wave","Cleave","stsjorbsmod:BurningFlask","hermit:FlashPowder","CrushJoints","REME_SingleHolding","hermit:Dive","Force Field","hierophant:FlamingChariot","Leap","hermit:WideOpen","Jack Of All Trades","Distraction","TheCursedMod:Torture","Replay:Hum","Evaluate","EmptyFist","PiercingWail","Leap","hierophant:Remorse","TheCursedMod:Stretching","hierophant:PassingBell","TheCursedMod:Obscuration","hierophant:HolyVerse","stsjorbsmod:Message","Clothesline","hermit:Deadeye","hierophant:MorningPrayer","Pummel","hermit:BodyArmor","Hemokinesis","Sneak Up","stsjorbsmod:ChainLightning","Concentrate","stsjorbsmod:ChatteringStrike","Replay:ManipulateFuture","hermit:Roulette","hierophant:Shelter","SashWhip","Redo","ReplayTheSpireMod:Shiv Toss","Dark Shackles","Dark Shackles","Dark Shackles","Dark Shackles","Dark Shackles","Dark Shackles","Dark Shackles","Dark Shackles","Dark Shackles","Dark Shackles","Dark Shackles","Dark Shackles","Dark Shackles","Dark Shackles","Dark Shackles","Aggregate","Aggregate","Aggregate","TheCursedMod:DoubleShield","TheCursedMod:DoubleShield","TheCursedMod:DoubleShield","conspire:SharedLibrary","conspire:SharedLibrary","conspire:SharedLibrary","hierophant:DisplayOfPower","hierophant:DisplayOfPower","hierophant:DisplayOfPower","hubris:ReadiedAction","hubris:ReadiedAction","hubris:ReadiedAction","Ball Lightning","Ball Lightning","Ball Lightning","stsjorbsmod:ArcaneWeapon","stsjorbsmod:ArcaneWeapon","stsjorbsmod:ArcaneWeapon","Prostrate","Prostrate","Prostrate","hierophant:Shelter","hierophant:Shelter","hierophant:Shelter","stsjorbsmod:Stalwart","stsjorbsmod:Stalwart","stsjorbsmod:Stalwart","Amplify","Amplify","Amplify","ReplayTheSpireMod:IOU","ReplayTheSpireMod:IOU","ReplayTheSpireMod:IOU","ReplayTheSpireMod:IOU","ReplayTheSpireMod:IOU","ReplayTheSpireMod:IOU","ReplayTheSpireMod:IOU","ReplayTheSpireMod:IOU","ReplayTheSpireMod:IOU","ReplayTheSpireMod:IOU","ReplayTheSpireMod:IOU","Decay","hierophant:Blessing","hierophant:Blessing","hierophant:Blessing","stsjorbsmod:Amnesia","stsjorbsmod:Amnesia","stsjorbsmod:Amnesia"],"relics":["Burning Blood","Frozen Eye","Busted Crown","REME_ComplimentaryCards","Replay:PocketPolymizer","hubris:Towel","zeldaRelics:CourageTriforce","Replay:Wax Seal","hubris:TenFootPole","Guide Book","Empty Cage","MutagenicStrength","Ring of Misfortune"],"acts_visited":["TheCity"],"potions_floor_usage":[13,13,24],"damage_taken":[{"damage":8,"enemies":"Small Slimes","floor":1,"turns":5},{"damage":4,"enemies":"Jaw Worm","floor":5,"turns":8},{"damage":14,"enemies":"Lagavulin","floor":6,"turns":9},{"damage":5,"enemies":"Cultist","floor":7,"turns":6},{"damage":28,"enemies":"Exordium Thugs","floor":10,"turns":6},{"damage":6,"enemies":"Blue Slaver","floor":12,"turns":5},{"damage":38,"enemies":"Lots of Slimes","floor":13,"turns":7},{"damage":8,"enemies":"Looter","floor":14,"turns":4},{"damage":49,"enemies":"Hexaghost","floor":16,"turns":14},{"damage":0,"enemies":"Spheric Guardian","floor":18,"turns":12},{"damage":15,"enemies":"2 Thieves","floor":19,"turns":4},{"damage":61,"enemies":"Slavers","floor":23,"turns":7},{"damage":19,"enemies":"Snake Plant","floor":24,"turns":6}],"seed_played":"-2601805779978993394","potions_obtained":[{"floor":5,"key":"SmokeBomb"},{"floor":6,"key":"FearPotion"},{"floor":10,"key":"Languid Potion"},{"floor":13,"key":"FairyPotion"},{"floor":23,"key":"FearPotion"}],"is_trial":true,"path_per_floor":["M","?","?","?","M","E","M","$","T","M","?","M","M","M","R","B",null,"M","M","$","?","?","E","M"],"character_chosen":"IRONCLAD","items_purchased":["Replay:Wax Seal","hubris:TenFootPole","Guide Book"],"campfire_rested":1,"item_purchase_floors":[8,8,8],"current_hp_per_floor":[66,66,66,66,68,60,61,61,61,39,39,39,7,28,50,21,62,75,66,66,66,66,11,0,0],"gold":34,"neow_bonus":"","is_daily":false,"chose_seed":false,"campfire_upgraded":0,"win_rate":0.0,"timestamp":1609860061,"path_taken":["M","?","?","?","M","E","?","?","T","?","?","M","?","M","R","BOSS","M","?","?","?","?","E","M"],"items_purchased_type":["Relic","Relic","Relic"],"build_version":"2020-12-22","purchased_purges":0,"victory":false,"max_hp_per_floor":[75,75,75,75,75,75,75,75,75,75,75,75,75,75,75,75,75,75,75,75,75,75,75,75,75],"relic_stats":{"Busted Crown":52,"counters":[13,93],"obtain_stats":[{"Replay:PocketPolymizer":0,"Guide Book":8,"hubris:Towel":3,"Empty Cage":17,"Burning Blood":0,"zeldaRelics:CourageTriforce":23,"Frozen Eye":0,"Busted Crown":0,"MutagenicStrength":21,"Ring of Misfortune":22,"zeldaRelics:CouragePiece":6,"hubris:TenFootPole":8,"Replay:Wax Seal":8,"REME_ComplimentaryCards":0},{"Replay:PocketPolymizer":0,"Guide Book":4,"hubris:Towel":1,"Empty Cage":9,"Burning Blood":0,"zeldaRelics:CourageTriforce":12,"Frozen Eye":0,"Busted Crown":0,"MutagenicStrength":11,"Ring of Misfortune":11,"zeldaRelics:CouragePiece":3,"hubris:TenFootPole":4,"Replay:Wax Seal":4,"REME_ComplimentaryCards":0},{"Replay:PocketPolymizer":0,"Guide Book":28,"hubris:Towel":5,"Empty Cage":64,"Burning Blood":0,"zeldaRelics:CourageTriforce":87,"Frozen Eye":0,"Busted Crown":0,"MutagenicStrength":80,"Ring of Misfortune":80,"zeldaRelics:CouragePiece":22,"hubris:TenFootPole":28,"Replay:Wax Seal":28,"REME_ComplimentaryCards":0}],"Burning Blood":72},"card_choices":[],"player_experience":1544115,"relics_obtained":[{"floor":6,"key":"zeldaRelics:CouragePiece"},{"floor":9,"key":"zeldaRelics:CouragePiece"},{"floor":22,"key":"Ring of Misfortune"},{"floor":23,"key":"zeldaRelics:CouragePiece"}],"event_choices":[{"cards_removed":["Eruption"],"damage_healed":0,"gold_gain":0,"player_choice":"Card Removal","damage_taken":0,"max_hp_gain":0,"max_hp_loss":0,"event_name":"The Cleric","floor":2,"gold_loss":75},{"damage_healed":0,"gold_gain":0,"player_choice":"Upgraded","damage_taken":0,"max_hp_gain":0,"max_hp_loss":0,"event_name":"Upgrade Shrine","floor":4,"gold_loss":0,"cards_upgraded":["Wraith Form v2"]},{"damage_healed":0,"gold_gain":0,"player_choice":"Cursed","damage_taken":0,"max_hp_gain":0,"max_hp_loss":0,"event_name":"Wheel of Change","floor":11,"gold_loss":0,"cards_obtained":["Decay"]},{"damage_healed":0,"gold_gain":0,"player_choice":"Inject Mutagens","damage_taken":0,"relics_obtained":["MutagenicStrength"],"max_hp_gain":0,"max_hp_loss":0,"event_name":"Drug Dealer","floor":21,"gold_loss":0}],"is_beta":false,"boss_relics":[{"not_picked":["Snecko Eye","ReplayTheSpireMod:SealedPack"],"picked":"Empty Cage"}],"items_purged_floors":[],"is_endless":false,"potions_floor_spawned":[5,6,10,13,23],"killed_by":"Snake Plant","ascension_level":20}}