{"host":"922zt4fjsmmy4kg9","time":1609813410,"event":{"mods":["A Magickal Journey","Act Like it!","BaseMod","Better Third Choice","Downfall","Friendly Minions","Hermit","HololiveMod","Hubris","Jorbs\u0027s Wanderer Trilogy","Kiyohime????","Koishi","Marisa????????","Minty Spire (QoL Compilation)","Quick Restart","Reimu??????","Shop Mod","Spicy Shops","StSLib","SuperFastMode","The Animator","The Disciple","The Runesmith"],"gold_per_floor":[99,99,59,71,71,96,120,132,161,261,53,53,91,76,92,200,262,187,200,217,217,371,389,389,474,501,501,511,552,577,577,587,682,682,682,698,716,816,832,356,356,366,394,408,423,423,348,363,373,373],"floor_reached":51,"playtime":7482,"items_purged":["Parasite"],"score":1382,"play_id":"8baf7015-2cb6-4063-b661-04ae057e0cf5","local_time":"20210105132330","is_ascension_mode":true,"campfire_choices":[{"data":"animator:YuiTsuruno","floor":1.0,"key":"SMITH"},{"floor":12.0,"key":"DIG"},{"floor":18,"key":"DIG"},{"floor":27,"key":"DIG"},{"floor":35,"key":"DIG"},{"floor":47,"key":"RECALL"}],"circlet_count":0,"master_deck":["AscendersBane","animator:Strike_MadokaMagica","animator:Defend_MadokaMagica","animator:Strike","animator:Strike+1","animator:Defend+1","animator:Defend","animator:IrohaTamaki","animator:YuiTsuruno+1","animator:MetalKnight","animator:UneriGinkaku","animator:YachiyoNanami","animator:Shichika","animator:NagisaMomoe+1","animator:MamiTomoe","animator:KrulTepes","animator:NagisaMomoe","animator:HigakiRinne+1","animator:NarberalGamma","animator:SayakaMiki","animator:NarberalGamma","animator:Evileye","animator:OrikoMikuni","animator:SuzuneAmano","animator:IrohaTamaki+1","animator:HomuraAkemi","animator:Archer","animator:YuiTsuruno","animator:Berserker+1","animator:MadokaKaname","animator:KyokoSakura","animator:MamiTomoe","Parasite","animator:EmiyaShirou+1"],"relics":["animator:LivingPicture","animator:TheMissingPiece","downfall:HeartsMalice","PaintedHorse:ReiMu","hubris:Icosahedron","hubris:ToyBattleship","Shovel","Tiny Chest","Guardian:PocketSentry","animator:OldCoffin","War Paint","Tiny House","downfall:HeartBlessingBlue","HornCleat","Membership Card","Regal Pillow","CloakClasp","animator:Buoy","FossilizedHelix","Bag of Marbles","Paper Crane","Empty Cage","Akabeko","Potion Belt","DataDisk","Runic Capacitor","Gremlin Horn","Bag of Preparation","hubris:SlimyHat","Happy Flower","hubris:FunFungus","Lantern","downfall:HeartBlessingGreen"],"acts_visited":["Exordium","TheCity","TheBeyond"],"potions_floor_usage":[16,19,20,26,29,30,32,39,39,42,42,42,42,43,45,46,50],"damage_taken":[{"damage":0.0,"enemies":"Jaw Worm","floor":2.0,"turns":1.0},{"damage":0.0,"enemies":"2 Louse","floor":4.0,"turns":1.0},{"damage":0.0,"enemies":"Small Slimes","floor":8.0,"turns":1.0},{"damage":22.0,"enemies":"Gremlin Nob","floor":9.0,"turns":5.0},{"damage":4.0,"enemies":"downfall:FleeingMerchant","floor":11.0,"turns":4.0},{"damage":23.0,"enemies":"3 Sentries","floor":13.0,"turns":7.0},{"damage":0.0,"enemies":"downfall:FleeingMerchant","floor":14.0,"turns":4.0},{"damage":0,"enemies":"Exordium Wildlife","floor":15,"turns":2},{"damage":21,"enemies":"downfall:Ironclad","floor":16,"turns":6},{"damage":0,"enemies":"3 Byrds","floor":19,"turns":4},{"damage":3,"enemies":"Centurion and Healer","floor":20,"turns":6},{"damage":1,"enemies":"downfall:FleeingMerchant","floor":22,"turns":4},{"damage":17,"enemies":"Snecko","floor":23,"turns":5},{"damage":12,"enemies":"Book of Stabbing","floor":26,"turns":5},{"damage":0,"enemies":"Chosen and Byrds","floor":28,"turns":5},{"damage":0,"enemies":"Snake Plant","floor":29,"turns":3},{"damage":14,"enemies":"Gremlin Leader","floor":30,"turns":6},{"damage":0,"enemies":"Centurion and Healer","floor":32,"turns":4},{"damage":0,"enemies":"downfall:Defect","floor":33,"turns":8},{"damage":0,"enemies":"Orb Walker","floor":36,"turns":3},{"damage":0,"enemies":"3 Darklings","floor":37,"turns":5},{"damage":0,"enemies":"downfall:LadyInBlue","floor":38,"turns":5},{"damage":0,"enemies":"Transient","floor":39,"turns":5},{"damage":18,"enemies":"Spire Growth","floor":42,"turns":5},{"damage":0,"enemies":"Giant Head","floor":43,"turns":6},{"damage":0,"enemies":"Maw","floor":44,"turns":7},{"damage":11,"enemies":"Jaw Worm Horde","floor":45,"turns":3},{"damage":0,"enemies":"Spire Growth","floor":46,"turns":2},{"damage":0,"enemies":"Writhing Mass","floor":48,"turns":5},{"damage":0,"enemies":"Maw","floor":49,"turns":7},{"damage":0,"enemies":"downfall:Watcher","floor":50,"turns":6}],"seed_played":"8206145528584745940","potions_obtained":[{"floor":13.0,"key":"AttackPotion"},{"floor":15,"key":"Dexterity Potion"},{"floor":16,"key":"LiquidMemories"},{"floor":17,"key":"Slimebound:ThreeZeroPotion"},{"floor":19,"key":"BlessingOfTheForge"},{"floor":23,"key":"Swift Potion"},{"floor":28,"key":"champ:CounterPotion"},{"floor":29,"key":"PowerPotion"},{"floor":30,"key":"Block Potion"},{"floor":37,"key":"sneckomod:MuddlingPotion"},{"floor":38,"key":"EntropicBrew"},{"floor":38,"key":"GamblersBrew"},{"floor":38,"key":"EssenceOfSteel"},{"floor":45,"key":"SmokeBomb"},{"floor":49,"key":"Weak Potion"}],"is_trial":false,"path_per_floor":["R","M","?","M","?","T","T","M","E","?","$","R","E","$","M","B",null,"R","M","M","?","$","M","T","?","E","R","M","M","E","T","M","B",null,"R","M","M","?","M","$","T","M","E","M","M","M","R","M","M","B",null],"character_chosen":"THE_ANIMATOR","items_purchased":["Tiny Chest","Guardian:PocketSentry","Membership Card","Regal Pillow","DataDisk","Runic Capacitor","Gremlin Horn","Bag of Preparation","hubris:SlimyHat","Happy Flower"],"campfire_rested":0,"item_purchase_floors":[11,11,22,22,40,40,40,40,40,40],"current_hp_per_floor":[59,59,59,59,59,59,59,59,38,38,35,35,12,12,12,20,61,71,72,69,69,69,52,52,36,24,24,24,24,12,12,12,12,66,66,66,66,66,66,66,66,50,52,69,60,60,60,69,78,79],"gold":373,"neow_bonus":"THREE_ENEMY_KILL","is_daily":false,"chose_seed":false,"campfire_upgraded":1,"win_rate":0.0,"timestamp":1609813410,"path_taken":["R","M","?","M","?","?","T","?","E","?","?","R","E","$","M","BOSS","R","M","M","?","$","?","T","?","E","R","M","M","E","?","M","BOSS","R","M","M","?","M","?","T","M","E","?","M","M","R","M","M","BOSS"],"items_purchased_type":["Relic","Relic","Relic","Relic","Relic","Relic","Relic","Relic","Relic","Relic"],"build_version":"2020-12-22","purchased_purges":1,"victory":true,"max_hp_per_floor":[66,66,66,66,66,66,66,66,67,67,68,68,68,68,68,68,73,83,84,84,84,82,82,82,82,82,82,82,82,84,84,84,84,84,84,84,84,84,84,84,84,84,84,84,84,84,84,84,84,84],"card_choices":[{"not_picked":["animator:Mitsuba","animator:Geryuganshoop"],"picked":"animator:MetalKnight","floor":2.0},{"not_picked":["animator:PandorasActor","animator:Illya"],"picked":"animator:UneriGinkaku","floor":4.0},{"not_picked":["animator:Emonzaemon","animator:Assassin"],"picked":"animator:YachiyoNanami","floor":8.0},{"not_picked":["animator:Konayuki","animator:UneriGinkaku"],"picked":"animator:Shichika","floor":9.0},{"not_picked":["animator:HigakiRinne","animator:Tatsumaki"],"picked":"animator:NagisaMomoe","floor":11.0},{"not_picked":["animator:SakuraMatou","animator:OrikoMikuni"],"picked":"animator:MamiTomoe","floor":13.0},{"not_picked":["animator:Viivi","animator:Entoma"],"picked":"animator:KrulTepes","floor":14.0},{"not_picked":["animator:YachiyoNanami","animator:KyokoSakura"],"picked":"animator:NagisaMomoe","floor":15},{"not_picked":["animator:Albedo","animator:ChaikaTrabant"],"picked":"animator:HigakiRinne","floor":16},{"not_picked":["animator:SuzuneAmano","animator:Mikaela"],"picked":"animator:NarberalGamma","floor":17},{"not_picked":["animator:Melzalgald","animator:Konayuki"],"picked":"animator:SayakaMiki","floor":19},{"not_picked":["animator:MetalKnight","animator:ShinjiMatou"],"picked":"animator:NarberalGamma","floor":20},{"not_picked":["animator:MumenRider+1","animator:Shigure"],"picked":"animator:Evileye","floor":22},{"not_picked":["animator:Shinoa+1","animator:CrowleyEusford","animator:Shigure"],"picked":"SKIP","floor":26},{"not_picked":["animator:ShinjiMatou+1","animator:Fredrika","animator:Sonic"],"picked":"SKIP","floor":28},{"not_picked":["animator:KrulTepes+1","animator:MumenRider"],"picked":"animator:OrikoMikuni","floor":29},{"not_picked":["animator:OrikoMikuni","animator:IrohaTamaki"],"picked":"animator:SuzuneAmano","floor":30},{"not_picked":["animator:Layla","animator:Fredrika"],"picked":"animator:IrohaTamaki+1","floor":32},{"not_picked":["animator:Albedo","animator:Kyubey"],"picked":"animator:HomuraAkemi","floor":33},{"not_picked":["animator:Cocytus","animator:Viivi"],"picked":"animator:Archer","floor":36},{"not_picked":["animator:PandorasActor","animator:Cocytus+1","animator:HiiragiShinya+1"],"picked":"SKIP","floor":37},{"not_picked":["animator:OrikoMikuni","animator:SayakaMiki"],"picked":"animator:YuiTsuruno","floor":38},{"not_picked":["animator:Guy","animator:Assassin"],"picked":"animator:Berserker+1","floor":39},{"not_picked":["animator:Gillette","animator:MetalKnight+1","animator:HigakiRinne"],"picked":"SKIP","floor":42},{"not_picked":["animator:Entoma","animator:RinTohsaka+1"],"picked":"animator:MadokaKaname","floor":43},{"not_picked":["animator:IrohaTamaki","animator:SayakaMiki"],"picked":"animator:KyokoSakura","floor":44},{"not_picked":["animator:ZankiKiguchi+1","animator:Cocytus+1"],"picked":"animator:MamiTomoe","floor":45},{"not_picked":["animator:HiiragiShinya","animator:Genos"],"picked":"animator:EmiyaShirou+1","floor":48}],"player_experience":1319312,"relics_obtained":[{"floor":7.0,"key":"hubris:ToyBattleship"},{"floor":9.0,"key":"Shovel"},{"floor":12.0,"key":"animator:OldCoffin"},{"floor":13.0,"key":"War Paint"},{"floor":18,"key":"HornCleat"},{"floor":24,"key":"CloakClasp"},{"floor":26,"key":"animator:Buoy"},{"floor":27,"key":"FossilizedHelix"},{"floor":30,"key":"Bag of Marbles"},{"floor":31,"key":"Paper Crane"},{"floor":35,"key":"Akabeko"},{"floor":38,"key":"Potion Belt"},{"floor":41,"key":"hubris:FunFungus"},{"floor":43,"key":"Lantern"}],"event_choices":[{"damage_healed":0.0,"max_hp_gain":0.0,"max_hp_loss":0.0,"gold_gain":0.0,"event_name":"yidonshenshe","player_choice":"Donate","floor":3.0,"gold_loss":40.0,"damage_taken":0.0,"relics_obtained":["PaintedHorse:ReiMu"]},{"damage_healed":0,"gold_gain":0,"player_choice":"Upgraded","damage_taken":0,"max_hp_gain":0,"max_hp_loss":0,"event_name":"Upgrade Shrine","floor":21,"gold_loss":0,"cards_upgraded":["animator:HigakiRinne"]}],"is_beta":false,"boss_relics":[{"not_picked":["Philosopher\u0027s Stone","hubris:RunicObelisk"],"picked":"Tiny House"},{"not_picked":["hubris:CrackedHourglass","Cursed Key"],"picked":"Empty Cage"}],"items_purged_floors":[22],"is_endless":false,"potions_floor_spawned":[9,13,15,16,19,23,28,29,30,37,42,45,48,49],"ascension_level":11}}