{"host":"c43fkomrial8fa1s","time":1609835561,"event":{"mods":["BaseMod","Googly Eyes","Minty Spire (QoL Compilation)","Quick Restart","Relic Stats","StSLib"],"gold_per_floor":[119,130,18,118,129,157,157,192,219,228,193,261,303,323,323,323,323],"floor_reached":16,"playtime":697,"items_purged":["Strike_R"],"score":167,"play_id":"d3623a44-ae72-4871-ae39-c8f46a4a3b67","local_time":"20210105023241","is_ascension_mode":true,"campfire_choices":[{"floor":7,"key":"REST"},{"floor":10,"key":"REST"},{"floor":15,"key":"REST"}],"circlet_count":0,"master_deck":["Strike_R","Strike_R","Strike_R","Strike_R","Defend_R","Defend_R","Defend_R","Defend_R","Bash","Anger","Sword Boomerang","Pummel","Thunderclap","Twin Strike","Twin Strike","Seeing Red","Rupture","Thunderclap","Offering"],"relics":["Burning Blood","Dream Catcher","CeramicFish","Bag of Preparation","Centennial Puzzle","Calipers"],"acts_visited":["Exordium"],"potions_floor_usage":[6,8,8,12,16],"damage_taken":[{"damage":19,"enemies":"Jaw Worm","floor":1,"turns":3},{"damage":6,"enemies":"Cultist","floor":2,"turns":3},{"damage":10,"enemies":"2 Louse","floor":5,"turns":2},{"damage":24,"enemies":"Gremlin Nob","floor":6,"turns":4},{"damage":42,"enemies":"3 Sentries","floor":8,"turns":8},{"damage":40,"enemies":"Lagavulin Event","floor":12,"turns":6},{"damage":25,"enemies":"Lagavulin","floor":13,"turns":5},{"damage":19,"enemies":"Blue Slaver","floor":14,"turns":2},{"damage":45,"enemies":"Slime Boss","floor":16,"turns":10}],"seed_played":"-4532324288224194866","potions_obtained":[{"floor":1,"key":"PowerPotion"},{"floor":5,"key":"LiquidMemories"},{"floor":6,"key":"Dexterity Potion"},{"floor":8,"key":"Block Potion"},{"floor":13,"key":"Dexterity Potion"}],"is_trial":false,"path_per_floor":["M","M","$","?","M","E","R","E","T","R","?","?","E","M","R","B"],"character_chosen":"IRONCLAD","items_purchased":["Pummel"],"campfire_rested":3,"item_purchase_floors":[3],"current_hp_per_floor":[59,59,59,59,55,37,65,29,29,57,81,47,28,15,43,0,0],"gold":323,"neow_bonus":"TWENTY_PERCENT_HP_BONUS","is_daily":false,"chose_seed":false,"campfire_upgraded":0,"win_rate":0.0,"timestamp":1609835561,"path_taken":["M","M","$","?","?","E","R","E","T","R","?","?","E","M","R","BOSS"],"items_purchased_type":["Card"],"build_version":"2020-12-22","purchased_purges":1,"victory":false,"max_hp_per_floor":[96,96,96,96,96,96,96,96,96,96,96,96,96,96,96,96,96],"relic_stats":{"Dream Catcher":3,"Centennial Puzzle":[9],"counters":[9,43],"CeramicFish":36,"Bag of Preparation":[8],"obtain_stats":[{"Dream Catcher":6,"Centennial Puzzle":12,"Calipers":13,"CeramicFish":8,"Bag of Preparation":9,"Burning Blood":0},{"Dream Catcher":4,"Centennial Puzzle":6,"Calipers":7,"CeramicFish":5,"Bag of Preparation":5,"Burning Blood":0},{"Dream Catcher":12,"Centennial Puzzle":26,"Calipers":31,"CeramicFish":20,"Bag of Preparation":20,"Burning Blood":0}],"Burning Blood":48},"card_choices":[{"not_picked":["Disarm","Twin Strike"],"picked":"Anger","floor":1},{"not_picked":["Heavy Blade","Dropkick"],"picked":"Sword Boomerang","floor":2},{"not_picked":["Body Slam","Havoc"],"picked":"Thunderclap","floor":5},{"not_picked":["Battle Trance","Headbutt"],"picked":"Twin Strike","floor":6},{"not_picked":["Feel No Pain","Combust"],"picked":"Twin Strike","floor":7},{"not_picked":["Sentinel","Dark Embrace"],"picked":"Seeing Red","floor":8},{"not_picked":["Sever Soul","Perfected Strike"],"picked":"Rupture","floor":10},{"not_picked":["Warcry","Sentinel"],"picked":"Thunderclap","floor":12},{"not_picked":["Reckless Charge","Heavy Blade"],"picked":"Offering","floor":13},{"not_picked":["Sever Soul","Heavy Blade","Clash"],"picked":"SKIP","floor":14}],"player_experience":342086,"relics_obtained":[{"floor":6,"key":"Dream Catcher"},{"floor":8,"key":"CeramicFish"},{"floor":9,"key":"Bag of Preparation"},{"floor":12,"key":"Centennial Puzzle"},{"floor":13,"key":"Calipers"}],"event_choices":[{"damage_healed":0,"gold_gain":100,"player_choice":"Pray","damage_taken":0,"max_hp_gain":0,"max_hp_loss":0,"event_name":"Golden Shrine","floor":4,"gold_loss":0},{"damage_healed":24,"gold_gain":0,"player_choice":"Healed","damage_taken":0,"max_hp_gain":0,"max_hp_loss":0,"event_name":"The Cleric","floor":11,"gold_loss":35},{"damage_healed":0,"gold_gain":0,"player_choice":"Searched \u00272\u0027 times","damage_taken":0,"max_hp_gain":0,"max_hp_loss":0,"event_name":"Dead Adventurer","floor":12,"gold_loss":0}],"is_beta":false,"boss_relics":[],"items_purged_floors":[3],"is_endless":false,"potions_floor_spawned":[1,5,6,8,13],"killed_by":"Slime Boss","ascension_level":4}}