{"host":"2se5dq1do2gp0x9k","time":1609884118,"event":{"mods":["BaseMod","Block Reminder","Colored Map","Colored Powertips","Minty Spire (QoL Compilation)","Relic Stats","StSLib","SuperFastMode","Synergy Search"],"gold_per_floor":[113,113,37,57,34,64,78,78,78,78,94,158,193,193,193,272,272,290,325,341,341,383,383,441,441,468,480,569,206,305,342,342,427,427,455,455,464,514,531,604,604,640,649,649,737,761,1120,332,332,332],"floor_reached":51,"playtime":3529,"items_purged":["Parasite"],"score":1530,"play_id":"0c75ff49-e149-4211-86ee-f5bc011ca52c","local_time":"20210105140158","is_ascension_mode":true,"campfire_choices":[{"data":"Tantrum","floor":8.0,"key":"SMITH"},{"data":"EmptyFist","floor":10.0,"key":"SMITH"},{"data":"Meditate","floor":15.0,"key":"SMITH"},{"data":"MentalFortress","floor":23.0,"key":"SMITH"},{"data":"Wish","floor":27.0,"key":"SMITH"},{"floor":32.0,"key":"REST"},{"floor":41.0,"key":"REST"},{"data":"Establishment","floor":44.0,"key":"SMITH"},{"floor":49.0,"key":"REST"}],"circlet_count":0,"master_deck":["AscendersBane","Strike_P","Strike_P","Strike_P","Strike_P","Defend_P","Defend_P","Defend_P","Defend_P","Eruption","Vigilance","FollowUp","MentalFortress","EmptyFist+1","Protect","TalkToTheHand","Tantrum+1","MentalFortress+1","Meditate+1","Wish+1","Establishment+1","WheelKick","BowlingBash+1","Omniscience","FearNoEvil","Vengeance+1","SandsOfTime","EmptyFist+1","ThirdEye","Ragnarok","Vengeance+1","Omniscience","InnerPeace","WheelKick","CutThroughFate","Indignation+1","PathToVictory"],"relics":["PureWater","NeowsBlessing","TeardropLocket","Gremlin Horn","White Beast Statue","Thread and Needle","CaptainsWheel","Snecko Eye","HornCleat","MawBank","Vajra","Orrery","CeramicFish","Cursed Key","Pen Nib","Darkstone Periapt","Torii","PreservedInsect","Old Coin","Anchor","Toolbox","Ornamental Fan"],"acts_visited":["Exordium","TheCity","TheBeyond"],"potions_floor_usage":[50],"damage_taken":[{"damage":0.0,"enemies":"Cultist","floor":1.0,"turns":1.0},{"damage":0.0,"enemies":"Small Slimes","floor":4.0,"turns":1.0},{"damage":0.0,"enemies":"Lagavulin","floor":6.0,"turns":1.0},{"damage":0.0,"enemies":"2 Louse","floor":7.0,"turns":4.0},{"damage":1.0,"enemies":"Blue Slaver","floor":11.0,"turns":3.0},{"damage":0.0,"enemies":"Gremlin Nob","floor":12.0,"turns":2.0},{"damage":6.0,"enemies":"3 Sentries","floor":13.0,"turns":7.0},{"damage":0.0,"enemies":"Slime Boss","floor":16.0,"turns":5.0},{"damage":0.0,"enemies":"Shell Parasite","floor":18.0,"turns":4.0},{"damage":8.0,"enemies":"Chosen","floor":19.0,"turns":5.0},{"damage":0.0,"enemies":"Shelled Parasite and Fungi","floor":20.0,"turns":3.0},{"damage":0.0,"enemies":"Centurion and Healer","floor":22.0,"turns":6.0},{"damage":0.0,"enemies":"Slavers","floor":24.0,"turns":6.0},{"damage":0.0,"enemies":"3 Cultists","floor":28.0,"turns":3.0},{"damage":18.0,"enemies":"Gremlin Leader","floor":31.0,"turns":5.0},{"damage":8.0,"enemies":"Automaton","floor":33.0,"turns":5.0},{"damage":17.0,"enemies":"3 Darklings","floor":35.0,"turns":2.0},{"damage":1.0,"enemies":"3 Shapes","floor":38.0,"turns":5.0},{"damage":10.0,"enemies":"Sphere and 2 Shapes","floor":39.0,"turns":6.0},{"damage":14.0,"enemies":"Nemesis","floor":40.0,"turns":7.0},{"damage":0.0,"enemies":"Reptomancer","floor":42.0,"turns":2.0},{"damage":1.0,"enemies":"Giant Head","floor":45.0,"turns":6.0},{"damage":0.0,"enemies":"Maw","floor":46.0,"turns":5.0},{"damage":15.0,"enemies":"2 Orb Walkers","floor":47.0,"turns":2.0},{"damage":35,"enemies":"Donu and Deca","floor":50,"turns":8}],"seed_played":"-6330258358441084231","potions_obtained":[{"floor":4.0,"key":"DuplicationPotion"},{"floor":7.0,"key":"SkillPotion"},{"floor":11.0,"key":"DuplicationPotion"},{"floor":12.0,"key":"Ancient Potion"},{"floor":13.0,"key":"BottledMiracle"},{"floor":19.0,"key":"Swift Potion"},{"floor":31.0,"key":"Swift Potion"},{"floor":40.0,"key":"ColorlessPotion"},{"floor":47.0,"key":"BlessingOfTheForge"}],"is_trial":false,"path_per_floor":["M","?","$","M","$","E","M","R","T","R","M","?","E","?","R","B",null,"M","M","M","?","M","R","E","?","T","R","M","$","?","E","R","B",null,"M","?","?","M","M","E","R","E","T","R","E","M","?","$","R","B",null],"character_chosen":"WATCHER","items_purchased":["MentalFortress","Protect","Vajra","SandsOfTime","Orrery","Anchor","Toolbox","Ornamental Fan","CultistPotion","Block Potion","PathToVictory"],"campfire_rested":3,"item_purchase_floors":[3,5,29,29,29,48,48,48,48,48,48],"current_hp_per_floor":[61,43,43,43,43,43,43,43,43,43,42,42,36,36,36,36,60,60,52,52,40,40,40,40,40,40,40,40,40,40,22,43,35,64,47,47,47,46,36,22,43,43,49,49,48,48,33,33,55,20],"gold":332,"neow_bonus":"THREE_ENEMY_KILL","is_daily":false,"chose_seed":false,"campfire_upgraded":6,"win_rate":0.0,"timestamp":1609884118,"path_taken":["M","?","$","M","$","E","M","R","T","R","M","?","E","?","R","BOSS","M","?","M","?","M","R","E","?","T","R","M","$","?","E","R","BOSS","M","?","?","M","?","E","R","E","T","R","E","M","?","$","R","BOSS"],"items_purchased_type":["Card","Card","Relic","Card","Relic","Relic","Relic","Relic","Potion","Potion","Card"],"build_version":"2020-12-22","purchased_purges":1,"victory":true,"max_hp_per_floor":[68,68,68,68,68,68,68,68,68,68,68,68,68,68,68,68,68,68,68,68,73,73,73,73,73,73,73,73,73,73,73,73,73,73,73,73,73,73,73,73,73,73,79,79,79,79,79,76,76,76],"relic_stats":{"Darkstone Periapt":6,"Gremlin Horn":[27,27],"Torii":0,"counters":[25,104],"Ornamental Fan":[16],"CeramicFish":90,"Snecko Eye":[175,150,152,141],"Pen Nib":[7],"PreservedInsect":0,"MawBank":36,"Cursed Key":1,"obtain_stats":[{"Darkstone Periapt":42,"NeowsBlessing":0,"Gremlin Horn":6,"Torii":43,"CeramicFish":31,"Vajra":29,"Thread and Needle":12,"Pen Nib":40,"PreservedInsect":45,"TeardropLocket":2,"MawBank":26,"Cursed Key":34,"White Beast Statue":9,"Old Coin":47,"CaptainsWheel":13,"Anchor":48,"HornCleat":24,"Ornamental Fan":48,"Snecko Eye":17,"Orrery":29,"Toolbox":48,"PureWater":0},{"Darkstone Periapt":21,"NeowsBlessing":0,"Gremlin Horn":3,"Torii":21,"CeramicFish":15,"Vajra":14,"Thread and Needle":6,"Pen Nib":20,"PreservedInsect":22,"TeardropLocket":1,"MawBank":13,"Cursed Key":16,"White Beast Statue":4,"Old Coin":24,"CaptainsWheel":7,"Anchor":24,"HornCleat":13,"Ornamental Fan":24,"Snecko Eye":8,"Orrery":14,"Toolbox":24,"PureWater":0},{"Darkstone Periapt":83,"NeowsBlessing":0,"Gremlin Horn":3,"Torii":83,"CeramicFish":56,"Vajra":51,"Thread and Needle":12,"Pen Nib":81,"PreservedInsect":89,"TeardropLocket":1,"MawBank":48,"Cursed Key":61,"White Beast Statue":7,"Old Coin":96,"CaptainsWheel":19,"Anchor":96,"HornCleat":48,"Ornamental Fan":96,"Snecko Eye":24,"Orrery":51,"Toolbox":96,"PureWater":0}]},"card_choices":[{"not_picked":["Evaluate","Protect"],"picked":"FollowUp","floor":1.0},{"not_picked":["WindmillStrike","JustLucky"],"picked":"EmptyFist","floor":4.0},{"not_picked":["Wireheading","JustLucky"],"picked":"TalkToTheHand","floor":6.0},{"not_picked":["CutThroughFate","BowlingBash"],"picked":"Tantrum","floor":7.0},{"not_picked":["BowlingBash","Protect"],"picked":"MentalFortress","floor":11.0},{"not_picked":["SashWhip","ClearTheMind"],"picked":"Meditate","floor":12.0},{"not_picked":["Halt","Evaluate"],"picked":"Wish","floor":13.0},{"not_picked":["MasterReality","Ragnarok"],"picked":"Establishment","floor":16.0},{"not_picked":["Prostrate","CutThroughFate"],"picked":"WheelKick","floor":18.0},{"not_picked":["Conclude","Consecrate"],"picked":"BowlingBash+1","floor":19.0},{"not_picked":["Consecrate","PathToVictory"],"picked":"Omniscience","floor":20.0},{"not_picked":["Evaluate+1","JustLucky","FlyingSleeves"],"picked":"SKIP","floor":22.0},{"not_picked":["EmptyMind","SashWhip"],"picked":"FearNoEvil","floor":24.0},{"not_picked":["SashWhip","BowlingBash"],"picked":"Vengeance+1","floor":28.0},{"not_picked":["EmptyMind","ThirdEye+1"],"picked":"EmptyFist+1","floor":29.0},{"not_picked":["JustLucky","EmptyBody"],"picked":"ThirdEye","floor":31.0},{"not_picked":["Blasphemy","DevaForm"],"picked":"Ragnarok","floor":33.0},{"not_picked":["PathToVictory+1","Halt+1"],"picked":"Vengeance+1","floor":35.0},{"not_picked":["EmptyBody+1","Weave","FlyingSleeves"],"picked":"SKIP","floor":38.0},{"not_picked":["ReachHeaven","ClearTheMind","FlurryOfBlows"],"picked":"SKIP","floor":39.0},{"not_picked":["EmptyFist","JustLucky"],"picked":"InnerPeace","floor":40.0},{"not_picked":["Pray+1","Weave"],"picked":"WheelKick","floor":42.0},{"not_picked":["Sanctity","MasterReality","Fasting2"],"picked":"SKIP","floor":45.0},{"not_picked":["EmptyFist+1","Weave"],"picked":"CutThroughFate","floor":46.0},{"not_picked":["Pray","JustLucky+1"],"picked":"Indignation+1","floor":47.0}],"player_experience":3780843,"relics_obtained":[{"floor":6.0,"key":"Gremlin Horn"},{"floor":9.0,"key":"White Beast Statue"},{"floor":12.0,"key":"Thread and Needle"},{"floor":13.0,"key":"CaptainsWheel"},{"floor":24.0,"key":"HornCleat"},{"floor":26.0,"key":"MawBank"},{"floor":31.0,"key":"CeramicFish"},{"floor":40.0,"key":"Pen Nib"},{"floor":42.0,"key":"Darkstone Periapt"},{"floor":43.0,"key":"Torii"},{"floor":45.0,"key":"PreservedInsect"},{"floor":47.0,"key":"Old Coin"}],"event_choices":[{"damage_healed":0.0,"max_hp_gain":0.0,"max_hp_loss":0.0,"gold_gain":0.0,"event_name":"Scrap Ooze","player_choice":"Success","floor":2.0,"gold_loss":0.0,"damage_taken":18.0,"relics_obtained":["TeardropLocket"]},{"damage_healed":0.0,"max_hp_gain":0.0,"max_hp_loss":0.0,"gold_gain":0.0,"event_name":"Dead Adventurer","player_choice":"Searched \u00271\u0027 times","floor":12.0,"gold_loss":0.0,"damage_taken":0.0},{"damage_healed":0.0,"max_hp_gain":0.0,"max_hp_loss":0.0,"gold_gain":0.0,"event_name":"The Woman in Blue","player_choice":"Bought 0 Potions","floor":14.0,"gold_loss":0.0,"damage_taken":0.0},{"damage_healed":0.0,"max_hp_gain":5.0,"max_hp_loss":0.0,"gold_gain":0.0,"event_name":"Forgotten Altar","player_choice":"Shed Blood","floor":21.0,"gold_loss":0.0,"damage_taken":17.0},{"damage_healed":0.0,"max_hp_gain":0.0,"max_hp_loss":0.0,"gold_gain":0.0,"event_name":"Vampires","player_choice":"Ignored","floor":25.0,"gold_loss":0.0,"damage_taken":0.0},{"damage_healed":0.0,"max_hp_gain":0.0,"max_hp_loss":0.0,"gold_gain":99.0,"event_name":"Nest","player_choice":"Stole From Cult","floor":30.0,"gold_loss":0.0,"damage_taken":0.0},{"damage_healed":0.0,"max_hp_gain":0.0,"max_hp_loss":0.0,"gold_gain":0.0,"event_name":"Tomb of Lord Red Mask","player_choice":"Ignored","floor":36.0,"gold_loss":0.0,"damage_taken":0.0},{"damage_healed":0.0,"max_hp_gain":0.0,"max_hp_loss":0.0,"gold_gain":0.0,"event_name":"Duplicator","player_choice":"Copied","floor":37.0,"gold_loss":0.0,"damage_taken":0.0,"cards_obtained":["Omniscience"]},{"damage_healed":0.0,"max_hp_gain":0.0,"max_hp_loss":0.0,"gold_gain":0.0,"event_name":"Mysterious Sphere","player_choice":"Fight","floor":47.0,"gold_loss":0.0,"damage_taken":0.0}],"is_beta":false,"boss_relics":[{"not_picked":["Runic Dome","Velvet Choker"],"picked":"Snecko Eye"},{"not_picked":["Calling Bell","Astrolabe"],"picked":"Cursed Key"}],"items_purged_floors":[48],"is_endless":false,"potions_floor_spawned":[4,7,11,12,13,16,18,19,20,22,24,28,31,33,35,38,39,40,42,45,46,47],"ascension_level":14}}