{"host":"ji1fk25fd1ga4ji1","time":1609850366,"event":{"mods":["2.2 Compatiblity","BaseMod","Colored Map","DeckTracker","Minty Spire (QoL Compilation)","Permanent Neow","Quick Restart","StSLib","SuperFastMode"],"gold_per_floor":[111,111,124,74,98,132,132,132,156,156,197,197,210,251,251,380,380,393,308,308,333,333,377,55,94,94,115,115,148,48,173,173,301,301,317,380,399,399,415,415,458,262,262,142,142,180,180,224,224,224],"floor_reached":51,"playtime":930,"items_purged":["Strike_G","Strike_G","Strike_G","Tactician+1"],"score":920,"play_id":"9029ace5-5fa9-431c-b2c7-536cb8a19acd","local_time":"20210105213926","is_ascension_mode":true,"campfire_choices":[{"data":"Blade Dance","floor":7,"key":"SMITH"},{"data":"Masterful Stab","floor":10,"key":"SMITH"},{"data":"Deflect","floor":12,"key":"SMITH"},{"data":"Blade Dance","floor":15,"key":"SMITH"},{"data":"Cloak And Dagger","floor":32,"key":"SMITH"},{"data":"Phantasmal Killer","floor":40,"key":"SMITH"},{"data":"1","floor":45,"key":"LIFT"},{"data":"2","floor":49,"key":"LIFT"}],"circlet_count":0,"master_deck":["Defend_G","Defend_G","Defend_G","Defend_G","Survivor+1","Neutralize","Masterful Stab+1","Blade Dance+1","Adrenaline+1","PiercingWail","Deflect+1","Cloak And Dagger+1","Blade Dance+1","Phantasmal Killer+1","Phantasmal Killer+1","Blade Dance+1","Prepared+1","Backflip+1","Expertise+1","Madness+1","Madness+1"],"relics":["WristBlade","Golden Idol","Potion Belt","Tiny Chest","Nunchaku","Strawberry","Empty Cage","Girya","Letter Opener","Bronze Scales","Toxic Egg 2","Frozen Egg 2","Kunai","Turnip","Shovel","Question Card","Sozu","Tough Bandages","Blue Candle","Bottled Lightning","The Courier","Vajra","Pantograph"],"acts_visited":["Exordium","TheCity","TheBeyond"],"potions_floor_usage":[23,25,50,50,50,50],"damage_taken":[{"damage":0,"enemies":"2 Louse","floor":1,"turns":3},{"damage":3,"enemies":"Jaw Worm","floor":3,"turns":2},{"damage":0,"enemies":"Small Slimes","floor":5,"turns":2},{"damage":11,"enemies":"Lagavulin","floor":6,"turns":6},{"damage":4,"enemies":"Gremlin Nob","floor":11,"turns":3},{"damage":0,"enemies":"Looter","floor":13,"turns":2},{"damage":4,"enemies":"3 Sentries","floor":14,"turns":6},{"damage":4,"enemies":"Hexaghost","floor":16,"turns":7},{"damage":3,"enemies":"Shell Parasite","floor":18,"turns":3},{"damage":0,"enemies":"2 Thieves","floor":21,"turns":2},{"damage":9,"enemies":"Slavers","floor":23,"turns":3},{"damage":16,"enemies":"Gremlin Leader","floor":25,"turns":6},{"damage":9,"enemies":"Centurion and Healer","floor":27,"turns":3},{"damage":4,"enemies":"Slavers","floor":29,"turns":3},{"damage":8,"enemies":"Colosseum Slavers","floor":31,"turns":2},{"damage":12,"enemies":"Colosseum Nobs","floor":31,"turns":2},{"damage":6,"enemies":"Automaton","floor":33,"turns":5},{"damage":0,"enemies":"3 Shapes","floor":35,"turns":3},{"damage":0,"enemies":"Mind Bloom Boss Battle","floor":36,"turns":4},{"damage":0,"enemies":"Orb Walker","floor":37,"turns":2},{"damage":0,"enemies":"Transient","floor":39,"turns":5},{"damage":4,"enemies":"Giant Head","floor":41,"turns":5},{"damage":0,"enemies":"Reptomancer","floor":46,"turns":3},{"damage":0,"enemies":"Giant Head","floor":48,"turns":3},{"damage":62,"enemies":"Time Eater","floor":50,"turns":11}],"seed_played":"-1686060109597819729","potions_obtained":[{"floor":1,"key":"Ancient Potion"},{"floor":5,"key":"Energy Potion"},{"floor":13,"key":"Weak Potion"},{"floor":18,"key":"CunningPotion"},{"floor":29,"key":"SpeedPotion"},{"floor":31,"key":"Energy Potion"}],"is_trial":false,"path_per_floor":["M","?","M","?","M","E","R","?","T","R","E","R","M","E","R","B",null,"M","?","?","M","T","E","$","E","T","M","?","E","$","?","R","B",null,"M","?","M","T","M","R","E","$","T","$","R","E","?","E","R","B",null],"character_chosen":"THE_SILENT","items_purchased":["Toxic Egg 2","Expertise+1"],"campfire_rested":0,"item_purchase_floors":[24,42],"current_hp_per_floor":[70,65,62,62,62,51,51,38,38,38,34,34,34,37,37,33,72,69,69,69,69,69,60,60,44,44,35,59,55,55,35,35,29,72,72,72,72,72,72,72,68,68,68,68,68,68,59,59,59,10],"gold":224,"neow_bonus":"BOSS_RELIC","is_daily":false,"chose_seed":false,"campfire_upgraded":6,"win_rate":0.0,"timestamp":1609850366,"path_taken":["M","?","M","?","M","E","R","?","T","R","E","R","M","E","R","BOSS","M","?","?","?","?","E","$","E","T","M","?","E","$","?","R","BOSS","M","?","M","?","M","R","E","?","T","$","R","E","?","E","R","BOSS"],"items_purchased_type":["Relic","Card"],"build_version":"2020-12-22","purchased_purges":4,"victory":true,"max_hp_per_floor":[70,65,65,65,65,65,65,65,65,65,65,65,65,72,72,72,72,72,72,72,72,72,72,72,72,72,72,72,72,72,72,72,72,72,72,72,72,72,72,72,72,72,72,72,72,72,72,72,72,72],"card_choices":[{"not_picked":["Dash","Outmaneuver"],"picked":"Masterful Stab","floor":1},{"not_picked":["Outmaneuver","Acrobatics"],"picked":"Blade Dance","floor":3},{"not_picked":["Blade Dance","Deflect"],"picked":"Adrenaline","floor":5},{"not_picked":["Tools of the Trade","Leg Sweep"],"picked":"PiercingWail","floor":6},{"not_picked":["Concentrate","Backflip"],"picked":"Deflect","floor":11},{"not_picked":["Outmaneuver","Acrobatics"],"picked":"Cloak And Dagger","floor":13},{"not_picked":["Wraith Form v2","Slice"],"picked":"Blade Dance","floor":14},{"not_picked":["A Thousand Cuts","Bullet Time"],"picked":"Phantasmal Killer","floor":16},{"not_picked":["Well Laid Plans","Outmaneuver","PiercingWail"],"picked":"SKIP","floor":18},{"not_picked":["Heel Hook+1","Outmaneuver+1","Flying Knee"],"picked":"SKIP","floor":21},{"not_picked":["Well Laid Plans","Acrobatics"],"picked":"Tactician+1","floor":23},{"not_picked":["Blur+1","Deadly Poison+1"],"picked":"Phantasmal Killer+1","floor":25},{"not_picked":["Endless Agony+1","Bane"],"picked":"Blade Dance+1","floor":27},{"not_picked":["Poisoned Stab+1","Dagger Spray"],"picked":"Prepared+1","floor":29},{"not_picked":["Well Laid Plans+1","Deflect+1","Concentrate+1"],"picked":"Backflip+1","floor":35},{"not_picked":["Deflect+1","Poisoned Stab+1","Blur+1","Slice+1"],"picked":"SKIP","floor":37},{"not_picked":["Deadly Poison+1","Footwork+1","Cloak And Dagger+1","Backflip+1"],"picked":"SKIP","floor":39},{"not_picked":["Sucker Punch","Phantasmal Killer+1","Leg Sweep+1","Tactician+1"],"picked":"SKIP","floor":41},{"not_picked":["Dodge and Roll+1","Caltrops+1","Backflip+1","Blur+1"],"picked":"SKIP","floor":46},{"not_picked":["Backflip+1","Night Terror+1","Sucker Punch+1","Blur+1"],"picked":"SKIP","floor":48}],"player_experience":1243723,"relics_obtained":[{"floor":6,"key":"Potion Belt"},{"floor":9,"key":"Tiny Chest"},{"floor":11,"key":"Nunchaku"},{"floor":14,"key":"Strawberry"},{"floor":22,"key":"Letter Opener"},{"floor":23,"key":"Bronze Scales"},{"floor":25,"key":"Frozen Egg 2"},{"floor":26,"key":"Kunai"},{"floor":29,"key":"Turnip"},{"floor":31,"key":"Shovel"},{"floor":31,"key":"Question Card"},{"floor":36,"key":"Tough Bandages"},{"floor":38,"key":"Blue Candle"},{"floor":41,"key":"Bottled Lightning"},{"floor":43,"key":"The Courier"},{"floor":46,"key":"Vajra"},{"floor":48,"key":"Pantograph"}],"event_choices":[{"damage_healed":0,"gold_gain":0,"player_choice":"Lose Max HP","damage_taken":0,"relics_obtained":["Golden Idol"],"max_hp_gain":0,"max_hp_loss":5,"event_name":"Golden Idol","floor":2,"gold_loss":0},{"cards_removed":["Strike_G"],"damage_healed":0,"gold_gain":0,"player_choice":"Card Removal","damage_taken":0,"max_hp_gain":0,"max_hp_loss":0,"event_name":"The Cleric","floor":4,"gold_loss":50},{"damage_healed":0,"gold_gain":0,"player_choice":"Entered Light","damage_taken":13,"max_hp_gain":0,"max_hp_loss":0,"event_name":"Shining Light","floor":8,"gold_loss":0,"cards_upgraded":["Adrenaline","Survivor"]},{"damage_healed":0,"gold_gain":0,"player_choice":"Obtained Relic","damage_taken":0,"relics_obtained":["Girya"],"max_hp_gain":0,"max_hp_loss":0,"event_name":"Addict","floor":19,"gold_loss":85},{"damage_healed":0,"gold_gain":0,"player_choice":"Ignored","damage_taken":0,"max_hp_gain":0,"max_hp_loss":0,"event_name":"Ghosts","floor":20,"gold_loss":0},{"damage_healed":24,"gold_gain":0,"player_choice":"Heal","damage_taken":0,"max_hp_gain":0,"max_hp_loss":0,"event_name":"The Library","floor":28,"gold_loss":0},{"damage_healed":0,"gold_gain":0,"player_choice":"Fight","damage_taken":0,"max_hp_gain":0,"max_hp_loss":0,"event_name":"Colosseum","floor":31,"gold_loss":0},{"damage_healed":0,"gold_gain":0,"player_choice":"Fought Nobs","damage_taken":0,"max_hp_gain":0,"max_hp_loss":0,"event_name":"Colosseum","floor":31,"gold_loss":0},{"damage_healed":0,"gold_gain":0,"player_choice":"Fight","damage_taken":0,"max_hp_gain":0,"max_hp_loss":0,"event_name":"MindBloom","floor":36,"gold_loss":0},{"damage_healed":0,"gold_gain":0,"player_choice":"Embrace Madness","damage_taken":9,"max_hp_gain":0,"max_hp_loss":0,"event_name":"Winding Halls","floor":47,"gold_loss":0,"cards_obtained":["Madness","Madness"]}],"is_beta":false,"boss_relics":[{"not_picked":["Busted Crown","Cursed Key"],"picked":"Empty Cage"},{"not_picked":["Calling Bell","Pandora\u0027s Box"],"picked":"Sozu"}],"items_purged_floors":[24,30,42,44],"is_endless":false,"potions_floor_spawned":[1,5,13,18,29,31,31,35,39],"ascension_level":1}}