{"host":"0mk07bycsqo1qk03","time":1609866944,"event":{"mods":["BaseMod","Bestiary","Downfall","Hermit","Hubris","Minty Spire (QoL Compilation)","Replay The Spire","StSLib","The Cursed","The Servant 0.9.4"],"gold_per_floor":[115,190,190,115,131,160,108,108,108,29,29,29],"floor_reached":11,"playtime":308,"items_purged":[],"score":100,"play_id":"ec71fb6f-4dfc-4e88-bea7-383839e603bc","local_time":"20210105181544","is_ascension_mode":true,"campfire_choices":[],"circlet_count":0,"master_deck":["Strike_B","Strike_B","Strike_B","Strike_B","Defend_B","Defend_B","Defend_B","Defend_B","Zap+1","Dualcast","Hologram+1","FIFO Queue","Hologram","Conserve Battery","Coolheaded","ReplayTheSpireMod:Calculation Training"],"relics":["Cracked Core","Mercury Hourglass","Matryoshka","hubris:ToyBattleship","Thread and Needle"],"acts_visited":["Exordium"],"potions_floor_usage":[11],"damage_taken":[{"damage":7,"enemies":"Small Slimes","floor":1,"turns":3},{"damage":7,"enemies":"Jaw Worm","floor":5,"turns":4},{"damage":42,"enemies":"3 Sentries","floor":6,"turns":8},{"damage":12,"enemies":"Lagavulin","floor":11,"turns":3}],"seed_played":"5598839163236989114","potions_obtained":[{"floor":5,"key":"Venom Potion"},{"floor":6,"key":"PowerPotion"}],"is_trial":false,"path_per_floor":["M","?","?","$","M","E","$","T","T","$","E"],"character_chosen":"DEFECT","items_purchased":["FIFO Queue","Coolheaded","ReplayTheSpireMod:Calculation Training"],"campfire_rested":0,"item_purchase_floors":[4,7,10],"current_hp_per_floor":[61,50,50,50,43,1,1,1,1,1,0,0],"gold":29,"neow_bonus":"UPGRADE_CARD","is_daily":false,"chose_seed":false,"campfire_upgraded":0,"win_rate":0.0,"timestamp":1609866944,"path_taken":["M","?","?","$","M","E","$","?","T","$","E"],"items_purchased_type":["Card","Card","Card"],"build_version":"2020-12-22","purchased_purges":0,"victory":false,"max_hp_per_floor":[75,75,75,75,75,75,75,75,75,75,75,75],"card_choices":[{"not_picked":["Steam","Ball Lightning"],"picked":"Hologram","floor":1},{"not_picked":["Conserve Battery","Leap"],"picked":"Hologram","floor":5},{"not_picked":["ReplayTheSpireMod:GoodbyeWorld","White Noise"],"picked":"Conserve Battery","floor":6}],"player_experience":844923,"relics_obtained":[{"floor":6,"key":"Mercury Hourglass"},{"floor":8,"key":"Matryoshka"},{"floor":9,"key":"hubris:ToyBattleship"},{"floor":9,"key":"Thread and Needle"}],"event_choices":[{"damage_healed":0,"gold_gain":75,"player_choice":"Gather Gold","damage_taken":11,"max_hp_gain":0,"max_hp_loss":0,"event_name":"World of Goop","floor":2,"gold_loss":0}],"is_beta":false,"boss_relics":[],"items_purged_floors":[],"is_endless":false,"potions_floor_spawned":[5,6],"killed_by":"Lagavulin","ascension_level":9}}