{"host":"5x08nt64u3vxxcfi","time":1609847761,"event":{"mods":["BaseMod","Minty Spire (QoL Compilation)","StSLib","SuperFastMode"],"gold_per_floor":[113,133,308,308,258,590,600,327,327,345,345,365,383,414,414,540,540,556,556,574,597,260,301,301,301],"floor_reached":24,"playtime":423,"items_purged":["Defend_P","MasterReality"],"score":303,"play_id":"e6a15086-71e9-4134-8d3f-18b1ce2fd0fd","local_time":"20210105205601","is_ascension_mode":false,"campfire_choices":[{"data":"Adaptation","floor":15,"key":"SMITH"}],"circlet_count":0,"master_deck":["Strike_P","Strike_P","Strike_P","Defend_P","Defend_P","Defend_P","Eruption","Vigilance","InnerPeace","Consecrate","Tantrum","SandsOfTime","EmptyFist","Blasphemy","FlyingSleeves","CarveReality","Adaptation+1","LikeWater+1","Conclude","Consecrate+1","Apotheosis","Adaptation","EmptyBody"],"relics":["PureWater","NeowsBlessing","Old Coin","HandDrill","Ginger","Golden Idol","Gremlin Horn","SacredBark","Torii"],"acts_visited":["Exordium","TheCity"],"potions_floor_usage":[14,20,23,23,23,23,24],"damage_taken":[{"damage":0,"enemies":"Jaw Worm","floor":1,"turns":1},{"damage":0,"enemies":"Small Slimes","floor":2,"turns":1},{"damage":0,"enemies":"Gremlin Nob","floor":6,"turns":1},{"damage":2,"enemies":"2 Louse","floor":7,"turns":3},{"damage":0,"enemies":"2 Fungi Beasts","floor":10,"turns":2},{"damage":4,"enemies":"Gremlin Gang","floor":12,"turns":2},{"damage":9,"enemies":"3 Louse","floor":13,"turns":2},{"damage":10,"enemies":"Lagavulin","floor":14,"turns":3},{"damage":0,"enemies":"Slime Boss","floor":16,"turns":4},{"damage":10,"enemies":"Chosen","floor":18,"turns":3},{"damage":0,"enemies":"3 Byrds","floor":20,"turns":2},{"damage":5,"enemies":"Cultist and Chosen","floor":21,"turns":3},{"damage":44,"enemies":"Slavers","floor":23,"turns":3},{"damage":15,"enemies":"Snake Plant","floor":24,"turns":1}],"seed_played":"-3766990835530919008","potions_obtained":[{"floor":1,"key":"FearPotion"},{"floor":13,"key":"StancePotion"},{"floor":14,"key":"BlessingOfTheForge"},{"floor":18,"key":"DistilledChaos"},{"floor":19,"key":"EntropicBrew"},{"floor":21,"key":"PowerPotion"},{"floor":23,"key":"FearPotion"}],"is_trial":false,"path_per_floor":["M","M","?","?","?","E","M","$","T","M","?","M","M","E","R","B",null,"M","?","M","M","$","E","M"],"character_chosen":"WATCHER","items_purchased":["EmptyFist","HandDrill","Apotheosis","Adaptation"],"campfire_rested":0,"item_purchase_floors":[8,8,22,22],"current_hp_per_floor":[72,72,72,72,72,72,70,70,70,70,52,48,39,29,29,29,72,62,62,62,57,57,13,0,0],"gold":301,"neow_bonus":"THREE_ENEMY_KILL","is_daily":false,"chose_seed":false,"campfire_upgraded":1,"win_rate":0.0,"timestamp":1609847761,"path_taken":["M","M","?","?","?","E","M","$","T","M","?","M","M","E","R","BOSS","M","?","?","M","$","E","?"],"items_purchased_type":["Card","Relic","Card","Card"],"build_version":"2020-12-22","purchased_purges":2,"victory":false,"max_hp_per_floor":[72,72,72,72,72,72,72,72,72,72,72,72,72,72,72,72,72,72,72,72,72,72,72,72,72],"card_choices":[{"not_picked":["SashWhip","BowlingBash"],"picked":"InnerPeace","floor":1},{"not_picked":["PathToVictory","ClearTheMind"],"picked":"Consecrate","floor":2},{"not_picked":["CrushJoints","EmptyMind"],"picked":"Tantrum","floor":6},{"not_picked":["PathToVictory","BowlingBash"],"picked":"SandsOfTime","floor":7},{"not_picked":["PathToVictory","Weave"],"picked":"Blasphemy","floor":10},{"not_picked":["Sanctity","ThirdEye"],"picked":"FlyingSleeves","floor":12},{"not_picked":["CutThroughFate","FlyingSleeves"],"picked":"CarveReality","floor":13},{"not_picked":["Wallop","Nirvana"],"picked":"Adaptation","floor":14},{"not_picked":["Omniscience","Scrawl"],"picked":"MasterReality","floor":16},{"not_picked":["SignatureMove","EmptyFist"],"picked":"LikeWater+1","floor":18},{"not_picked":["Meditate","PathToVictory"],"picked":"Conclude","floor":20},{"not_picked":["FlurryOfBlows","PathToVictory"],"picked":"Consecrate+1","floor":21},{"not_picked":["Evaluate","CutThroughFate"],"picked":"EmptyBody","floor":23}],"player_experience":44416,"relics_obtained":[{"floor":6,"key":"Old Coin"},{"floor":9,"key":"Ginger"},{"floor":14,"key":"Gremlin Horn"},{"floor":23,"key":"Torii"}],"event_choices":[{"damage_healed":0,"gold_gain":175,"player_choice":"AGREE","damage_taken":0,"max_hp_gain":0,"max_hp_loss":0,"event_name":"Liars Game","floor":3,"gold_loss":0,"cards_obtained":["Doubt"]},{"cards_removed":["Doubt"],"damage_healed":0,"gold_gain":0,"player_choice":"Forget","damage_taken":0,"max_hp_gain":0,"max_hp_loss":0,"event_name":"Living Wall","floor":4,"gold_loss":0},{"cards_removed":["Strike_P"],"damage_healed":0,"gold_gain":0,"player_choice":"Card Removal","damage_taken":0,"max_hp_gain":0,"max_hp_loss":0,"event_name":"The Cleric","floor":5,"gold_loss":50},{"damage_healed":0,"gold_gain":0,"player_choice":"Take Damage","damage_taken":18,"relics_obtained":["Golden Idol"],"max_hp_gain":0,"max_hp_loss":0,"event_name":"Golden Idol","floor":11,"gold_loss":0},{"damage_healed":0,"gold_gain":0,"player_choice":"Got Potions","damage_taken":0,"max_hp_gain":0,"max_hp_loss":0,"event_name":"Lab","floor":19,"gold_loss":0}],"is_beta":false,"boss_relics":[{"not_picked":["Runic Pyramid","Astrolabe"],"picked":"SacredBark"}],"items_purged_floors":[8,22],"is_endless":false,"potions_floor_spawned":[1,13,14,18,21,23],"killed_by":"Snake Plant","ascension_level":0}}