{"host":"37dk0reb6x0du8wx","time":1609837321,"event":{"mods":["BaseMod","Colored Map","DeckTracker","Minty Spire (QoL Compilation)","Quick Restart","StSLib"],"gold_per_floor":[112,187,187,62,87,122,122,143,143,143,159,178,216,237,237,361,361,382,382,307,325,325,325,325,325],"floor_reached":24,"playtime":631,"items_purged":["Strike_B"],"score":277,"play_id":"e7eb0a8b-e0d3-410c-ba3f-f036128b94df","local_time":"20210105180201","is_ascension_mode":true,"campfire_choices":[{"data":"Zap","floor":7,"key":"SMITH"},{"data":"Reinforced Body","floor":10,"key":"SMITH"},{"floor":15,"key":"REST"},{"floor":23,"key":"REST"}],"circlet_count":0,"master_deck":["Strike_B","Strike_B","Strike_B","Defend_B","Defend_B","Defend_B","Defend_B","Zap+1","Dualcast","Reinforced Body+1","Leap","Leap","Capacitor+1","Necronomicurse"],"relics":["Cracked Core","NeowsBlessing","Golden Idol","Bronze Scales","Ancient Tea Set","Frozen Egg 2","Pear","Necronomicon","MutagenicStrength"],"acts_visited":["Exordium","TheCity"],"potions_floor_usage":[16,16,16],"damage_taken":[{"damage":0,"enemies":"Small Slimes","floor":1,"turns":1},{"damage":0,"enemies":"Jaw Worm","floor":5,"turns":1},{"damage":0,"enemies":"Gremlin Nob","floor":6,"turns":1},{"damage":1,"enemies":"Cultist","floor":8,"turns":3},{"damage":6,"enemies":"Large Slime","floor":11,"turns":7},{"damage":27,"enemies":"Exordium Wildlife","floor":12,"turns":6},{"damage":14,"enemies":"Lagavulin","floor":13,"turns":9},{"damage":0,"enemies":"Blue Slaver","floor":14,"turns":3},{"damage":40,"enemies":"The Guardian","floor":16,"turns":15},{"damage":21,"enemies":"Spheric Guardian","floor":18,"turns":6},{"damage":13,"enemies":"3 Byrds","floor":21,"turns":3},{"damage":0,"enemies":"Sentry and Sphere","floor":24,"turns":1}],"seed_played":"8714850558603493155","potions_obtained":[{"floor":5,"key":"DuplicationPotion"},{"floor":6,"key":"LiquidMemories"},{"floor":11,"key":"Energy Potion"}],"is_trial":false,"path_per_floor":["M","?","?","?","M","E","R","M","T","R","M","M","E","M","R","B",null,"M","?","$","M","?","R","M"],"character_chosen":"DEFECT","items_purchased":[],"campfire_rested":2,"item_purchase_floors":[],"current_hp_per_floor":[75,64,64,64,64,64,64,63,63,63,57,30,26,26,49,9,79,58,42,42,29,29,52,52,52],"gold":325,"neow_bonus":"THREE_ENEMY_KILL","is_daily":false,"chose_seed":false,"campfire_upgraded":2,"win_rate":0.0,"timestamp":1609837321,"path_taken":["M","?","?","?","M","E","R","M","T","R","M","M","E","M","R","BOSS","M","?","$","M","?","R","M"],"items_purchased_type":[],"build_version":"2020-12-22","purchased_purges":1,"victory":false,"max_hp_per_floor":[75,75,69,69,69,69,69,69,69,69,69,69,79,79,79,79,79,79,79,79,79,79,79,79,79],"card_choices":[{"not_picked":["Sweeping Beam","Turbo","Coolheaded"],"picked":"SKIP","floor":1},{"not_picked":["Barrage","Go for the Eyes","Hello World"],"picked":"SKIP","floor":5},{"not_picked":["Turbo","Double Energy","Steam"],"picked":"SKIP","floor":6},{"not_picked":["Barrage","Compile Driver"],"picked":"Reinforced Body","floor":8},{"not_picked":["Tempest","Melter","Steam Power"],"picked":"SKIP","floor":11},{"not_picked":["Hologram","Recycle"],"picked":"Leap","floor":12},{"not_picked":["Go for the Eyes","Cold Snap"],"picked":"Leap","floor":13},{"not_picked":["Stack","Melter"],"picked":"Capacitor+1","floor":14},{"not_picked":["Rip and Tear+1","Turbo","Gash+1"],"picked":"SKIP","floor":18},{"not_picked":["Capacitor+1","Blizzard+1","Sweeping Beam"],"picked":"SKIP","floor":21}],"player_experience":155942,"relics_obtained":[{"floor":6,"key":"Ancient Tea Set"},{"floor":9,"key":"Frozen Egg 2"},{"floor":13,"key":"Pear"},{"floor":19,"key":"Necronomicon"}],"event_choices":[{"damage_healed":0,"gold_gain":75,"player_choice":"Gather Gold","damage_taken":11,"max_hp_gain":0,"max_hp_loss":0,"event_name":"World of Goop","floor":2,"gold_loss":0},{"damage_healed":0,"gold_gain":0,"player_choice":"Lose Max HP","damage_taken":0,"relics_obtained":["Golden Idol"],"max_hp_gain":0,"max_hp_loss":6,"event_name":"Golden Idol","floor":3,"gold_loss":0},{"damage_healed":0,"gold_gain":0,"player_choice":"Paid Gold","damage_taken":0,"relics_obtained":["Bronze Scales"],"max_hp_gain":0,"max_hp_loss":0,"event_name":"WeMeetAgain","floor":4,"gold_loss":125},{"damage_healed":0,"gold_gain":0,"player_choice":"Obtained Book","damage_taken":16,"max_hp_gain":0,"max_hp_loss":0,"event_name":"Cursed Tome","floor":19,"gold_loss":0},{"damage_healed":0,"gold_gain":0,"player_choice":"Inject Mutagens","damage_taken":0,"relics_obtained":["MutagenicStrength"],"max_hp_gain":0,"max_hp_loss":0,"event_name":"Drug Dealer","floor":22,"gold_loss":0}],"is_beta":false,"boss_relics":[{"not_picked":["Pandora\u0027s Box","Snecko Eye","FrozenCore"]}],"items_purged_floors":[20],"is_endless":false,"potions_floor_spawned":[5,6,11,13,14],"killed_by":"Sentry and Sphere","ascension_level":4}}