{"host":"jkgg7n5hn1slsm35","time":1609835975,"event":{"mods":["Aspiration","BaseMod","BetterRewards","Conspire","Googly Eyes","Gremlin Skip","Halation","Highlight Path","Hubris","Infinite Spire","Minty Spire (QoL Compilation)","Permanent Neow","StSLib","SuperFastMode","vexMod"],"gold_per_floor":[116,128,140,154,167,167,192,0,0,10,10,39,54,65,65,163,163,181,181,106,119,144,144,177,188,188,188,188],"floor_reached":27,"playtime":990,"items_purged":["Crippling Poison"],"score":267,"play_id":"c0a40493-5492-4f42-aa8c-b6aeb72e4486","local_time":"20210105093935","daily_mods":["SealedDeck","Heirloom","Time Dilation","DeadlyEvents","Elite Swarm","Lethality"],"is_ascension_mode":false,"campfire_choices":[{"data":"Footwork","floor":6,"key":"SMITH"},{"data":"Noxious Fumes","floor":11,"key":"SMITH"},{"data":"Noxious Fumes","floor":15,"key":"SMITH"},{"floor":23,"key":"REST"}],"circlet_count":0,"master_deck":["Crippling Poison","Dagger Spray+1","Dagger Spray","Dagger Spray","Catalyst","Dodge and Roll","Masterful Stab","Noxious Fumes+1","Poisoned Stab","Footwork+1","Poisoned Stab+1","Caltrops","Noxious Fumes+1","Bane","Dash","Bane","Blur","Envenom","Poisoned Stab+1","Blur","After Image","Deflect"],"relics":["Ring of the Snake","hubris:Spice","Whetstone","hubris:CrystalStatue","halation:BottledLove","vexMod:FocusSash","Darkstone Periapt","Snake Skull"],"acts_visited":["Exordium","TheCity"],"potions_floor_usage":[24,27,27],"damage_taken":[{"damage":0,"enemies":"Cultist","floor":1,"turns":1},{"damage":0,"enemies":"Jaw Worm","floor":2,"turns":1},{"damage":0,"enemies":"Small Slimes","floor":3,"turns":1},{"damage":0,"enemies":"2 Fungi Beasts","floor":4,"turns":1},{"damage":8,"enemies":"Red Slaver","floor":5,"turns":2},{"damage":8,"enemies":"Gremlin Nob","floor":7,"turns":3},{"damage":0,"enemies":"3 Louse","floor":10,"turns":1},{"damage":5,"enemies":"3 Sentries","floor":12,"turns":3},{"damage":0,"enemies":"Large Slime","floor":13,"turns":2},{"damage":0,"enemies":"Looter","floor":14,"turns":1},{"damage":40,"enemies":"Hexaghost","floor":16,"turns":5},{"damage":4,"enemies":"Spheric Guardian","floor":18,"turns":4},{"damage":0,"enemies":"Chosen","floor":21,"turns":4},{"damage":34,"enemies":"Gremlin Leader","floor":22,"turns":4},{"damage":43,"enemies":"Nightmare","floor":24,"turns":6},{"damage":14,"enemies":"Sentry and Sphere","floor":25,"turns":5},{"damage":14,"enemies":"Book of Stabbing","floor":27,"turns":2}],"seed_played":"-6955156567538753584","potions_obtained":[{"floor":2,"key":"Swift Potion"},{"floor":4,"key":"DistilledChaos"},{"floor":10,"key":"Energy Potion"},{"floor":14,"key":"CultistPotion"}],"is_trial":true,"path_per_floor":["M","M","M","M","M","R","E","$","T","M","R","E","M","M","R","B",null,"M","?","$","M","E","R","NM","M","T","E"],"character_chosen":"THE_SILENT","items_purchased":["Noxious Fumes","Bane","After Image"],"campfire_rested":1,"item_purchase_floors":[8,8,20],"current_hp_per_floor":[78,78,78,78,70,70,62,62,62,62,62,57,57,57,57,17,78,74,74,74,74,40,63,20,6,6,0,0],"gold":188,"neow_bonus":"","is_daily":false,"chose_seed":false,"campfire_upgraded":3,"win_rate":0.0,"timestamp":1609835975,"path_taken":["M","?","M","M","M","R","E","$","T","M","R","E","M","?","R","BOSS","M","?","$","M","?","R","NM","M","T","E"],"items_purchased_type":["Card","Card","Card"],"build_version":"2020-12-22","purchased_purges":1,"victory":false,"max_hp_per_floor":[78,78,78,78,78,78,78,78,78,78,78,78,78,78,78,78,78,78,78,78,78,78,78,78,78,78,78,78],"card_choices":[{"not_picked":["Slice","Prepared","Flying Knee"],"picked":"SKIP","floor":1},{"not_picked":["Quick Slash","Dash"],"picked":"Footwork","floor":2},{"not_picked":["conspire:DoublingDagger","Flying Knee"],"picked":"Poisoned Stab","floor":3},{"not_picked":["Cloak And Dagger","Dash"],"picked":"Caltrops","floor":4},{"not_picked":["Deadly Poison","Endless Agony","Slice"],"picked":"SKIP","floor":5},{"not_picked":["Bullet Time","Night Terror","Wraith Form v2"],"picked":"SKIP","floor":7},{"not_picked":["Flying Knee","Slice"],"picked":"Dash","floor":10},{"not_picked":["Die Die Die","A Thousand Cuts","Wraith Form v2"],"picked":"SKIP","floor":12},{"not_picked":["hubris:SlightOfHand","Finisher"],"picked":"Bane","floor":13},{"not_picked":["Blade Dance","Finisher"],"picked":"Blur","floor":14},{"not_picked":["Storm of Steel","Venomology"],"picked":"Envenom","floor":16},{"not_picked":["Outmaneuver+1","Terror"],"picked":"Poisoned Stab+1","floor":18},{"not_picked":["Setup","Deadly Poison"],"picked":"Deflect","floor":21},{"not_picked":["Die Die Die","Unload","aspiration:Lunge"],"picked":"SKIP","floor":22},{"not_picked":["Die Die Die","Wraith Form v2","A Thousand Cuts"],"picked":"SKIP","floor":24},{"not_picked":["Reflex","Skewer","Cloak And Dagger"],"picked":"SKIP","floor":25}],"player_experience":1818114,"relics_obtained":[{"floor":7,"key":"Whetstone"},{"floor":9,"key":"hubris:CrystalStatue"},{"floor":12,"key":"halation:BottledLove"},{"floor":22,"key":"vexMod:FocusSash"},{"floor":24,"key":"Darkstone Periapt"},{"floor":26,"key":"Snake Skull"}],"event_choices":[{"damage_healed":0,"gold_gain":0,"player_choice":"Copied","damage_taken":0,"max_hp_gain":0,"max_hp_loss":0,"event_name":"Duplicator","floor":19,"gold_loss":0,"cards_obtained":["Blur"]}],"is_beta":false,"boss_relics":[{"not_picked":["Calling Bell","hubris:BlackHole","vexMod:CursedCompass"]}],"items_purged_floors":[8],"is_endless":true,"potions_floor_spawned":[2,4,10,14,21],"killed_by":"Book of Stabbing","ascension_level":0}}