{"host":"cr892wvdvh6p7gzy","time":1609811535,"event":{"mods":["A Magickal Journey","BaseMod","BetterRewards","Downfall","GifTheSpireLib","Hubris","Infinite Spire","Minty Spire (QoL Compilation)","READ ME - Guardian Mod","Replay The Spire","SOS???????","StSLib","The Bug Knight","The Dragon Tamer","The Necromancer","???Mod??????Boss"],"gold_per_floor":[114,114,114,114,128,128,146,146,146,146,146,156,167,182,182,278,278,295,314,330,330,330],"floor_reached":21,"playtime":1429,"items_purged":[],"score":199,"play_id":"c4880a7d-ecb6-4961-9954-7ee72d69c191","local_time":"20210105025215","is_ascension_mode":true,"campfire_choices":[{"data":"Phantasmal Killer","floor":6,"key":"SMITH"},{"data":"Cloak And Dagger","floor":10,"key":"SMITH"},{"floor":15,"key":"REST"}],"circlet_count":0,"master_deck":["Strike_G+1","Strike_G","Strike_G","Strike_G","Strike_G","Defend_G","Defend_G","Defend_G","Defend_G","Defend_G","Survivor+1","Neutralize","Strike_P","Strike_W","Phantasmal Killer+1","Cloak And Dagger+1","PiercingWail","Corpse Explosion","hubris:Lust","sneckomod:Unknown","Glass Knife"],"relics":["Ring of the Snake","Snake Skull","hubris:Towel","hubris:Icosahedron","infinitespire:EmpoweringShard","ReplayTheSpireMod:SealedPack"],"acts_visited":["Exordium","TheCity"],"potions_floor_usage":[16,16,20],"damage_taken":[{"damage":2,"enemies":"Jaw Worm","floor":1,"turns":4},{"damage":0,"enemies":"Small Slimes","floor":5,"turns":4},{"damage":0,"enemies":"Cultist","floor":7,"turns":3},{"damage":0,"enemies":"Large Slime","floor":12,"turns":4},{"damage":22,"enemies":"Gremlin Gang","floor":13,"turns":5},{"damage":0,"enemies":"Blue Slaver","floor":14,"turns":2},{"damage":10,"enemies":"The Guardian","floor":16,"turns":10},{"damage":0,"enemies":"Shell Parasite","floor":18,"turns":1},{"damage":55,"enemies":"Spheric Guardian","floor":19,"turns":6},{"damage":2,"enemies":"Cultist and Chosen","floor":20,"turns":4},{"damage":0,"enemies":"Sentry and Sphere","floor":21,"turns":1}],"seed_played":"-8657523057136922207","potions_obtained":[{"floor":1,"key":"Weak Potion"},{"floor":12,"key":"FairyPotion"},{"floor":13,"key":"SkillPotion"},{"floor":18,"key":"hexamod:EctoCoolerPotion"},{"floor":20,"key":"Weak Potion"}],"is_trial":false,"path_per_floor":["M","?","?","?","M","R","M","?","T","R","?","M","M","M","R","B",null,"M","M","M","M"],"character_chosen":"THE_SILENT","items_purchased":[],"campfire_rested":1,"item_purchase_floors":[],"current_hp_per_floor":[68,56,56,56,56,56,56,56,56,56,56,56,34,34,55,45,70,70,15,13,13,13],"gold":330,"neow_bonus":"THREE_RARE_CARDS","is_daily":false,"chose_seed":false,"campfire_upgraded":2,"win_rate":0.0,"timestamp":1609811535,"path_taken":["M","?","?","?","M","R","M","?","T","R","?","M","M","M","R","BOSS","M","?","M","M"],"items_purchased_type":[],"build_version":"2020-12-22","purchased_purges":0,"victory":false,"max_hp_per_floor":[70,70,70,70,70,70,70,70,70,70,70,70,70,70,70,70,70,70,70,70,70,70],"card_choices":[{"not_picked":["Night Terror","Venomology"],"picked":"Phantasmal Killer","floor":0},{"not_picked":["Underhanded Strike","Slice"],"picked":"Cloak And Dagger","floor":1},{"not_picked":["Underhanded Strike","Heel Hook"],"picked":"PiercingWail","floor":5},{"not_picked":["Outmaneuver","Quick Slash","Draining Mist"],"picked":"SKIP","floor":7},{"not_picked":["Acrobatics","Toxin Wave","Backstab"],"picked":"SKIP","floor":12},{"not_picked":["Deflect","Tools of the Trade","Deadly Poison"],"picked":"SKIP","floor":13},{"not_picked":["Catalyst","PiercingWail","Dagger Throw"],"picked":"SKIP","floor":14},{"not_picked":["Storm of Steel","Night Terror"],"picked":"Corpse Explosion","floor":16},{"not_picked":["Bone_Wall","Slimebound:Tackle"],"picked":"sneckomod:Unknown","floor":17},{"not_picked":["Corpse Explosion","Poison Darts"],"picked":"Glass Knife","floor":17},{"not_picked":["infinitespire:Menacing","hubris:Fate"],"picked":"infinitespire:SealOfDarkness+","floor":17},{"not_picked":["Slice","Prepared","Fluid Movement"],"picked":"SKIP","floor":18},{"not_picked":["ReplayTheSpireMod:Necrosis","Poisoned Stab","Deadly Poison"],"picked":"SKIP","floor":19},{"not_picked":["Blur","Terror","Reflex"],"picked":"SKIP","floor":20}],"player_experience":458373,"relics_obtained":[{"floor":9,"key":"infinitespire:EmpoweringShard"}],"event_choices":[{"damage_healed":0,"gold_gain":0,"player_choice":"Success","damage_taken":12,"relics_obtained":["Snake Skull"],"max_hp_gain":0,"max_hp_loss":0,"event_name":"Scrap Ooze","floor":2,"gold_loss":0},{"damage_healed":0,"gold_gain":0,"player_choice":"Upgraded","damage_taken":0,"max_hp_gain":0,"max_hp_loss":0,"event_name":"Upgrade Shrine","floor":11,"gold_loss":0,"cards_upgraded":["Survivor"]}],"is_beta":false,"boss_relics":[{"not_picked":["hubris:GrandSneckoEye","Calling Bell"],"picked":"ReplayTheSpireMod:SealedPack"}],"items_purged_floors":[],"is_endless":false,"potions_floor_spawned":[1,12,13,18,19,20],"killed_by":"Sentry and Sphere","ascension_level":3}}