{"host":"g5zc4ej6zn2at89o","time":1609813046,"event":{"mods":["2.2 Compatiblity","AchievementEnabler","BaseMod","Colored Map","DeckTracker","Highlight Path","KOR Keyword Fix","Keyboard Shortcuts","Minty Spire (QoL Compilation)","Permanent Neow","Quick Restart","Say the Spire","StSLib","SuperFastMode","everything is the same but u backflip on backflip"],"gold_per_floor":[113,1,176,195,213,213,239,252,252,327,341,359,14,14,14,114,114,127,52,15,15,15,15,45,45,72,72,107,107,18,34,34,139,139,149,165,165,165,165,165],"floor_reached":39,"playtime":2013,"items_purged":["Strike_R","Doubt"],"score":436,"play_id":"074faf94-09d6-4853-b34a-318cca017850","local_time":"20210105111726","is_ascension_mode":true,"campfire_choices":[{"data":"Offering","floor":6.0,"key":"SMITH"},{"floor":15.0,"key":"REST"},{"data":"Uppercut","floor":23.0,"key":"SMITH"},{"floor":27.0,"key":"REST"},{"floor":29.0,"key":"REST"},{"floor":32.0,"key":"REST"}],"circlet_count":0,"master_deck":["Strike_R","Strike_R","Defend_R","Defend_R","Bash","Offering+1","Inflame","Reckless Charge","Seeing Red","Shrug It Off","Fire Breathing","Uppercut+1","Shrug It Off","Berserk+1","Spot Weakness+1","Searing Blow+1","Rampage+1","Pommel Strike+1","RitualDagger","Corruption+1","J.A.X.","Evolve+1","Madness","Entrench","Barricade+1","Bloodletting+1","Heavy Blade+1","Enlightenment","Sadistic Nature+1"],"relics":["Burning Blood","Kunai","Question Card","Frozen Egg 2","Juzu Bracelet","Astrolabe","Happy Flower","Bronze Scales","Mummified Hand","Black Star"],"acts_visited":["Exordium","TheCity","TheBeyond"],"potions_floor_usage":[],"damage_taken":[{"damage":12.0,"enemies":"Jaw Worm","floor":1.0,"turns":6.0},{"damage":7.0,"enemies":"2 Louse","floor":4.0,"turns":2.0},{"damage":7.0,"enemies":"Small Slimes","floor":5.0,"turns":4.0},{"damage":30.0,"enemies":"Gremlin Nob","floor":7.0,"turns":4.0},{"damage":11.0,"enemies":"Exordium Wildlife","floor":8.0,"turns":6.0},{"damage":0.0,"enemies":"Large Slime","floor":11.0,"turns":5.0},{"damage":6.0,"enemies":"Red Slaver","floor":12.0,"turns":2.0},{"damage":18.0,"enemies":"Hexaghost","floor":16.0,"turns":10.0},{"damage":10.0,"enemies":"3 Byrds","floor":18.0,"turns":5.0},{"damage":48.0,"enemies":"Slavers","floor":24.0,"turns":7.0},{"damage":28.0,"enemies":"Gremlin Leader","floor":28.0,"turns":4.0},{"damage":19.0,"enemies":"Chosen","floor":31.0,"turns":2.0},{"damage":18.0,"enemies":"Collector","floor":33.0,"turns":7.0},{"damage":11.0,"enemies":"3 Shapes","floor":35.0,"turns":3.0},{"damage":29.0,"enemies":"Orb Walker","floor":36.0,"turns":3.0},{"damage":39,"enemies":"3 Darklings","floor":39,"turns":4}],"seed_played":"-4859188155352848243","potions_obtained":[{"floor":7.0,"key":"SpeedPotion"},{"floor":8.0,"key":"DuplicationPotion"},{"floor":16.0,"key":"Dexterity Potion"},{"floor":24.0,"key":"SneckoOil"},{"floor":28.0,"key":"Fire Potion"},{"floor":36.0,"key":"ColorlessPotion"}],"is_trial":false,"path_per_floor":["M","$","?","M","M","R","E","M","T","?","M","M","$","?","R","B",null,"M","?","$","?","?","R","E","?","T","R","E","R","$","M","R","B",null,"M","M","?","?","M"],"character_chosen":"IRONCLAD","items_purchased":["Inflame","Frozen Egg 2","Inflame+1","Madness"],"campfire_rested":4,"item_purchase_floors":[2,13,20,30],"current_hp_per_floor":[66,66,66,65,64,64,40,35,35,24,30,30,30,12,33,21,72,68,68,68,62,49,49,7,7,7,30,8,31,31,18,41,29,77,72,49,49,44,5,5],"gold":165,"neow_bonus":"THREE_RARE_CARDS","is_daily":false,"chose_seed":false,"campfire_upgraded":2,"win_rate":0.0,"timestamp":1609813046,"path_taken":["M","$","?","M","M","R","E","M","T","?","M","M","$","?","R","BOSS","M","?","$","?","?","R","E","?","T","R","E","R","$","M","R","BOSS","M","M","?","?","M"],"items_purchased_type":["Card","Relic","Card","Card"],"build_version":"2020-12-22","purchased_purges":2,"victory":false,"max_hp_per_floor":[72,72,72,72,72,72,72,72,72,72,72,72,72,72,72,72,72,72,72,72,72,77,77,77,77,77,77,77,77,77,77,77,77,77,77,77,77,77,77,77],"card_choices":[{"not_picked":["Fiend Fire","Limit Break"],"picked":"Offering","floor":0.0},{"not_picked":["Havoc","Body Slam","True Grit"],"picked":"SKIP","floor":1.0},{"not_picked":["Metallicize","Rupture"],"picked":"Reckless Charge","floor":4.0},{"not_picked":["Headbutt","Intimidate"],"picked":"Seeing Red","floor":5.0},{"not_picked":["Warcry","Brutality"],"picked":"Shrug It Off","floor":7.0},{"not_picked":["Disarm","Body Slam"],"picked":"Fire Breathing","floor":8.0},{"not_picked":["Sever Soul","Warcry","Wild Strike"],"picked":"Uppercut","floor":11.0},{"not_picked":["Cleave","Sentinel","Twin Strike"],"picked":"Shrug It Off","floor":12.0},{"not_picked":["Juggernaut+1","Fiend Fire","Impervious"],"picked":"Berserk+1","floor":16.0},{"not_picked":["Armaments","Carnage","Perfected Strike"],"picked":"Pommel Strike+1","floor":18.0},{"not_picked":["Anger","Heavy Blade","Headbutt"],"picked":"Corruption+1","floor":24.0},{"not_picked":["Second Wind+1","Sword Boomerang+1","Havoc"],"picked":"Evolve+1","floor":28.0},{"not_picked":["Inflame+1","Perfected Strike","Twin Strike"],"picked":"Entrench","floor":31.0},{"not_picked":["Feed","Bludgeon","Offering"],"picked":"Barricade+1","floor":33.0},{"not_picked":["Dropkick+1","Cleave","Disarm+1"],"picked":"Bloodletting+1","floor":35.0},{"not_picked":["Pommel Strike","Dual Wield","Headbutt+1"],"picked":"Heavy Blade+1","floor":36.0},{"not_picked":["Panacea","Madness","Dark Shackles"],"picked":"Enlightenment","floor":38},{"not_picked":["Blind","Jack Of All Trades","Finesse"],"picked":"Sadistic Nature+1","floor":38}],"player_experience":104343,"relics_obtained":[{"floor":7.0,"key":"Kunai"},{"floor":9.0,"key":"Question Card"},{"floor":24.0,"key":"Happy Flower"},{"floor":26.0,"key":"Bronze Scales"},{"floor":28.0,"key":"Mummified Hand"}],"event_choices":[{"damage_healed":0.0,"max_hp_gain":0.0,"max_hp_loss":0.0,"gold_gain":175.0,"event_name":"Liars Game","player_choice":"AGREE","floor":3.0,"gold_loss":0.0,"damage_taken":0.0,"cards_obtained":["Doubt"]},{"damage_healed":0.0,"max_hp_gain":0.0,"max_hp_loss":0.0,"gold_gain":75.0,"event_name":"World of Goop","player_choice":"Gather Gold","floor":10.0,"gold_loss":0.0,"damage_taken":11.0},{"damage_healed":0.0,"max_hp_gain":0.0,"max_hp_loss":0.0,"gold_gain":0.0,"event_name":"Scrap Ooze","player_choice":"Success","floor":14.0,"gold_loss":0.0,"damage_taken":18.0,"relics_obtained":["Juzu Bracelet"]},{"cards_removed":["Strike_R"],"damage_healed":0.0,"max_hp_gain":0.0,"max_hp_loss":0.0,"gold_gain":0.0,"event_name":"Beggar","player_choice":"Gave Gold","floor":19.0,"gold_loss":75.0,"damage_taken":0.0},{"damage_healed":0.0,"max_hp_gain":0.0,"max_hp_loss":0.0,"gold_gain":0.0,"event_name":"Nest","player_choice":"Joined the Cult","floor":21.0,"gold_loss":0.0,"damage_taken":6.0,"cards_obtained":["RitualDagger"]},{"damage_healed":0.0,"max_hp_gain":5.0,"max_hp_loss":0.0,"gold_gain":0.0,"event_name":"Forgotten Altar","player_choice":"Shed Blood","floor":22.0,"gold_loss":0.0,"damage_taken":18.0},{"damage_healed":0.0,"max_hp_gain":0.0,"max_hp_loss":0.0,"gold_gain":0.0,"event_name":"Drug Dealer","player_choice":"Obtain J.A.X.","floor":25.0,"gold_loss":0.0,"damage_taken":0.0,"cards_obtained":["J.A.X."]},{"cards_removed":["Inflame"],"damage_healed":0.0,"max_hp_gain":0.0,"max_hp_loss":0.0,"gold_gain":0.0,"event_name":"Falling","player_choice":"Removed Power","floor":37.0,"gold_loss":0.0,"damage_taken":0.0},{"damage_healed":0,"gold_gain":0,"player_choice":"Memory 2","damage_taken":5,"max_hp_gain":0,"max_hp_loss":0,"event_name":"SensoryStone","floor":38,"gold_loss":0}],"is_beta":false,"boss_relics":[{"not_picked":["SlaversCollar","Sozu"],"picked":"Astrolabe"},{"not_picked":["SacredBark","Fusion Hammer"],"picked":"Black Star"}],"items_purged_floors":[2,13],"is_endless":false,"potions_floor_spawned":[7,8,16,24,28,36],"killed_by":"3 Darklings","ascension_level":1}}