{"host":"a0paspe0zwqgzttz","time":1609873699,"event":{"mods":["AchievementEnabler","Act Like it!","BaseMod","BetterRewards","Colored Powertips","Conspire","Downfall","GifTheSpireLib","Hermit","Highlight Path","Lobotomy","Marisa????????","Minty Spire (QoL Compilation)","Quick Restart","Replay The Spire","Robot Space Explorer","Shop Mod","StSLib","SuperFastMode","The Bug Knight","The Construct","The Cursed","The Hierophant","The Jungle","The Mystic","The Necromancer","The Runesmith","The Senshi","The Servant 0.9.4"],"gold_per_floor":[119,119,130,146,146,146,180,197,197,126,401,14,14,28,28,132,132,144,172,201,201,201],"floor_reached":21,"playtime":1152,"items_purged":[],"score":177,"play_id":"e57f417c-a89b-47d2-bf92-40820f5359f9","local_time":"20210105140819","is_ascension_mode":false,"campfire_choices":[{"data":"hermit:NoHoldsBarred","floor":6,"key":"SMITH"},{"data":"hermit:FlashPowder","floor":13,"key":"SMITH"},{"data":"hermit:HighCaliber","floor":15,"key":"SMITH"}],"circlet_count":0,"master_deck":["hermit:Strike_Hermit","hermit:Strike_Hermit+1","hermit:Strike_Hermit","hermit:Strike_Hermit","hermit:Defend_Hermit","hermit:Defend_Hermit","hermit:Defend_Hermit","hermit:Defend_Hermit","hermit:Snapshot+1","hermit:Covet","hermit:EyeOfTheStorm+1","hermit:Misfire","hermit:NoHoldsBarred+1","hermit:Maintenance+1","hermit:HighCaliber+1","hermit:Horror","Regret","hermit:FlashPowder+1","hermit:Vantage","hermit:FinalCanter","Hallucinations","hermit:ImpendingDoom","Clumsy","hermit:Spite","hermit:PistolWhip+1","hermit:Vantage"],"relics":["hermit:Momento","hermit:RyeStalk","conspire:GlowingRock","Runesmith:Nanobots","Mercury Hourglass","Guide Book","Boot","Replay:Ancient Bell","Pen Nib","conspire:BottledYoYo","conspire:InfiniteJournal","Red Mask","Replay:Bottled Flurry"],"acts_visited":["Exordium","TheCity"],"potions_floor_usage":[7,7,19],"damage_taken":[{"damage":1,"enemies":"2 Louse","floor":1,"turns":4},{"damage":1,"enemies":"Jaw Worm","floor":3,"turns":3},{"damage":0,"enemies":"Cultist","floor":4,"turns":2},{"damage":1,"enemies":"Gremlin Nob","floor":7,"turns":3},{"damage":0,"enemies":"Large Slime","floor":8,"turns":3},{"damage":3,"enemies":"Looter","floor":14,"turns":2},{"damage":4,"enemies":"Fading Forest","floor":16,"turns":11},{"damage":23,"enemies":"2 Thieves","floor":18,"turns":2},{"damage":1,"enemies":"Masked Bandits","floor":19,"turns":3},{"damage":43,"enemies":"conspire:MimicChest","floor":20,"turns":6},{"damage":12,"enemies":"3 Cultists","floor":21,"turns":2}],"seed_played":"3390655340241565445","potions_obtained":[{"floor":1,"key":"DistilledChaos"},{"floor":3,"key":"EssenceOfSteel"},{"floor":16,"key":"ColorlessPotion"}],"is_trial":false,"path_per_floor":["M","?","M","M","?","R","E","M","T","$","?","$","R","M","R","B",null,"M","?","?","M"],"character_chosen":"HERMIT","items_purchased":["hermit:Horror","Guide Book","Boot","hermit:FlashPowder"],"campfire_rested":0,"item_purchase_floors":[10,12,12,12],"current_hp_per_floor":[74,71,70,70,55,55,54,54,54,54,54,54,54,51,51,47,75,52,51,8,0,0],"gold":201,"neow_bonus":"RANDOM_COMMON_RELIC","is_daily":false,"chose_seed":false,"campfire_upgraded":3,"win_rate":0.0,"timestamp":1609873699,"path_taken":["M","?","M","M","?","R","E","?","T","$","?","?","R","M","R","BOSS","M","?","?","?"],"items_purchased_type":["Card","Relic","Relic","Card"],"build_version":"2020-12-22","purchased_purges":0,"victory":false,"max_hp_per_floor":[75,75,75,75,75,75,75,75,75,75,75,75,75,75,75,75,75,75,75,75,75,75],"card_choices":[{"not_picked":["hermit:Grudge","hermit:Dive"],"picked":"hermit:EyeOfTheStorm","floor":1},{"not_picked":["hermit:Roulette","hermit:FullyLoaded"],"picked":"hermit:Misfire","floor":3},{"not_picked":["hermit:WideOpen","hermit:PistolWhip"],"picked":"hermit:NoHoldsBarred","floor":4},{"not_picked":["hermit:ShadowCloak","hermit:WideOpen"],"picked":"hermit:Maintenance","floor":7},{"not_picked":["hermit:Coalescence","hermit:Dive"],"picked":"hermit:HighCaliber","floor":8},{"not_picked":["hermit:Ricochet","hermit:Desperado"],"picked":"hermit:Vantage","floor":14},{"not_picked":["hermit:Gambit","hermit:OverwhelmingPower"],"picked":"hermit:FinalCanter","floor":16},{"not_picked":["Shame","Replay:UnknownCurse"],"picked":"Hallucinations","floor":17},{"not_picked":["Parasite","conspire:Blindness"],"picked":"hermit:ImpendingDoom","floor":17},{"not_picked":["ReplayTheSpireMod:Faulty Equipment","sneckomod:Bewildered"],"picked":"Clumsy","floor":17},{"not_picked":["hermit:Deadeye","hermit:Maintenance"],"picked":"hermit:Spite","floor":18},{"not_picked":["hermit:Misfire","hermit:Dive"],"picked":"hermit:PistolWhip+1","floor":19},{"not_picked":["hermit:LuckOfTheDraw","hermit:SprayPray"],"picked":"hermit:Vantage","floor":20}],"player_experience":388298,"relics_obtained":[{"floor":7,"key":"Runesmith:Nanobots"},{"floor":9,"key":"Mercury Hourglass"},{"floor":19,"key":"Red Mask"},{"floor":20,"key":"Replay:Bottled Flurry"}],"event_choices":[{"damage_healed":0,"gold_gain":0,"player_choice":"Success","damage_taken":3,"relics_obtained":["conspire:GlowingRock"],"max_hp_gain":0,"max_hp_loss":0,"event_name":"Scrap Ooze","floor":2,"gold_loss":0},{"damage_healed":0,"gold_gain":0,"player_choice":"Entered Light","damage_taken":15,"max_hp_gain":0,"max_hp_loss":0,"event_name":"Shining Light","floor":5,"gold_loss":0,"cards_upgraded":["hermit:Snapshot","hermit:Strike_Hermit"]},{"damage_healed":0,"gold_gain":275,"player_choice":"Desecrate","damage_taken":0,"max_hp_gain":0,"max_hp_loss":0,"event_name":"Golden Shrine","floor":11,"gold_loss":0,"cards_obtained":["Regret"]},{"damage_healed":0,"gold_gain":0,"player_choice":"Fought Bandits","damage_taken":0,"max_hp_gain":0,"max_hp_loss":0,"event_name":"Masked Bandits","floor":19,"gold_loss":0}],"is_beta":false,"boss_relics":[{"not_picked":["Philosopher\u0027s Stone","Honey Jar"],"picked":"Replay:Ancient Bell"},{"not_picked":["Blood Vial","Lantern"],"picked":"Pen Nib"},{"not_picked":["Onion Ring","Ornamental Fan"],"picked":"conspire:BottledYoYo"},{"not_picked":["conspire:GiftBox","Replay:Towering Pillar of Hats"],"picked":"conspire:InfiniteJournal"}],"items_purged_floors":[],"is_endless":false,"potions_floor_spawned":[1,3,16],"killed_by":"3 Cultists","ascension_level":0}}