{"host":"ig7tc0uedzltt2sr","time":1609832765,"event":{"mods":["BaseMod","Better Twitch Integration","Block Reminder","Colored Map","Colored Powertips","Communication Mod","Current Relic Mod","GifTheSpireLib","HexUI Lib","Minty Spire (QoL Compilation)","Quick Restart","Random Character Button","Rare Cards Sparkle","Relic Sorter","Relic Stats","Slay the Relics Exporter","StSLib","SuperFastMode","Synergy Search","Twitch Decklist","Twitch Utils","everything is the same but u backflip on backflip","slay the spire mod where everything is the same but ironclad has a cowboy hat"],"gold_per_floor":[409,427,437,449,459,459,459],"floor_reached":6,"playtime":71,"items_purged":[],"score":40,"play_id":"cd48ff41-5b27-49d3-be7a-d407827c51dc","local_time":"20210104234605","is_ascension_mode":false,"campfire_choices":[],"circlet_count":0,"master_deck":["Strike_R","Strike_R","Strike_R","Strike_R","Strike_R","Defend_R","Defend_R","Defend_R","Defend_R","Bash","Anger","Wild Strike","Offering","Inflame","Fire Breathing"],"relics":["Burning Blood","Old Coin"],"acts_visited":["Exordium"],"potions_floor_usage":[],"damage_taken":[{"damage":23,"enemies":"2 Louse","floor":1,"turns":8},{"damage":6,"enemies":"Small Slimes","floor":2,"turns":5},{"damage":6,"enemies":"Cultist","floor":3,"turns":5},{"damage":5,"enemies":"Looter","floor":4,"turns":3},{"damage":26,"enemies":"Lots of Slimes","floor":5,"turns":5},{"damage":23,"enemies":"3 Sentries","floor":6,"turns":3}],"seed_played":"7967809294898890569","potions_obtained":[{"floor":4,"key":"Weak Potion"},{"floor":5,"key":"SkillPotion"}],"is_trial":false,"path_per_floor":["M","M","M","M","M","E"],"character_chosen":"IRONCLAD","items_purchased":[],"campfire_rested":0,"item_purchase_floors":[],"current_hp_per_floor":[39,39,39,40,20,0,0],"gold":459,"neow_bonus":"ONE_RARE_RELIC","is_daily":false,"chose_seed":false,"campfire_upgraded":0,"win_rate":0.0,"timestamp":1609832765,"path_taken":["M","M","M","M","M","E"],"items_purchased_type":[],"build_version":"2020-12-22","purchased_purges":0,"victory":false,"max_hp_per_floor":[80,80,80,80,80,80,80],"relic_stats":{"counters":[6,29],"obtain_stats":[{"Burning Blood":0,"Old Coin":0},{"Burning Blood":0,"Old Coin":0},{"Burning Blood":0,"Old Coin":0}],"Burning Blood":30},"card_choices":[{"not_picked":["Headbutt","Armaments"],"picked":"Anger","floor":1},{"not_picked":["Warcry","Twin Strike"],"picked":"Wild Strike","floor":2},{"not_picked":["Iron Wave","Warcry"],"picked":"Offering","floor":3},{"not_picked":["Thunderclap","Evolve"],"picked":"Inflame","floor":4},{"not_picked":["Clothesline","Headbutt"],"picked":"Fire Breathing","floor":5}],"player_experience":1432119,"relics_obtained":[],"event_choices":[],"is_beta":false,"boss_relics":[],"items_purged_floors":[],"is_endless":false,"potions_floor_spawned":[4,5],"killed_by":"3 Sentries","ascension_level":0}}