{"host":"y9cfhv0nasly8qeh","time":1609839530,"event":{"mods":["BaseMod","Minty Spire (QoL Compilation)","Relic Stats","StSLib","[IsaacMod]ÒÔÈö¼âËþ"],"gold_per_floor":[115,115,115,127,2285,2321,2321,1681,1707,1744,1744,1754,1172,1207,1207,1319,1319,1331,1348,1363,850,863,863,863,863,863,962,980,1013,1029,1040,1040,1151,1151,1181,1290,1322,695,749,749,793,126,195,238,238,279,316,352,352,393,301,310,367,4282,4282,4333,4333,4401,4435,3854,3882,3882,3882,3882,3896,3910],"floor_reached":52,"playtime":17400,"items_purged":["Decay","Strike_R","Strike_R","Strike_R","Bash","Defend_R","Defend_R","Defend_R","Ghostly Armor"],"score":1548,"play_id":"9e2afa57-daf7-4d65-bff9-d9b577a5400a","local_time":"20210105173850","is_ascension_mode":false,"campfire_choices":[{"data":"Armaments","floor":7,"key":"SMITH"},{"data":"DoctorFetus","floor":15,"key":"SMITH"},{"data":"Limit Break","floor":23,"key":"SMITH"},{"data":"Dark Embrace","floor":25,"key":"SMITH"},{"floor":32,"key":"REST"},{"data":"Feel No Pain","floor":40,"key":"SMITH"},{"data":"Second Wind","floor":49,"key":"SMITH"},{"data":"Seeing Red","floor":40,"key":"SMITH"},{"data":"Offering","floor":42,"key":"SMITH"},{"data":"Feel No Pain","floor":47,"key":"SMITH"},{"data":"Demon Form","floor":49,"key":"SMITH"}],"circlet_count":0,"master_deck":["DoctorFetus+1","Bludgeon+1","Armaments+1","Evolve","Juggernaut","Limit Break+1","Dark Embrace+1","Feel No Pain+1","Demon Form+1","Second Wind+1","Dark Embrace+1","Reaper+1","Dark Embrace+1","Feel No Pain+1","Offering+1","Seeing Red+1","Discovery+1","Fire Breathing"],"relics":["Black Blood","HushsDoor","DeathBook","MoneyPower","HandDrill","Oddly Smooth Stone","CeramicFish","Strawberry","BFFS","Shuriken","Lantern","Potion Belt","Art of War","Turnip","GuppysTail","Vajra","HowToJump","Dead Branch","Juzu Bracelet","ChampionBelt","Void","Nunchaku","BookofShadows","Bag of Marbles","Unceasing Top","Blood Vial","SalivaCoin","TheAbacus","Mummified Hand","Red Skull","Thread and Needle","Bronze Scales","D6","SatanicBible","Omamori","Toxic Egg 2","Singing Bowl","Happy Flower","Ornamental Fan","InkBottle","Brimstone","Whetstone","Question Card","YumHeart","SteamSale","AnarchistCookbook","Paper Frog","Calipers"],"acts_visited":["Exordium","TheCity","TheBeyond"],"potions_floor_usage":[16,16,16,16,33,33,33,33,33,37,39,39,39,39,50,50,50,50],"damage_taken":[{"damage":20,"enemies":"2 Louse","floor":1,"turns":3},{"damage":3,"enemies":"Cultist","floor":4,"turns":3},{"damage":0,"enemies":"3 Sentries","floor":6,"turns":1},{"damage":0,"enemies":"Lagavulin","floor":10,"turns":1},{"damage":0,"enemies":"Jaw Worm","floor":12,"turns":1},{"damage":3,"enemies":"3 Sentries","floor":14,"turns":4},{"damage":0,"enemies":"Slime Boss","floor":16,"turns":6},{"damage":0,"enemies":"Spheric Guardian","floor":18,"turns":3},{"damage":14,"enemies":"3 Byrds","floor":19,"turns":3},{"damage":36,"enemies":"Snake Plant","floor":20,"turns":4},{"damage":22,"enemies":"Centurion and Healer","floor":22,"turns":5},{"damage":29,"enemies":"Book of Stabbing","floor":29,"turns":5},{"damage":4,"enemies":"Cultist and Chosen","floor":30,"turns":6},{"damage":11,"enemies":"Chosen and Byrds","floor":31,"turns":4},{"damage":12,"enemies":"Automaton","floor":33,"turns":7},{"damage":6,"enemies":"Reptomancer","floor":35,"turns":4},{"damage":38,"enemies":"Nemesis","floor":37,"turns":9},{"damage":15,"enemies":"2 Orb Walkers","floor":39,"turns":4},{"damage":43,"enemies":"Giant Head","floor":41,"turns":6},{"damage":30,"enemies":"Nemesis","floor":44,"turns":5},{"damage":3,"enemies":"Mind Bloom Boss Battle","floor":46,"turns":3},{"damage":0,"enemies":"Giant Head","floor":47,"turns":6},{"damage":6,"enemies":"Nemesis","floor":48,"turns":5},{"damage":0,"enemies":"Giant Head","floor":35,"turns":4},{"damage":6,"enemies":"Hiden Room Battle","floor":38,"turns":2},{"damage":12,"enemies":"Reptomancer","floor":41,"turns":2},{"damage":0,"enemies":"Mind Bloom Boss Battle","floor":44,"turns":1},{"damage":0,"enemies":"Nemesis","floor":46,"turns":1},{"damage":0,"enemies":"Awakened One","floor":50,"turns":2},{"damage":9,"enemies":"Donu and Deca","floor":51,"turns":2}],"seed_played":"9209060402769223314","potions_obtained":[{"floor":1,"key":"HeartOfIron"},{"floor":2,"key":"SkillPotion"},{"floor":2,"key":"LiquidMemories"},{"floor":12,"key":"SkillPotion"},{"floor":14,"key":"Explosive Potion"},{"floor":16,"key":"FearPotion"},{"floor":18,"key":"SteroidPotion"},{"floor":20,"key":"FearPotion"},{"floor":31,"key":"SkillPotion"},{"floor":33,"key":"SpeedPotion"},{"floor":35,"key":"EntropicBrew"},{"floor":37,"key":"LiquidBronze"},{"floor":46,"key":"DuplicationPotion"},{"floor":48,"key":"BloodPotion"},{"floor":44,"key":"SkillPotion"}],"is_trial":false,"path_per_floor":["M","?","T","M","$","E","R","$","T","E","?","M","$","E","R","B",null,"M","M","M","$","M","R","?","R","T","?","?","E","M","M","R","B",null,"M","?","M","$","?","R","E","$","T","E","?","?","E","M","R","M","$","?","?","$","R","E","R","T","?","$","E","R","?","R","B","B",null],"character_chosen":"IRONCLAD","items_purchased":["HandDrill","Oddly Smooth Stone","CeramicFish","ChaosCard","Armaments","BFFS","Shuriken","Lantern","Art of War","Turnip","GuppysTail","Vajra","Dark Embrace","HowToJump","BookofShadows","Bag of Marbles","Blood Vial","SalivaCoin","TheAbacus","SatanicBible","DuplicationPotion","Omamori","Toxic Egg 2","Ornamental Fan","InkBottle","Brimstone","ChaosCard","SteamSale","AnarchistCookbook","Paper Frog"],"campfire_rested":1,"item_purchase_floors":[5,5,5,5,5,8,8,8,13,13,17,21,21,21,38,38,42,42,42,36,36,36,36,39,39,39,39,45,45,45],"current_hp_per_floor":[66,66,66,69,69,82,82,82,82,87,80,86,86,87,87,87,77,77,75,51,51,41,41,41,41,41,41,41,24,32,33,56,56,72,77,77,51,51,48,48,17,17,17,35,35,46,73,77,77,77,77,77,79,79,79,81,81,81,81,81,83,83,79,79,79,79],"gold":3910,"neow_bonus":"THREE_RARE_CARDS","is_daily":false,"chose_seed":false,"campfire_upgraded":10,"win_rate":0.0,"timestamp":1609839530,"path_taken":["M","?","?","M","$","E","R","?","T","E","?","?","$","E","R","BOSS","M","M","M","$","M","R","?","R","T","?","?","E","M","M","R","BOSS","M","?","M","$","?","R","E","$","T","E","?","?","E","M","R","M","$","?","?","$","R","E","R","T","?","?","E","R","?","R","BOSS","BOSS"],"items_purchased_type":["Relic","Relic","Relic","Card","Card","Relic","Relic","Relic","Relic","Relic","Relic","Relic","Card","Relic","Relic","Relic","Relic","Relic","Relic","Relic","Potion","Relic","Relic","Relic","Relic","Relic","Card","Relic","Relic","Relic"],"build_version":"2020-12-22","purchased_purges":9,"victory":true,"max_hp_per_floor":[80,80,80,80,80,87,87,87,87,87,87,87,87,87,87,87,77,77,77,77,77,77,77,77,77,77,77,77,77,77,77,77,77,77,77,77,77,77,77,77,77,77,77,77,77,77,77,77,77,77,77,77,79,79,79,81,81,81,81,81,83,83,79,79,79,79],"relic_stats":{"Singing Bowl":6,"Happy Flower":[2],"counters":[30,112],"CeramicFish":180,"Dead Branch":[212],"Black Blood":212,"Juzu Bracelet":2,"Whetstone":["Bludgeon","Reaper"],"Question Card":2,"Blood Vial":8,"Nunchaku":[4],"TheAbacus":[192],"Shuriken":[4],"Mummified Hand":[120],"Ornamental Fan":[4],"Bronze Scales":[15],"Turnip":[13],"HandDrill":[14],"Art of War":[47],"obtain_stats":[{"Calipers":46,"CeramicFish":5,"Vajra":21,"Whetstone":41,"BFFS":8,"SatanicBible":36,"Blood Vial":42,"Strawberry":6,"HandDrill":5,"Void":35,"Toxic Egg 2":36,"KeepersGift":0,"BookofShadows":38,"Happy Flower":38,"Dead Branch":26,"Oddly Smooth Stone":5,"MoneyPower":3,"Question Card":43,"SteamSale":45,"YumHeart":44,"Shuriken":8,"Brimstone":39,"ForgetMeNow":46,"Bronze Scales":48,"HushsDoor":0,"Unceasing Top":39,"Darkstone Periapt":10,"AnarchistCookbook":45,"GuppysTail":17,"Lantern":8,"Singing Bowl":38,"GnawedLeaf":14,"Black Blood":17,"Juzu Bracelet":29,"Burning Blood":0,"DeathBook":0,"Nunchaku":37,"ChampionBelt":34,"TheAbacus":42,"Mummified Hand":43,"Red Skull":44,"InkBottle":39,"Paper Frog":45,"Potion Belt":9,"HowToJump":21,"Thread and Needle":47,"Omamori":36,"MawBank":41,"D6":35,"Ornamental Fan":39,"Turnip":13,"Art of War":13,"Bag of Marbles":38,"SalivaCoin":42},{"Calipers":28,"CeramicFish":2,"Vajra":10,"Whetstone":26,"BFFS":3,"SatanicBible":24,"Blood Vial":19,"Strawberry":3,"HandDrill":2,"Void":16,"Toxic Egg 2":24,"KeepersGift":0,"BookofShadows":17,"Happy Flower":25,"Dead Branch":11,"Oddly Smooth Stone":2,"MoneyPower":1,"Question Card":26,"SteamSale":27,"YumHeart":27,"Shuriken":3,"Brimstone":25,"ForgetMeNow":21,"Bronze Scales":23,"HushsDoor":0,"Unceasing Top":18,"Darkstone Periapt":4,"AnarchistCookbook":27,"GuppysTail":7,"Lantern":3,"Singing Bowl":25,"GnawedLeaf":6,"Black Blood":7,"Juzu Bracelet":12,"Burning Blood":0,"DeathBook":0,"Nunchaku":17,"ChampionBelt":15,"TheAbacus":19,"Mummified Hand":19,"Red Skull":20,"InkBottle":25,"Paper Frog":27,"Potion Belt":3,"HowToJump":10,"Thread and Needle":22,"Omamori":24,"MawBank":19,"D6":24,"Ornamental Fan":25,"Turnip":5,"Art of War":5,"Bag of Marbles":17,"SalivaCoin":19},{"Calipers":108,"CeramicFish":6,"Vajra":29,"Whetstone":106,"BFFS":7,"SatanicBible":102,"Blood Vial":79,"Strawberry":7,"HandDrill":6,"Void":60,"Toxic Egg 2":102,"KeepersGift":0,"BookofShadows":69,"Happy Flower":104,"Dead Branch":34,"Oddly Smooth Stone":6,"MoneyPower":3,"Question Card":106,"SteamSale":107,"YumHeart":107,"Shuriken":7,"Brimstone":104,"ForgetMeNow":87,"Bronze Scales":98,"HushsDoor":0,"Unceasing Top":73,"Darkstone Periapt":8,"AnarchistCookbook":107,"GuppysTail":19,"Lantern":7,"Singing Bowl":104,"GnawedLeaf":13,"Black Blood":19,"Juzu Bracelet":39,"Burning Blood":0,"DeathBook":0,"Nunchaku":69,"ChampionBelt":56,"TheAbacus":79,"Mummified Hand":79,"Red Skull":84,"InkBottle":104,"Paper Frog":107,"Potion Belt":7,"HowToJump":29,"Thread and Needle":93,"Omamori":102,"MawBank":79,"D6":102,"Ornamental Fan":104,"Turnip":9,"Art of War":9,"Bag of Marbles":69,"SalivaCoin":79}],"Unceasing Top":[14],"InkBottle":[9]},"card_choices":[{"not_picked":[],"picked":"DoctorFetus","floor":0},{"not_picked":["Immolate","Limit Break"],"picked":"Bludgeon","floor":0},{"not_picked":["Headbutt","Spot Weakness","Rupture"],"picked":"SKIP","floor":1},{"not_picked":["Clash","Sever Soul","Headbutt"],"picked":"SKIP","floor":4},{"not_picked":["True Grit","Inflame"],"picked":"Evolve","floor":6},{"not_picked":["Flex","Anger"],"picked":"Juggernaut","floor":10},{"not_picked":["Sword Boomerang","Heavy Blade","Fire Breathing"],"picked":"SKIP","floor":12},{"not_picked":["Twin Strike","Inflame"],"picked":"Bomb","floor":14},{"not_picked":["Fiend Fire","Reaper"],"picked":"Limit Break","floor":16},{"not_picked":["Headbutt+1","Rage","Havoc+1"],"picked":"SKIP","floor":18},{"not_picked":["Cleave","Warcry","Pommel Strike"],"picked":"SKIP","floor":19},{"not_picked":["Heavy Blade","Combust","Dropkick"],"picked":"SKIP","floor":20},{"not_picked":["Headbutt","Sever Soul","Cleave+1"],"picked":"SKIP","floor":22},{"not_picked":["Whirlwind","Clash","Brutality"],"picked":"SKIP","floor":29},{"not_picked":["Cleave","Armaments","Intimidate"],"picked":"SKIP","floor":30},{"not_picked":["Sever Soul","Twin Strike","Pommel Strike"],"picked":"SKIP","floor":31},{"not_picked":["Impervious","Feed"],"picked":"Demon Form","floor":33},{"not_picked":["Sword Boomerang","Dropkick","Spot Weakness+1"],"picked":"SKIP","floor":35},{"not_picked":["Bloodletting","Flex"],"picked":"Second Wind","floor":36},{"not_picked":["Clothesline","Juggernaut","Dual Wield"],"picked":"SKIP","floor":37},{"not_picked":["Wild Strike","Clothesline"],"picked":"Dark Embrace+1","floor":39},{"not_picked":["Evolve","Twin Strike"],"picked":"Reaper","floor":41},{"not_picked":["Sentinel+1","Flex"],"picked":"Dark Embrace+1","floor":44},{"not_picked":["Pommel Strike","Thunderclap+1"],"picked":"Feel No Pain","floor":46},{"not_picked":["Bloodletting","Reckless Charge"],"picked":"Offering","floor":47},{"not_picked":["Reckless Charge","Wild Strike","Heavy Blade"],"picked":"SKIP","floor":48},{"not_picked":["Cleave","Iron Wave+1"],"picked":"Seeing Red","floor":35},{"not_picked":["The Bomb+1","PanicButton+1"],"picked":"Discovery+1","floor":37},{"not_picked":["True Grit+1","Body Slam+1","Twin Strike"],"picked":"Singing Bowl","floor":38},{"not_picked":["Clothesline","Uppercut+1","Wild Strike"],"picked":"Singing Bowl","floor":41},{"not_picked":["Twin Strike+1","Bludgeon","Flex+1"],"picked":"Fire Breathing","floor":44},{"not_picked":["Flex+1","Havoc+1","Heavy Blade+1","Ghostly Armor+1"],"picked":"Singing Bowl","floor":46}],"player_experience":533141,"relics_obtained":[{"floor":3,"key":"MoneyPower"},{"floor":6,"key":"Strawberry"},{"floor":9,"key":"Potion Belt"},{"floor":10,"key":"Darkstone Periapt"},{"floor":14,"key":"GnawedLeaf"},{"floor":26,"key":"Dead Branch"},{"floor":29,"key":"Juzu Bracelet"},{"floor":35,"key":"Void"},{"floor":37,"key":"Nunchaku"},{"floor":39,"key":"Unceasing Top"},{"floor":41,"key":"MawBank"},{"floor":43,"key":"Mummified Hand"},{"floor":44,"key":"Red Skull"},{"floor":46,"key":"ForgetMeNow"},{"floor":47,"key":"Thread and Needle"},{"floor":48,"key":"Bronze Scales"},{"floor":35,"key":"D6"},{"floor":38,"key":"Singing Bowl"},{"floor":38,"key":"Happy Flower"},{"floor":41,"key":"Whetstone"},{"floor":43,"key":"Question Card"},{"floor":44,"key":"YumHeart"},{"floor":46,"key":"Calipers"}],"event_choices":[{"damage_healed":0,"gold_gain":0,"player_choice":"Got Potions","damage_taken":0,"max_hp_gain":0,"max_hp_loss":0,"event_name":"Lab","floor":2,"gold_loss":0},{"cards_removed":["Strike_R"],"damage_healed":0,"gold_gain":0,"player_choice":"Card Removal","damage_taken":7,"max_hp_gain":0,"max_hp_loss":0,"event_name":"Golden Wing","floor":11,"gold_loss":0},{"damage_healed":0,"gold_gain":0,"player_choice":"Ignored","damage_taken":0,"max_hp_gain":0,"max_hp_loss":0,"event_name":"Vampires","floor":24,"gold_loss":0},{"damage_healed":0,"gold_gain":99,"player_choice":"Stole From Cult","damage_taken":0,"max_hp_gain":0,"max_hp_loss":0,"event_name":"Nest","floor":27,"gold_loss":0},{"damage_healed":0,"gold_gain":0,"cards_transformed":["Defend_R","Strike_R"],"player_choice":"Became Test Subject","damage_taken":0,"max_hp_gain":0,"max_hp_loss":0,"event_name":"Drug Dealer","floor":28,"gold_loss":0,"cards_obtained":["Feel No Pain","Ghostly Armor"]},{"damage_healed":0,"gold_gain":0,"player_choice":"Fight","damage_taken":0,"max_hp_gain":0,"max_hp_loss":0,"event_name":"Mysterious Sphere","floor":39,"gold_loss":0},{"damage_healed":0,"gold_gain":0,"player_choice":"Ignored","damage_taken":0,"max_hp_gain":0,"max_hp_loss":0,"event_name":"Tomb of Lord Red Mask","floor":45,"gold_loss":0},{"damage_healed":0,"gold_gain":0,"player_choice":"Fight","damage_taken":0,"max_hp_gain":0,"max_hp_loss":0,"event_name":"MindBloom","floor":46,"gold_loss":0},{"damage_healed":0,"gold_gain":0,"player_choice":"Memory 1","damage_taken":0,"max_hp_gain":0,"max_hp_loss":0,"event_name":"SensoryStone","floor":37,"gold_loss":0},{"damage_healed":0,"gold_gain":0,"player_choice":"Fight","damage_taken":0,"max_hp_gain":0,"max_hp_loss":0,"event_name":"HidenRoomEvent","floor":38,"gold_loss":0},{"damage_healed":0,"gold_gain":0,"player_choice":"Fight","damage_taken":0,"max_hp_gain":0,"max_hp_loss":0,"event_name":"MindBloom","floor":44,"gold_loss":0},{"damage_healed":0,"gold_gain":0,"player_choice":"Max HP","damage_taken":0,"max_hp_gain":0,"max_hp_loss":4,"event_name":"Winding Halls","floor":48,"gold_loss":0}],"is_beta":false,"boss_relics":[{"not_picked":["Ectoplasm","Sozu"],"picked":"Black Blood"},{"not_picked":[]},{"not_picked":["Busted Crown","Pandora\u0027s Box"],"picked":"ChampionBelt"},{"not_picked":[]}],"items_purged_floors":[5,8,13,21,38,42,36,39,45],"is_endless":false,"potions_floor_spawned":[1,6,12,14,16,18,20,31,33,35,37,46,48,44],"ascension_level":20}}