{"host":"ch74xfb1n85e86fc","time":1609818947,"event":{"mods":["AchievementEnabler","BaseMod","Colored Map","DeckTracker","Minty Spire (QoL Compilation)","Relic Stats","StSLib","SuperFastMode","everything is the same but u backflip on backflip"],"gold_per_floor":[119,119,131,131,154,154,178,201,201,214,265,301,301,319,319,444,444,460,481,323,336,336,374,374,394,394,414,445,445,445,49,49,172,172,188,203,57,75,93,93,127,127,179,215,235,251,282,296,296,296,296,296,19,62,62],"floor_reached":56,"playtime":2105,"items_purged":["Strike_G","Strike_G","Strike_G"],"score":1540,"play_id":"7fedad63-46e0-4223-8198-1812301655b2","local_time":"20210105125547","is_ascension_mode":true,"campfire_choices":[{"data":"Cloak And Dagger","floor":6.0,"key":"SMITH"},{"data":"Noxious Fumes","floor":13.0,"key":"SMITH"},{"data":"Accuracy","floor":15.0,"key":"SMITH"},{"floor":24,"key":"REST"},{"floor":30,"key":"REST"},{"floor":32,"key":"RECALL"},{"floor":40,"key":"REST"},{"floor":49,"key":"REST"},{"floor":52,"key":"REST"}],"circlet_count":0,"master_deck":["Strike_G","Defend_G","Defend_G","Defend_G+1","Defend_G","Survivor","Neutralize+1","Backflip","Dagger Spray","Cloak And Dagger+1","Noxious Fumes+1","Accuracy+1","Die Die Die","Crippling Poison+1","Deflect+1","Well Laid Plans","Backflip","Acrobatics","Blade Dance","Cloak And Dagger+1","Cloak And Dagger","Backflip+1","Footwork","Phantasmal Killer+1","Blade Dance","Cloak And Dagger+1","Accuracy+1","Cloak And Dagger+1","PiercingWail+1","PiercingWail+1"],"relics":["Ring of the Snake","Golden Idol","Ornamental Fan","Bag of Preparation","Gremlin Horn","Fusion Hammer","PreservedInsect","HornCleat","Darkstone Periapt","Kunai","WristBlade","Orrery","Mummified Hand","Lantern","Strawberry","Toy Ornithopter","War Paint"],"acts_visited":["Exordium","TheCity","TheBeyond","TheEnding"],"potions_floor_usage":[23,28,28,55,55],"damage_taken":[{"damage":0.0,"enemies":"2 Louse","floor":1.0,"turns":3.0},{"damage":0.0,"enemies":"Cultist","floor":3.0,"turns":3.0},{"damage":0.0,"enemies":"Jaw Worm","floor":5.0,"turns":4.0},{"damage":0.0,"enemies":"Blue Slaver","floor":7.0,"turns":4.0},{"damage":0.0,"enemies":"Exordium Wildlife","floor":8.0,"turns":3.0},{"damage":0.0,"enemies":"Gremlin Gang","floor":10.0,"turns":3.0},{"damage":0.0,"enemies":"Lagavulin","floor":12.0,"turns":7.0},{"damage":0.0,"enemies":"3 Louse","floor":14.0,"turns":3.0},{"damage":17.0,"enemies":"The Guardian","floor":16.0,"turns":10.0},{"damage":8.0,"enemies":"Spheric Guardian","floor":18.0,"turns":6.0},{"damage":10.0,"enemies":"2 Thieves","floor":19.0,"turns":4.0},{"damage":10.0,"enemies":"Sentry and Sphere","floor":21.0,"turns":6.0},{"damage":0,"enemies":"Book of Stabbing","floor":23,"turns":4},{"damage":13,"enemies":"Cultist and Chosen","floor":25,"turns":5},{"damage":6,"enemies":"Snecko","floor":27,"turns":6},{"damage":1,"enemies":"Slavers","floor":28,"turns":2},{"damage":0,"enemies":"Automaton","floor":33,"turns":9},{"damage":5,"enemies":"3 Darklings","floor":35,"turns":2},{"damage":3,"enemies":"Orb Walker","floor":36,"turns":3},{"damage":0,"enemies":"Maw","floor":38,"turns":6},{"damage":12,"enemies":"Writhing Mass","floor":39,"turns":6},{"damage":0,"enemies":"Giant Head","floor":41,"turns":5},{"damage":0,"enemies":"Nemesis","floor":44,"turns":3},{"damage":0,"enemies":"Sphere and 2 Shapes","floor":45,"turns":2},{"damage":0,"enemies":"Jaw Worm Horde","floor":46,"turns":2},{"damage":0,"enemies":"Giant Head","floor":47,"turns":3},{"damage":0,"enemies":"3 Darklings","floor":48,"turns":3},{"damage":8,"enemies":"Awakened One","floor":50,"turns":8},{"damage":7,"enemies":"Shield and Spear","floor":54,"turns":3},{"damage":35,"enemies":"The Heart","floor":55,"turns":9}],"seed_played":"-1087279680128636174","potions_obtained":[{"floor":1.0,"key":"Strength Potion"},{"floor":10.0,"key":"Dexterity Potion"},{"floor":12.0,"key":"FearPotion"},{"floor":18.0,"key":"PowerPotion"},{"floor":19.0,"key":"LiquidMemories"},{"floor":25,"key":"Weak Potion"},{"floor":27,"key":"Block Potion"},{"floor":35,"key":"Energy Potion"},{"floor":36,"key":"LiquidBronze"}],"is_trial":false,"path_per_floor":["M","?","M","?","M","R","M","M","T","M","T","E","R","M","R","B",null,"M","M","$","M","?","E","R","M","T","M","E","?","R","$","R","B",null,"M","M","$","M","M","R","E","?","T","E","M","M","E","M","R","B",null,"R","$","E","B",null],"character_chosen":"THE_SILENT","items_purchased":["Well Laid Plans","Backflip","Footwork","Kunai","Orrery","Toy Ornithopter"],"campfire_rested":5,"item_purchase_floors":[20,20,31,31,37,53],"current_hp_per_floor":[63,63,63,48,48,48,48,48,48,48,48,48,48,48,48,31,63,55,45,45,35,35,35,53,40,40,34,33,33,51,51,51,51,63,58,55,55,55,43,61,61,73,73,73,73,73,80,80,80,72,80,80,80,73,45],"gold":62,"neow_bonus":"REMOVE_TWO","is_daily":false,"chose_seed":false,"campfire_upgraded":3,"win_rate":0.0,"timestamp":1609818947,"path_taken":["M","?","?","?","M","R","M","M","T","M","?","E","R","M","R","BOSS","M","M","$","M","?","E","R","?","T","M","E","?","R","$","R","BOSS","M","M","$","M","M","R","E","?","T","E","?","M","E","?","R","BOSS","R","$","E","BOSS"],"items_purchased_type":["Card","Card","Card","Relic","Relic","Relic"],"build_version":"2020-12-22","purchased_purges":3,"victory":true,"max_hp_per_floor":[63,63,63,63,63,63,63,63,63,63,63,63,63,63,63,63,63,63,63,63,63,63,63,63,63,63,63,63,63,63,63,63,63,63,63,63,63,63,63,63,63,73,73,73,73,73,80,80,80,80,80,80,80,80,80],"relic_stats":{"Darkstone Periapt":0,"Gremlin Horn":[18,18],"counters":[30,137],"Golden Idol":214,"PreservedInsect":414,"Bag of Preparation":[48],"War Paint":["Phantasmal Killer","Defend_G"],"Ornamental Fan":[344],"Mummified Hand":[27],"Kunai":[65],"obtain_stats":[{"Darkstone Periapt":28,"Lantern":44,"Gremlin Horn":12,"Golden Idol":4,"PreservedInsect":23,"Bag of Preparation":11,"War Paint":54,"HornCleat":26,"WristBlade":34,"Ornamental Fan":9,"Mummified Hand":41,"Strawberry":47,"Orrery":37,"Fusion Hammer":17,"Kunai":31,"Toy Ornithopter":53,"Ring of the Snake":0},{"Darkstone Periapt":16,"Lantern":23,"Gremlin Horn":7,"Golden Idol":2,"PreservedInsect":13,"Bag of Preparation":6,"War Paint":29,"HornCleat":14,"WristBlade":17,"Ornamental Fan":5,"Mummified Hand":22,"Strawberry":26,"Orrery":19,"Fusion Hammer":9,"Kunai":16,"Toy Ornithopter":28,"Ring of the Snake":0},{"Darkstone Periapt":73,"Lantern":107,"Gremlin Horn":27,"Golden Idol":6,"PreservedInsect":60,"Bag of Preparation":20,"War Paint":128,"HornCleat":65,"WristBlade":82,"Ornamental Fan":17,"Mummified Hand":104,"Strawberry":114,"Orrery":87,"Fusion Hammer":40,"Kunai":73,"Toy Ornithopter":125,"Ring of the Snake":0}],"Toy Ornithopter":7,"Ring of the Snake":[60]},"card_choices":[{"not_picked":["Distraction","Flying Knee"],"picked":"Backflip","floor":1.0},{"not_picked":["Heel Hook","Dash"],"picked":"Dagger Spray","floor":3.0},{"not_picked":["Bane","Phantasmal Killer"],"picked":"Cloak And Dagger","floor":5.0},{"not_picked":["Blade Dance","Slice"],"picked":"Noxious Fumes","floor":7.0},{"not_picked":["Calculated Gamble","Poisoned Stab"],"picked":"Accuracy","floor":8.0},{"not_picked":["Prepared","Dagger Spray","Unload"],"picked":"SKIP","floor":10.0},{"not_picked":["Underhanded Strike","Bane","Slice"],"picked":"SKIP","floor":12.0},{"not_picked":["Leg Sweep","Caltrops","Acrobatics"],"picked":"SKIP","floor":14.0},{"not_picked":["A Thousand Cuts","Wraith Form v2"],"picked":"Die Die Die","floor":16.0},{"not_picked":["Bane+1","Backstab+1"],"picked":"Crippling Poison+1","floor":18.0},{"not_picked":["Dagger Spray+1","Sucker Punch"],"picked":"Deflect+1","floor":19.0},{"not_picked":["Eviscerate","Skewer"],"picked":"Acrobatics","floor":21.0},{"not_picked":["Prepared+1","Outmaneuver"],"picked":"Corpse Explosion","floor":23},{"not_picked":["Deadly Poison+1","Outmaneuver"],"picked":"Cloak And Dagger+1","floor":25},{"not_picked":["Slice","Sucker Punch"],"picked":"Cloak And Dagger","floor":27},{"not_picked":["Corpse Explosion","Noxious Fumes"],"picked":"Backflip+1","floor":28},{"not_picked":["Storm of Steel","Night Terror"],"picked":"Phantasmal Killer","floor":33},{"not_picked":["Blur","Skewer","Prepared+1"],"picked":"SKIP","floor":35},{"not_picked":["Poisoned Stab","Dagger Throw","Acrobatics"],"picked":"SKIP","floor":36},{"not_picked":["Choke+1","Cloak And Dagger"],"picked":"Blade Dance","floor":37},{"not_picked":["Prepared","Poisoned Stab+1"],"picked":"Cloak And Dagger+1","floor":37},{"not_picked":["Dagger Spray+1","Leg Sweep","Slice"],"picked":"SKIP","floor":38},{"not_picked":["Well Laid Plans+1","Dagger Throw","Sucker Punch"],"picked":"SKIP","floor":39},{"not_picked":["Acrobatics+1","Distraction+1"],"picked":"Accuracy+1","floor":41},{"not_picked":["Heel Hook","Catalyst"],"picked":"Cloak And Dagger+1","floor":44},{"not_picked":["Reflex+1","Backflip+1"],"picked":"PiercingWail+1","floor":45},{"not_picked":["Storm of Steel","Outmaneuver","Blur"],"picked":"SKIP","floor":46},{"not_picked":["Predator+1","Sucker Punch","Flechettes"],"picked":"SKIP","floor":47},{"not_picked":["Prepared","Blur+1"],"picked":"PiercingWail+1","floor":48},{"not_picked":["Dagger Spray","Dagger Throw","Envenom"],"picked":"SKIP","floor":54}],"player_experience":27738,"relics_obtained":[{"floor":9.0,"key":"Ornamental Fan"},{"floor":11.0,"key":"Bag of Preparation"},{"floor":12.0,"key":"Gremlin Horn"},{"floor":23,"key":"PreservedInsect"},{"floor":26,"key":"HornCleat"},{"floor":28,"key":"Darkstone Periapt"},{"floor":41,"key":"Mummified Hand"},{"floor":44,"key":"Lantern"},{"floor":47,"key":"Strawberry"},{"floor":54,"key":"War Paint"}],"event_choices":[{"damage_healed":0.0,"max_hp_gain":0.0,"max_hp_loss":0.0,"gold_gain":0.0,"event_name":"Upgrade Shrine","player_choice":"Upgraded","floor":2.0,"gold_loss":0.0,"damage_taken":0.0,"cards_upgraded":["Neutralize"]},{"damage_healed":0.0,"max_hp_gain":0.0,"max_hp_loss":0.0,"gold_gain":0.0,"event_name":"Golden Idol","player_choice":"Take Damage","floor":4.0,"gold_loss":0.0,"damage_taken":15.0,"relics_obtained":["Golden Idol"]},{"damage_healed":0.0,"max_hp_gain":0.0,"max_hp_loss":0.0,"gold_gain":0.0,"event_name":"Match and Keep!","player_choice":"1 cards matched","floor":22.0,"gold_loss":0.0,"damage_taken":0.0,"cards_obtained":["Blade Dance"]},{"damage_healed":0,"gold_gain":0,"player_choice":"Ignored","damage_taken":0,"max_hp_gain":0,"max_hp_loss":0,"event_name":"Ghosts","floor":29,"gold_loss":0},{"cards_removed":["Corpse Explosion"],"damage_healed":2,"gold_gain":0,"player_choice":"Offered Rare","damage_taken":0,"max_hp_gain":10,"max_hp_loss":0,"event_name":"Bonfire Elementals","floor":42,"gold_loss":0}],"is_beta":false,"boss_relics":[{"not_picked":["Coffee Dripper","Runic Dome"],"picked":"Fusion Hammer"},{"not_picked":["Snecko Eye","Empty Cage"],"picked":"WristBlade"}],"items_purged_floors":[20,31,53],"is_endless":false,"potions_floor_spawned":[1,10,12,14,18,19,25,27,35,36,38,45,48],"ascension_level":1}}