{"host":"z9grmtg2w0nmz8n1","time":1609827263,"event":{"mods":["Aspiration","Bard","BaseMod","Beaked The Cultist","Better Altar","Better Match","Better Note","Better Sensory Stone","Better Skull","Better Third Choice","BetterRewards","CCEM","Colored Map","Conspire","Downfall","GifTheSpireLib","Googly Eyes","Halation","Hermit","Highlight Path","Hubris","Hunter ??","Jedi Mod","Jorbs\u0027s Wanderer Trilogy","Mad Scientist","Marisa????????","Minty Spire (QoL Compilation)","Permanent Neow","Replay The Spire","Shade Mod","Shop Mod","Spicy Shops","StSLib","Stuff the Spire","The Bug Knight","The Construct","The Necromancer","The Runesmith","The Witch"],"gold_per_floor":[110,35,110,123,137,137,164,174,246,274,336,336,336,347,347,347,347],"floor_reached":16,"playtime":692,"items_purged":["Strike_G"],"score":116,"play_id":"161813ae-6a57-44a2-ab98-02c1daaf005c","local_time":"20210105041423","is_ascension_mode":true,"campfire_choices":[{"floor":6,"key":"RECALL"},{"floor":15,"key":"REST"}],"circlet_count":0,"master_deck":["Strike_G","Strike_G","Strike_G","Defend_G","Defend_G","Defend_G","Defend_G+1","Defend_G+1","Survivor","Neutralize","Backstab","Cloak And Dagger","Deadly Poison","Deadly Poison","Cloak And Dagger","Poisoned Stab","Dagger Spray"],"relics":["Ring of the Snake","Ancient Tea Set","Simple Rune","hubris:TenFootPole","StuffTheSpire:EmeraldSignet"],"acts_visited":["Exordium"],"potions_floor_usage":[7,8,10,16],"damage_taken":[{"damage":0,"enemies":"Jaw Worm","floor":1,"turns":5},{"damage":0,"enemies":"Small Slimes","floor":4,"turns":5},{"damage":0,"enemies":"Cultist","floor":5,"turns":3},{"damage":16,"enemies":"Lagavulin","floor":7,"turns":8},{"damage":5,"enemies":"Exordium Thugs","floor":8,"turns":5},{"damage":6,"enemies":"Gremlin Nob","floor":10,"turns":3},{"damage":25,"enemies":"Lagavulin Event","floor":11,"turns":6},{"damage":0,"enemies":"Large Slime","floor":14,"turns":6},{"damage":30,"enemies":"Fading Forest","floor":16,"turns":7}],"seed_played":"739237805900055619","potions_obtained":[{"floor":1,"key":"Block Potion"},{"floor":5,"key":"SteroidPotion"},{"floor":7,"key":"AttackPotion"},{"floor":14,"key":"SkillPotion"}],"is_trial":false,"path_per_floor":["M","$","?","M","M","R","E","M","T","E","?","?","?","M","R","B"],"character_chosen":"THE_SILENT","items_purchased":[],"campfire_rested":1,"item_purchase_floors":[],"current_hp_per_floor":[70,70,59,59,59,59,43,38,38,32,7,7,7,7,28,8,8],"gold":347,"neow_bonus":"REMOVE_CARD","is_daily":false,"chose_seed":false,"campfire_upgraded":0,"win_rate":0.0,"timestamp":1609827263,"path_taken":["M","$","?","M","M","R","E","M","T","E","?","?","?","M","R","BOSS"],"items_purchased_type":[],"build_version":"2020-12-22","purchased_purges":1,"victory":false,"max_hp_per_floor":[70,70,70,70,70,70,70,70,70,70,70,70,70,70,70,70,70],"card_choices":[{"not_picked":["Tactician","Deflect"],"picked":"Backstab","floor":1},{"not_picked":["Slice","Heel Hook"],"picked":"Cloak And Dagger","floor":4},{"not_picked":["Sneak Up","Bane"],"picked":"Deadly Poison","floor":5},{"not_picked":["Dodge and Roll","StuffTheSpire:Incursion","StuffTheSpire:Repulse"],"picked":"SKIP","floor":7},{"not_picked":["StuffTheSpire:Injection","ReplayTheSpireMod:Speed Training"],"picked":"Deadly Poison","floor":8},{"not_picked":["Flying Knee","Backflip"],"picked":"Cloak And Dagger","floor":10},{"not_picked":["Dagger Spray","Dodge and Roll"],"picked":"Poisoned Stab","floor":11},{"not_picked":["StuffTheSpire:Fury","StuffTheSpire:MirrorStance"],"picked":"Dagger Spray","floor":14}],"player_experience":786896,"relics_obtained":[{"floor":7,"key":"Ancient Tea Set"},{"floor":10,"key":"Simple Rune"},{"floor":11,"key":"hubris:TenFootPole"}],"event_choices":[{"damage_healed":0,"gold_gain":75,"player_choice":"Gold","damage_taken":11,"max_hp_gain":0,"max_hp_loss":0,"event_name":"betterThird:BetterGoop","floor":3,"gold_loss":0},{"damage_healed":0,"gold_gain":0,"player_choice":"Searched \u00271\u0027 times","damage_taken":0,"max_hp_gain":0,"max_hp_loss":0,"event_name":"Dead Adventurer","floor":11,"gold_loss":0},{"cards_removed":["StuffTheSpire:CuriosityCurse"],"damage_healed":0,"gold_gain":0,"player_choice":"Purged","damage_taken":0,"max_hp_gain":0,"max_hp_loss":0,"event_name":"Purifier","floor":13,"gold_loss":0}],"is_beta":false,"boss_relics":[],"items_purged_floors":[2],"is_endless":false,"potions_floor_spawned":[1,5,7,14],"killed_by":"Fading Forest","ascension_level":1}}