{"host":"19tvufa8xx4wr4o1","time":1609807028,"event":{"mods":["AchievementEnabler","BaseMod","Better Sensory Stone","Better Third Choice","Highlight Path","Minty Spire (QoL Compilation)","Relic Stats","StSLib"],"gold_per_floor":[115,128,46,46,46,81,81,93,116,116,116],"floor_reached":10,"playtime":261,"items_purged":[],"score":116,"play_id":"a16dca68-265f-4d47-8a5c-551017c7c7f1","local_time":"20210104183708","is_ascension_mode":true,"campfire_choices":[{"floor":7,"key":"REST"}],"circlet_count":0,"master_deck":["AscendersBane","Strike_G","Strike_G","Strike_G","Strike_G","Defend_G","Defend_G","Defend_G","Defend_G","Defend_G","Survivor","Neutralize","Bouncing Flask","Noxious Fumes","Doppelganger","Blade Dance","Cloak And Dagger"],"relics":["Philosopher\u0027s Stone","Bag of Preparation","Dream Catcher"],"acts_visited":["Exordium"],"potions_floor_usage":[],"damage_taken":[{"damage":2,"enemies":"Cultist","floor":1,"turns":4},{"damage":10,"enemies":"Small Slimes","floor":2,"turns":4},{"damage":39,"enemies":"3 Sentries","floor":6,"turns":8},{"damage":0,"enemies":"Jaw Worm","floor":8,"turns":3},{"damage":38,"enemies":"Gremlin Nob","floor":10,"turns":4}],"seed_played":"-1980308422301074653","potions_obtained":[{"floor":8,"key":"Poison Potion"}],"is_trial":false,"path_per_floor":["M","M","$","?","?","E","R","M","T","E"],"character_chosen":"THE_SILENT","items_purchased":["Noxious Fumes"],"campfire_rested":1,"item_purchase_floors":[3],"current_hp_per_floor":[57,47,47,52,52,13,34,34,34,0,0],"gold":116,"neow_bonus":"BOSS_RELIC","is_daily":false,"chose_seed":false,"campfire_upgraded":0,"win_rate":0.0,"timestamp":1609807028,"path_taken":["M","M","$","?","?","E","R","?","T","E"],"items_purchased_type":["Card"],"build_version":"2020-12-22","purchased_purges":0,"victory":false,"max_hp_per_floor":[66,66,66,71,71,71,71,71,71,71,71],"relic_stats":{"Dream Catcher":0,"counters":[5,23],"Bag of Preparation":[4],"obtain_stats":[{"Dream Catcher":9,"Philosopher\u0027s Stone":0,"Bag of Preparation":6,"Ring of the Snake":0},{"Dream Catcher":4,"Philosopher\u0027s Stone":0,"Bag of Preparation":3,"Ring of the Snake":0},{"Dream Catcher":19,"Philosopher\u0027s Stone":0,"Bag of Preparation":16,"Ring of the Snake":0}]},"card_choices":[{"not_picked":["Outmaneuver","Deflect"],"picked":"Bouncing Flask","floor":1},{"not_picked":["Dagger Throw","Dodge and Roll","Backflip"],"picked":"SKIP","floor":2},{"not_picked":["Slice","Flying Knee"],"picked":"Blade Dance","floor":6},{"not_picked":["Outmaneuver","Heel Hook"],"picked":"Cloak And Dagger","floor":8}],"player_experience":551848,"relics_obtained":[{"floor":6,"key":"Bag of Preparation"},{"floor":9,"key":"Dream Catcher"}],"event_choices":[{"damage_healed":0,"gold_gain":0,"player_choice":"Donut","damage_taken":0,"max_hp_gain":5,"max_hp_loss":0,"event_name":"Big Fish","floor":4,"gold_loss":0},{"damage_healed":0,"gold_gain":0,"cards_transformed":["Strike_G"],"player_choice":"Transformed","damage_taken":0,"max_hp_gain":0,"max_hp_loss":0,"event_name":"Transmorgrifier","floor":5,"gold_loss":0,"cards_obtained":["Doppelganger"]}],"is_beta":false,"boss_relics":[],"items_purged_floors":[],"is_endless":false,"potions_floor_spawned":[8],"killed_by":"Gremlin Nob","ascension_level":15}}