{"host":"ln76an1o32p2wxtf","time":1609853050,"event":{"mods":["AchievementEnabler","Act Like it!","BaseMod","BetterRewards","Colored Powertips","Energized Spire","GifTheSpireLib","Infinite Spire","Minty Spire (QoL Compilation)","Shop Mod","StSLib"],"gold_per_floor":[114,131,131,131,56,56,84,94,94,128,140,140,153,163,163,260,260,278,292,306,306,346,376,376],"floor_reached":23,"playtime":1234,"items_purged":["Strike_P","Defend_P"],"score":215,"play_id":"04a3f7f7-071a-4887-ad25-6ee13c541d5a","local_time":"20210105212410","is_ascension_mode":true,"campfire_choices":[{"floor":6.0,"key":"RECALL"},{"data":"Wish","floor":12.0,"key":"SMITH"},{"floor":15.0,"key":"REST"}],"circlet_count":0,"master_deck":["Strike_P","Strike_P","Defend_P","Defend_P","Defend_P","Eruption","Vigilance","BowlingBash","Consecrate","CutThroughFate","Wish+1","Brilliance","Devotion","Consecrate+1","Study","infinitespire:Collect","infinitespire:Execution"],"relics":["SacredBark","Nunchaku","White Beast Statue","Toy Ornithopter","Philosopher\u0027s Stone"],"acts_visited":["Exordium","TheCity"],"potions_floor_usage":[16,16,18,20,20,23],"damage_taken":[{"damage":6.0,"enemies":"Jaw Worm","floor":1.0,"turns":5.0},{"damage":0.0,"enemies":"2 Louse","floor":2.0,"turns":4.0},{"damage":9.0,"enemies":"3 Sentries","floor":7.0,"turns":11.0},{"damage":0.0,"enemies":"Cultist","floor":8.0,"turns":3.0},{"damage":6.0,"enemies":"Gremlin Nob","floor":10.0,"turns":3.0},{"damage":5.0,"enemies":"3 Louse","floor":11.0,"turns":3.0},{"damage":10.0,"enemies":"Exordium Thugs","floor":13.0,"turns":3.0},{"damage":16.0,"enemies":"Red Slaver","floor":14.0,"turns":5.0},{"damage":31,"enemies":"The Guardian","floor":16,"turns":13},{"damage":21,"enemies":"2 Thieves","floor":18,"turns":4},{"damage":0,"enemies":"Chosen","floor":19,"turns":3},{"damage":23,"enemies":"Snake Plant","floor":20,"turns":4},{"damage":19,"enemies":"3 Cultists","floor":22,"turns":4},{"damage":34,"enemies":"Book of Stabbing","floor":23,"turns":4}],"seed_played":"-2026458672830894132","potions_obtained":[{"floor":2.0,"key":"Fire Potion"},{"floor":10.0,"key":"SmokeBomb"},{"floor":11.0,"key":"LiquidBronze"},{"floor":13.0,"key":"DistilledChaos"},{"floor":14.0,"key":"SpeedPotion"},{"floor":16,"key":"Dexterity Potion"},{"floor":18,"key":"Weak Potion"},{"floor":19,"key":"SteroidPotion"},{"floor":20,"key":"CultistPotion"},{"floor":22,"key":"Dexterity Potion"}],"is_trial":false,"path_per_floor":["M","M","?","?","$","R","E","M","T","E","M","R","M","M","R","B",null,"M","M","M","AVR","M","E"],"character_chosen":"WATCHER","items_purchased":[],"campfire_rested":1,"item_purchase_floors":[],"current_hp_per_floor":[66,66,66,71,71,71,62,62,62,56,51,51,41,25,48,27,77,56,56,43,43,24,0,0],"gold":376,"neow_bonus":"BOSS_RELIC","is_daily":false,"chose_seed":false,"campfire_upgraded":1,"win_rate":0.0,"timestamp":1609853050,"path_taken":["M","M","?","?","$","R","E","M","T","E","M","R","M","M","R","BOSS","M","M","M","AVR","M","E"],"items_purchased_type":[],"build_version":"2020-12-22","purchased_purges":2,"victory":false,"max_hp_per_floor":[72,72,72,77,77,77,77,77,77,77,77,77,77,77,77,77,77,77,77,77,77,77,77,77],"card_choices":[{"not_picked":["TalkToTheHand","Crescendo","Conclude"],"picked":"SKIP","floor":1.0},{"not_picked":["Protect","CrushJoints","FollowUp"],"picked":"SKIP","floor":2.0},{"not_picked":["Indignation","Wallop"],"picked":"Consecrate","floor":7.0},{"not_picked":["SashWhip","BowlingBash"],"picked":"CutThroughFate","floor":8.0},{"not_picked":["EmptyBody","FlyingSleeves"],"picked":"Wish","floor":10.0},{"not_picked":["SandsOfTime","SashWhip","EmptyFist"],"picked":"SKIP","floor":11.0},{"not_picked":["LikeWater","EmptyFist","WaveOfTheHand"],"picked":"SKIP","floor":13.0},{"not_picked":["CrushJoints","Nirvana"],"picked":"Brilliance","floor":14.0},{"not_picked":["ConjureBlade","SpiritShield"],"picked":"Devotion","floor":16},{"not_picked":["SignatureMove+1","Collect"],"picked":"Consecrate+1","floor":18},{"not_picked":["CarveReality+1","FollowUp+1"],"picked":"Study","floor":19},{"not_picked":["DeceiveReality","FlurryOfBlows","ThirdEye+1"],"picked":"SKIP","floor":20},{"not_picked":["Adaptation","Fasting2","CrushJoints"],"picked":"SKIP","floor":22}],"player_experience":684610,"relics_obtained":[{"floor":7.0,"key":"Nunchaku"},{"floor":9.0,"key":"White Beast Statue"},{"floor":10.0,"key":"Toy Ornithopter"}],"event_choices":[{"damage_healed":0.0,"max_hp_gain":0.0,"max_hp_loss":0.0,"gold_gain":0.0,"cards_transformed":["Strike_P"],"event_name":"Living Wall","player_choice":"Change","floor":3.0,"gold_loss":0.0,"damage_taken":0.0,"cards_obtained":["BowlingBash"]},{"damage_healed":0.0,"max_hp_gain":5.0,"max_hp_loss":0.0,"gold_gain":0.0,"event_name":"Big Fish","player_choice":"Donut","floor":4.0,"gold_loss":0.0,"damage_taken":0.0}],"is_beta":false,"boss_relics":[{"not_picked":["Busted Crown","infinitespire:Cupcake"],"picked":"Philosopher\u0027s Stone"}],"items_purged_floors":[5,21],"is_endless":false,"potions_floor_spawned":[2,10,11,13,14,16,18,19,20,22],"killed_by":"Book of Stabbing","ascension_level":1}}