{"host":"acczert1kscx59ut","time":1609834157,"event":{"mods":["AchievementEnabler","Act Like it!","Aspiration","Astrologer","BaseMod","Beaked The Cultist","BetterRewards","Conspire","Decade(???)","Dio Mod","Downfall","Duelist Mod","Elementarium","Gensokyo","GifTheSpireLib","Glutton Mod","Gold Saver","Gremlin Mod","GungeonMod","Hallownest","Hermit","Hero for Fun","Hubris","Infinite Spire","Jorbs\u0027s Wanderer Trilogy","Koishi","Lobotomy","LobotomyExtend","Magitek Elite","Melee Mod","Minty Spire (QoL Compilation)","Quick Restart","Replay The Spire","Robot Space Explorer","Shade Mod","Shedinja","Shop Mod","Somnambulant","Spicy Shops","StSLib","Stuff the Spire","SuperFastMode","Td1madao Mod","The Animator","The Blackbeard","The Bug Knight","The Clintock","The Construct","The Cursed","The Disciple","The Dragon Tamer","The Exalted","The Factory","The Forsaken","The Gatherer","The Hayseed","The Hierophant","The Jungle","The Kombatant","The Necromancer","The Problem Sleuth","The Runesmith","The Showman","The Valiant","The Vixen","The Wild Card","TheFirefly","thorton","vexMod"],"gold_per_floor":[649,667,681,752,767,802,802,820,900,916,931,963,963,1026,1026,1131,1131,1143,1143,1158,1175,1189,1222,1222,1572,1572,1606,1635,1635,1635,1669,1669,1909,1909,2058,2227,2290,1208,1314,1314,1314,1314,1396,1371,1371,429,484,567,567,583],"floor_reached":51,"playtime":4802,"items_purged":["hubris:Lust"],"score":1229,"play_id":"f360ac49-8dbb-49d4-90b6-84f657979410","local_time":"20210105030917","is_ascension_mode":false,"campfire_choices":[{"floor":7,"key":"REST"},{"floor":15,"key":"REST"},{"data":"TheVixenMod:ClearSky","floor":24,"key":"SMITH"},{"floor":30,"key":"REST"},{"floor":40,"key":"REST"},{"data":"TheVixenMod:Dazzling","floor":45,"key":"SMITH"},{"data":"TheVixenMod:FutureSight","floor":49,"key":"SMITH"}],"circlet_count":0,"master_deck":["TheVixenMod:Strike_TheVixen","TheVixenMod:Strike_TheVixen","TheVixenMod:Strike_TheVixen","TheVixenMod:Strike_TheVixen","TheVixenMod:Defend_TheVixen","TheVixenMod:Defend_TheVixen","TheVixenMod:Defend_TheVixen","TheVixenMod:Defend_TheVixen","TheVixenMod:SunnyDay+1","TheVixenMod:Ember","TheVixenMod:FireSpin","TheVixenMod:FireBlast","TheVixenMod:Incinerate","TheVixenMod:Incinerate+1","TheVixenMod:FutureSight+1","TheVixenMod:HeatWave","TheVixenMod:TailWhip","TheVixenMod:Hypnosis+1","TheVixenMod:CalmMind","Burn","Burn","TheVixenMod:ClearSky+1","TheVixenMod:ShadowBall+1","TheVixenMod:MagicCoat","TheVixenMod:FlameBurst","TheVixenMod:Swagger+1","TheVixenMod:Extrasensory+1","TheVixenMod:Wish","stsjorbsmod:Procrastination","Injury","TheVixenMod:PsychoShift","TheVixenMod:Disable+1","theForsaken:PlagueCurse","TheVixenMod:Refresh","Guardian:Aged","TheVixenMod:Inferno","Forgetful","TheVixenMod:ShadowBall+1","TheVixenMod:FlareBlitz","Languid","SwitchConfidence","TheVixenMod:Overheat+1","TheVixenMod:Flamethrower","TheVixenMod:Flamethrower","TheVixenMod:Endure","TheVixenMod:Dazzling+1","TheVixenMod:Defiant+1","ReplayTheSpireMod:Whispers of Evil","TheVixenMod:HeatWave","ReplayTheSpireMod:Private Reserves","TheVixenMod:FlameCharge","Writhe","TheVixenMod:MindReader"],"relics":["TheVixenMod:BurningStick","LetterFromLob","Bromod:ArcaneAvenger","aspiration:StickyExplosives_weak","StuffTheSpire:PointBlank","vexMod:BarristanHead","Replay:Cursed D8","vexMod:FocusSash","Ring of Greed","Ring of Searing","Old Coin","Replay:Bandana","aspiration:FrozenJewel","Nunchaku","theForsaken:PlagueMask","infinitespire:EvilPickle","hubris:ScarierMask","vexMod:RetaliationKit","Thread and Needle","infinitespire:Lucky Rock","infinitespire:PuzzleCube","Sling","hubris:Towel","hubris:MysteriousPyramids","Gambling Chip","hubris:Potato","DemoMod:MeatBun","Incense Burner"],"acts_visited":["Exordium","TheCity","TheBeyond"],"potions_floor_usage":[6,14,16,23,33,33,33,36,50,50,51],"damage_taken":[{"damage":0,"enemies":"Cultist","floor":1,"turns":4},{"damage":1,"enemies":"Jaw Worm","floor":2,"turns":4},{"damage":5,"enemies":"Small Slimes","floor":3,"turns":3},{"damage":9,"enemies":"3 Louse","floor":5,"turns":4},{"damage":43,"enemies":"3 Sentries","floor":6,"turns":11},{"damage":9,"enemies":"Blue Slaver","floor":8,"turns":2},{"damage":0,"enemies":"Gremlin Gang","floor":10,"turns":3},{"damage":0,"enemies":"Large Slime","floor":11,"turns":2},{"damage":11,"enemies":"Gremlin Nob","floor":12,"turns":3},{"damage":9,"enemies":"3 Sentries","floor":14,"turns":5},{"damage":0,"enemies":"The Guardian","floor":16,"turns":11},{"damage":4,"enemies":"3 Byrds","floor":18,"turns":5},{"damage":0,"enemies":"Chosen","floor":20,"turns":3},{"damage":0,"enemies":"Snake Plant","floor":21,"turns":2},{"damage":0,"enemies":"Snecko","floor":22,"turns":4},{"damage":20,"enemies":"Gremlin Leader","floor":23,"turns":4},{"damage":33,"enemies":"Slavers","floor":27,"turns":4},{"damage":2,"enemies":"Shelled Parasite and Fungi","floor":28,"turns":3},{"damage":3,"enemies":"3 Cultists","floor":31,"turns":4},{"damage":12,"enemies":"Pondfish","floor":33,"turns":7},{"damage":5,"enemies":"3 Darklings","floor":35,"turns":2},{"damage":14,"enemies":"Orb Walker","floor":36,"turns":3},{"damage":12,"enemies":"2 Orb Walkers","floor":37,"turns":3},{"damage":6,"enemies":"Jaw Worm Horde","floor":39,"turns":3},{"damage":0,"enemies":"Transient","floor":47,"turns":5},{"damage":0,"enemies":"Reptomancer","floor":48,"turns":2},{"damage":43,"enemies":"infinitespire:MassOfShapes","floor":50,"turns":8}],"seed_played":"-5066159949478259554","potions_obtained":[{"floor":2,"key":"Block Potion"},{"floor":5,"key":"Reflective Coating"},{"floor":8,"key":"SpeedPotion"},{"floor":10,"key":"Dexterity Potion"},{"floor":11,"key":"DemoMod:LeadSkinPotion"},{"floor":14,"key":"EssenceOfSteel"},{"floor":20,"key":"GamblersBrew"},{"floor":23,"key":"PowerPotion"},{"floor":28,"key":"hexamod:EctoCoolerPotion"},{"floor":33,"key":"SkillPotion"},{"floor":35,"key":"DistilledChaos"},{"floor":37,"key":"Dexterity Potion"},{"floor":47,"key":"BlessingOfTheForge"}],"is_trial":false,"path_per_floor":["M","M","M","?","M","E","R","M","T","M","M","E","?","?","R","B",null,"M","?","M","M","M","E","R","?","T","E","M","?","R","M","R","B",null,"M","M","?","$","M","R","?","?","T","?","R","$","M","E","R","B",null],"character_chosen":"THE_VIXEN","items_purchased":["Thread and Needle","infinitespire:Lucky Rock","infinitespire:PuzzleCube","TheVixenMod:Flamethrower","Sling","TheVixenMod:Endure","TheVixenMod:Dazzling","Gambling Chip","TheVixenMod:HeatWave","ReplayTheSpireMod:Private Reserves","hubris:Potato","DemoMod:MeatBun"],"campfire_rested":4,"item_purchase_floors":[38,38,38,38,38,38,38,46,46,46,46,46],"current_hp_per_floor":[70,69,64,64,55,12,33,24,24,24,24,13,13,4,25,25,70,66,66,66,66,66,46,46,46,46,21,19,19,40,37,58,49,70,65,51,39,39,33,54,61,61,61,61,61,70,70,70,70,29],"gold":595,"neow_bonus":"UPGRADE_CARD","is_daily":false,"chose_seed":false,"campfire_upgraded":3,"win_rate":0.0,"timestamp":1609834157,"path_taken":["M","?","M","?","M","E","R","M","T","M","M","E","?","?","R","BOSS","M","?","?","M","M","E","R","?","T","E","M","?","R","M","R","BOSS","M","M","?","$","M","R","?","?","T","?","R","$","M","E","R","BOSS"],"items_purchased_type":["Relic","Relic","Relic","Card","Relic","Card","Card","Relic","Card","Card","Relic","Relic"],"build_version":"2020-12-22","purchased_purges":1,"victory":true,"max_hp_per_floor":[70,70,70,70,70,70,70,70,70,70,70,70,70,70,70,70,70,70,70,70,70,70,70,70,70,70,70,70,70,70,70,70,70,70,70,70,70,70,70,70,70,70,70,70,70,70,70,70,70,70],"card_choices":[{"not_picked":["TheVixenMod:Extrasensory","TheVixenMod:Protect"],"picked":"TheVixenMod:FireSpin","floor":1},{"not_picked":["TheVixenMod:Dazzling","TheVixenMod:FlareBlitz"],"picked":"TheVixenMod:FireBlast","floor":2},{"not_picked":["TheVixenMod:FlareBlitz","TheVixenMod:Telepathy"],"picked":"TheVixenMod:Incinerate","floor":3},{"not_picked":["TheVixenMod:WonderRoom","TheVixenMod:Psybeam"],"picked":"TheVixenMod:Incinerate","floor":5},{"not_picked":["TheVixenMod:FlameCharge","TheVixenMod:Swagger"],"picked":"TheVixenMod:FutureSight","floor":6},{"not_picked":["TheVixenMod:Facade","TheVixenMod:Psybeam"],"picked":"TheVixenMod:HeatWave","floor":8},{"not_picked":["TheVixenMod:Incinerate","TheVixenMod:PerishSong"],"picked":"TheVixenMod:TailWhip","floor":10},{"not_picked":["TheVixenMod:DoubleTeam","TheVixenMod:Wish"],"picked":"TheVixenMod:Hypnosis","floor":11},{"not_picked":["TheVixenMod:FirePledge","TheVixenMod:Psybeam"],"picked":"TheVixenMod:CalmMind","floor":12},{"not_picked":["TheVixenMod:FireFang","TheVixenMod:LavaPlume"],"picked":"TheVixenMod:WillOWisp","floor":14},{"not_picked":["TheVixenMod:SynergyBurst","TheVixenMod:BlastBurn"],"picked":"TheVixenMod:ClearSky","floor":16},{"not_picked":["TheVixenMod:FlameCharge","TheVixenMod:Psyshock+1"],"picked":"TheVixenMod:ShadowBall+1","floor":18},{"not_picked":["TheVixenMod:Facade","TheVixenMod:Confusion"],"picked":"TheVixenMod:FlameBurst","floor":20},{"not_picked":["TheVixenMod:TailWhip","TheVixenMod:CADC"],"picked":"TheVixenMod:Swagger+1","floor":21},{"not_picked":["TheVixenMod:TailWhip","TheVixenMod:Wish"],"picked":"TheVixenMod:Extrasensory","floor":22},{"not_picked":["TheVixenMod:FlameCharge+1","TheVixenMod:CalmMind"],"picked":"TheVixenMod:Wish","floor":23},{"not_picked":["TheVixenMod:PerishSong","TheVixenMod:Confusion"],"picked":"TheVixenMod:PsychoShift","floor":27},{"not_picked":["TheVixenMod:FireSpin","TheVixenMod:PerishSong"],"picked":"TheVixenMod:Disable+1","floor":28},{"not_picked":["TheVixenMod:Defiant","TheVixenMod:FireFang"],"picked":"TheVixenMod:Refresh","floor":31},{"not_picked":["TheVixenMod:BurnUp","TheVixenMod:Safeguard"],"picked":"TheVixenMod:Inferno","floor":33},{"not_picked":["TheVixenMod:Extrasensory","TheVixenMod:LavaPlume+1"],"picked":"TheVixenMod:ShadowBall+1","floor":35},{"not_picked":["TheVixenMod:Spite","TheVixenMod:WillOWisp"],"picked":"TheVixenMod:FlareBlitz","floor":36},{"not_picked":["TheVixenMod:FlareBlitz+1","TheVixenMod:TailWhip"],"picked":"TheVixenMod:Overheat+1","floor":37},{"not_picked":["TheVixenMod:NastyPlot","TheVixenMod:CalmMind+1"],"picked":"TheVixenMod:Defiant+1","floor":39},{"not_picked":["TheVixenMod:LightScreen+1","TheVixenMod:LavaPlume"],"picked":"TheVixenMod:FlameCharge","floor":47},{"not_picked":["TheVixenMod:FlameBody","TheVixenMod:LavaPlume"],"picked":"TheVixenMod:MindReader","floor":48}],"player_experience":167468,"relics_obtained":[{"floor":3,"key":"LetterFromLob"},{"floor":6,"key":"Bromod:ArcaneAvenger"},{"floor":9,"key":"aspiration:StickyExplosives_weak"},{"floor":12,"key":"StuffTheSpire:PointBlank"},{"floor":14,"key":"vexMod:BarristanHead"},{"floor":23,"key":"vexMod:FocusSash"},{"floor":25,"key":"Ring of Greed"},{"floor":25,"key":"Ring of Searing"},{"floor":25,"key":"Old Coin"},{"floor":25,"key":"Replay:Bandana"},{"floor":26,"key":"aspiration:FrozenJewel"},{"floor":27,"key":"Nunchaku"},{"floor":37,"key":"vexMod:RetaliationKit"},{"floor":43,"key":"hubris:MysteriousPyramids"},{"floor":48,"key":"Incense Burner"}],"event_choices":[{"damage_healed":0,"gold_gain":0,"player_choice":"Searched \u00271\u0027 times","damage_taken":0,"max_hp_gain":0,"max_hp_loss":0,"event_name":"Dead Adventurer","floor":14,"gold_loss":0},{"damage_healed":0,"gold_gain":0,"cards_transformed":["TheVixenMod:WillOWisp"],"player_choice":"Transformed","damage_taken":0,"max_hp_gain":0,"max_hp_loss":0,"event_name":"Transmorgrifier","floor":19,"gold_loss":0,"cards_obtained":["TheVixenMod:MagicCoat"]},{"damage_healed":0,"gold_gain":0,"player_choice":"Obtain Plague Curse","damage_taken":0,"max_hp_gain":0,"max_hp_loss":0,"event_name":"Plague Doctor","floor":29,"gold_loss":0,"cards_obtained":["theForsaken:PlagueCurse"]},{"damage_healed":0,"gold_gain":0,"player_choice":"Fight","damage_taken":0,"max_hp_gain":0,"max_hp_loss":0,"event_name":"Mysterious Sphere","floor":37,"gold_loss":0}],"is_beta":false,"boss_relics":[{"not_picked":["aspiration:RunicSpoon","theForsaken:PaleLantern"],"picked":"Replay:Cursed D8"},{"not_picked":["hubris:VirtuousBlindfold","conspire:SlowCooker"],"picked":"hubris:ScarierMask"}],"items_purged_floors":[38],"is_endless":false,"potions_floor_spawned":[2,5,8,10,11,14,20,23,28,31,33,35,37,47],"ascension_level":0}}