{"host":"Bilverbakes","time":1609806203,"event":{"mods":["2.2 Compatiblity","AchievementEnabler","BaseMod","Bestiary","Colored Map","Minty Spire (QoL Compilation)","Relic Stats","StSLib","ojb\u0027s Info Mod"],"gold_per_floor":[363,374,392,47,47,77,77,108,132,162,173,193,193,210,210,283,283,300,250,264,264,277,277,308,308,308,308,26,26,38,71,71,71,71],"floor_reached":33,"playtime":1585,"items_purged":["Writhe"],"score":644,"play_id":"158b349b-07cf-4747-93af-4f01ba4460a2","local_time":"20210104182323","is_ascension_mode":true,"campfire_choices":[{"floor":7,"key":"REST"},{"floor":13,"key":"REST"},{"data":"Doom and Gloom","floor":15,"key":"SMITH"},{"floor":23,"key":"REST"},{"data":"Electrodynamics","floor":29,"key":"SMITH"},{"data":"Chaos","floor":32,"key":"SMITH"}],"circlet_count":0,"master_deck":["AscendersBane","Zap","Dualcast","BootSequence","Ball Lightning","Doom and Gloom+1","Leap","FTL","Steam","Turbo","Conserve Battery","Go for the Eyes","Electrodynamics+1","Barrage","Leap","Defragment","Sweeping Beam","Leap","Hyperbeam","FTL","Skim","Genetic Algorithm","Compile Driver","Chaos+1"],"relics":["Cracked Core","Matryoshka","Bag of Marbles","Boot","Whetstone","Oddly Smooth Stone","Centennial Puzzle","Pandora\u0027s Box","Anchor","Ancient Tea Set","TungstenRod","Mercury Hourglass","Tiny Chest"],"acts_visited":["Exordium","TheCity"],"potions_floor_usage":[16,22,24,33],"damage_taken":[{"damage":7,"enemies":"Jaw Worm","floor":1,"turns":3},{"damage":2,"enemies":"2 Louse","floor":2,"turns":3},{"damage":6,"enemies":"Cultist","floor":3,"turns":4},{"damage":24,"enemies":"Lagavulin","floor":6,"turns":7},{"damage":16,"enemies":"3 Sentries","floor":8,"turns":6},{"damage":22,"enemies":"Lagavulin","floor":10,"turns":7},{"damage":0,"enemies":"Looter","floor":11,"turns":3},{"damage":1,"enemies":"3 Louse","floor":12,"turns":3},{"damage":3,"enemies":"Blue Slaver","floor":14,"turns":3},{"damage":20,"enemies":"Hexaghost","floor":16,"turns":9},{"damage":3,"enemies":"Spheric Guardian","floor":18,"turns":3},{"damage":3,"enemies":"Shell Parasite","floor":20,"turns":3},{"damage":0,"enemies":"Centurion and Healer","floor":22,"turns":2},{"damage":16,"enemies":"Book of Stabbing","floor":24,"turns":4},{"damage":0,"enemies":"3 Cultists","floor":30,"turns":2},{"damage":0,"enemies":"Gremlin Leader","floor":31,"turns":6},{"damage":43,"enemies":"Automaton","floor":33,"turns":6}],"seed_played":"6594746869370971377","potions_obtained":[{"floor":10,"key":"EssenceOfDarkness"},{"floor":11,"key":"Strength Potion"},{"floor":16,"key":"GamblersBrew"},{"floor":18,"key":"EssenceOfDarkness"},{"floor":30,"key":"Fruit Juice"}],"is_trial":false,"path_per_floor":["M","M","M","$","?","E","R","E","T","E","M","M","R","M","R","B",null,"M","?","M","?","M","R","E","?","T","?","$","R","M","E","R","B"],"character_chosen":"DEFECT","items_purchased":["Matryoshka","Mercury Hourglass"],"campfire_rested":3,"item_purchase_floors":[4,28],"current_hp_per_floor":[57,55,49,49,49,25,46,30,30,8,8,7,28,25,25,5,55,52,52,49,29,29,51,35,35,35,35,35,35,35,35,35,0,0],"gold":71,"neow_bonus":"TWO_FIFTY_GOLD","is_daily":false,"chose_seed":false,"campfire_upgraded":3,"win_rate":0.0,"timestamp":1609806203,"path_taken":["M","M","M","$","?","E","R","E","T","E","M","M","R","M","R","BOSS","M","?","?","?","M","R","E","?","T","?","$","R","M","E","R","BOSS"],"items_purchased_type":["Relic","Relic"],"build_version":"2020-12-18","purchased_purges":1,"victory":false,"max_hp_per_floor":[71,71,71,71,71,71,71,71,71,71,71,71,71,71,71,71,71,71,71,71,76,76,76,76,76,76,76,76,76,76,76,76,81,81],"relic_stats":{"Centennial Puzzle":[21],"counters":[17,74],"Pandora\u0027s Box":["Melter","Barrage","Leap","Defragment","Sweeping Beam","Leap","Hyperbeam","FTL"],"Tiny Chest":0,"Whetstone":["Strike_B","Strike_B"],"Boot":[23],"obtain_stats":[{"Oddly Smooth Stone":9,"Whetstone":9,"Boot":8,"Ancient Tea Set":26,"Mercury Hourglass":28,"Centennial Puzzle":10,"Anchor":24,"Matryoshka":4,"Pandora\u0027s Box":17,"Tiny Chest":31,"Bag of Marbles":6,"Cracked Core":0,"TungstenRod":26},{"Oddly Smooth Stone":5,"Whetstone":5,"Boot":5,"Ancient Tea Set":14,"Mercury Hourglass":14,"Centennial Puzzle":6,"Anchor":14,"Matryoshka":3,"Pandora\u0027s Box":10,"Tiny Chest":16,"Bag of Marbles":4,"Cracked Core":0,"TungstenRod":14},{"Oddly Smooth Stone":23,"Whetstone":23,"Boot":23,"Ancient Tea Set":60,"Mercury Hourglass":60,"Centennial Puzzle":30,"Anchor":60,"Matryoshka":10,"Pandora\u0027s Box":48,"Tiny Chest":68,"Bag of Marbles":17,"Cracked Core":0,"TungstenRod":60}],"TungstenRod":2,"Mercury Hourglass":[84]},"card_choices":[{"not_picked":["Beam Cell","Steam"],"picked":"BootSequence","floor":1},{"not_picked":["Barrage","Steam"],"picked":"Ball Lightning","floor":2},{"not_picked":["Melter","Redo"],"picked":"Doom and Gloom","floor":3},{"not_picked":["Turbo","Defragment"],"picked":"Leap","floor":6},{"not_picked":["Streamline","Rebound"],"picked":"FTL","floor":8},{"not_picked":["Coolheaded","Amplify"],"picked":"Steam","floor":10},{"not_picked":["Stack","Beam Cell"],"picked":"Turbo","floor":11},{"not_picked":["Streamline","Cold Snap"],"picked":"Conserve Battery","floor":12},{"not_picked":["Redo","Steam"],"picked":"Go for the Eyes","floor":14},{"not_picked":["Amplify","Multi-Cast"],"picked":"Electrodynamics","floor":16},{"not_picked":["Stack","Force Field"],"picked":"Skim","floor":18},{"not_picked":["Streamline","Redo","Heatsinks"],"picked":"SKIP","floor":20},{"not_picked":["BootSequence","Sweeping Beam"],"picked":"Genetic Algorithm","floor":22},{"not_picked":["Go for the Eyes","Skim","Chill"],"picked":"SKIP","floor":24},{"not_picked":["Gash","Stack"],"picked":"Compile Driver","floor":30},{"not_picked":["Stack","Ball Lightning"],"picked":"Chaos","floor":31}],"player_experience":576586,"relics_obtained":[{"floor":6,"key":"Bag of Marbles"},{"floor":8,"key":"Boot"},{"floor":9,"key":"Whetstone"},{"floor":9,"key":"Oddly Smooth Stone"},{"floor":10,"key":"Centennial Puzzle"},{"floor":24,"key":"Anchor"},{"floor":26,"key":"Ancient Tea Set"},{"floor":26,"key":"TungstenRod"},{"floor":31,"key":"Tiny Chest"}],"event_choices":[{"damage_healed":0,"gold_gain":0,"player_choice":"Ignored","damage_taken":0,"max_hp_gain":0,"max_hp_loss":0,"event_name":"Liars Game","floor":5,"gold_loss":0},{"damage_healed":0,"gold_gain":0,"player_choice":"Bet on Owner","damage_taken":0,"max_hp_gain":0,"max_hp_loss":0,"event_name":"The Joust","floor":19,"gold_loss":50},{"damage_healed":0,"gold_gain":0,"player_choice":"Shed Blood","damage_taken":25,"max_hp_gain":5,"max_hp_loss":0,"event_name":"Forgotten Altar","floor":21,"gold_loss":0},{"damage_healed":0,"gold_gain":0,"player_choice":"Ignored","damage_taken":0,"max_hp_gain":0,"max_hp_loss":0,"event_name":"Beggar","floor":25,"gold_loss":0},{"cards_removed":["Melter"],"damage_healed":0,"gold_gain":0,"player_choice":"Elegance","damage_taken":0,"max_hp_gain":0,"max_hp_loss":0,"event_name":"Back to Basics","floor":27,"gold_loss":0}],"is_beta":true,"boss_relics":[{"not_picked":["Philosopher\u0027s Stone","Inserter"],"picked":"Pandora\u0027s Box"}],"items_purged_floors":[4],"is_endless":false,"potions_floor_spawned":[10,11,12,14,16,18,30],"killed_by":"Automaton","ascension_level":19}}