{"host":"y6h8h5dnjuludn40","time":1609826446,"event":{"mods":["BaseMod","Colored Map","Colored Powertips","Googly Eyes","Hermit","Minty Spire (QoL Compilation)","Replay The Spire","StSLib","The Construct","The Hierophant"],"gold_per_floor":[211,237,268,300,337,366,70,135,135,135,135,211,211,279,279,271,271],"floor_reached":16,"playtime":927,"items_purged":[],"score":131,"play_id":"8a0a26a7-2fde-483f-8636-837889d3b20e","local_time":"20210105000046","is_ascension_mode":false,"campfire_choices":[{"floor":11,"key":"REST"},{"data":"hierophant:MintersHammer","floor":13,"key":"SMITH"},{"floor":15,"key":"REST"}],"circlet_count":0,"master_deck":["hierophant:Strike_Hierophant","hierophant:Strike_Hierophant","hierophant:Strike_Hierophant","hierophant:Strike_Hierophant","hierophant:Punish","hierophant:Defend_Hierophant","hierophant:Defend_Hierophant","hierophant:Defend_Hierophant","hierophant:ChurchCoffers","hierophant:Doubloon","hierophant:Refuge","hierophant:Doubloon+1","hierophant:ConvertCurrency","hierophant:Doubloon","hierophant:CoinFling","hierophant:Upheaval","hierophant:OrnateBuckler","Dramatic Entrance","hierophant:Patience","hierophant:MintersHammer+1","hierophant:OrnateBuckler","hierophant:FaithHealing","hierophant:Levitation","hierophant:RustyCrate","hierophant:Doubloon+1","hierophant:Doubloon","hierophant:RepressedViolence","hierophant:Doubloon+1","hierophant:Refuge+1","hierophant:OrnateJavelin"],"relics":["hierophant:PropheticMaskRelic","Replay:Rubber Ducky","Orrery"],"acts_visited":["Exordium"],"potions_floor_usage":[3,6,16,16],"damage_taken":[{"damage":1,"enemies":"Jaw Worm","floor":1,"turns":5},{"damage":0,"enemies":"2 Louse","floor":2,"turns":1},{"damage":0,"enemies":"Cultist","floor":3,"turns":3},{"damage":6,"enemies":"3 Louse","floor":4,"turns":3},{"damage":10,"enemies":"Exordium Wildlife","floor":5,"turns":7},{"damage":29,"enemies":"Lagavulin","floor":6,"turns":4},{"damage":2,"enemies":"2 Fungi Beasts","floor":8,"turns":3},{"damage":19,"enemies":"Gremlin Gang","floor":12,"turns":3},{"damage":0,"enemies":"Looter","floor":14,"turns":3},{"damage":54,"enemies":"Hexaghost","floor":16,"turns":14}],"seed_played":"-2232335107249272658","potions_obtained":[{"floor":1,"key":"Death Potion"},{"floor":2,"key":"Fire Potion"},{"floor":6,"key":"Venom Potion"},{"floor":12,"key":"PowerPotion"}],"is_trial":false,"path_per_floor":["M","M","M","M","M","E","$","M","T","?","R","M","R","M","R","B"],"character_chosen":"HIEROPHANT","items_purchased":["Dramatic Entrance","Orrery","hierophant:RustyCrate"],"campfire_rested":2,"item_purchase_floors":[7,7,7],"current_hp_per_floor":[74,74,74,68,58,29,29,27,27,27,49,30,30,30,52,0,0],"gold":271,"neow_bonus":"HUNDRED_GOLD","is_daily":false,"chose_seed":false,"campfire_upgraded":1,"win_rate":0.0,"timestamp":1609826446,"path_taken":["M","M","M","M","M","E","$","M","T","?","R","M","R","M","R","BOSS"],"items_purchased_type":["Card","Relic","Card"],"build_version":"2020-12-22","purchased_purges":0,"victory":false,"max_hp_per_floor":[75,75,75,75,75,75,75,75,75,75,75,75,75,75,75,75,75],"card_choices":[{"not_picked":["hierophant:AuricBeam","hierophant:Endure"],"picked":"hierophant:Refuge","floor":1},{"not_picked":["hierophant:Embezzle","hierophant:ThreeLashes"],"picked":"hierophant:ConvertCurrency","floor":2},{"not_picked":["hierophant:ThreeLashes","hierophant:DisplayOfPower","hierophant:PassingBell"],"picked":"SKIP","floor":3},{"not_picked":["hierophant:MirrorShield","hierophant:Blessing"],"picked":"hierophant:CoinFling","floor":4},{"not_picked":["hierophant:PassingBell","hierophant:Shelter"],"picked":"hierophant:Upheaval","floor":5},{"not_picked":["hierophant:RustyCrate","hierophant:ArchangelShield"],"picked":"hierophant:OrnateBuckler","floor":6},{"not_picked":["hierophant:DisplayOfPower","hierophant:HammerAndAnvil"],"picked":"hierophant:Patience","floor":7},{"not_picked":["hierophant:Remorse","hierophant:Batter"],"picked":"hierophant:MintersHammer","floor":7},{"not_picked":["hierophant:RustyCrate","hierophant:SealAway"],"picked":"hierophant:OrnateBuckler","floor":7},{"not_picked":["hierophant:FieryStrike","hierophant:ThreeLashes"],"picked":"hierophant:FaithHealing","floor":7},{"not_picked":["hierophant:ThreeLashes","hierophant:FlamingChariot"],"picked":"hierophant:Levitation","floor":7},{"not_picked":["hierophant:MorningPrayer","hierophant:Refuge"],"picked":"hierophant:RepressedViolence","floor":8},{"not_picked":["hierophant:Chorus","hierophant:Encroach","hierophant:Sermon"],"picked":"SKIP","floor":12},{"not_picked":["hierophant:Chorus","hierophant:Smite"],"picked":"hierophant:OrnateJavelin","floor":14}],"player_experience":251477,"relics_obtained":[{"floor":6,"key":"Replay:Rubber Ducky"}],"event_choices":[],"is_beta":false,"boss_relics":[],"items_purged_floors":[],"is_endless":false,"potions_floor_spawned":[1,2,6,12],"killed_by":"Hexaghost","ascension_level":0}}