{"host":"7xbu8gt067z192g2","time":1609808811,"event":{"mods":["BaseMod","Better Note","Colored Map","Colored Powertips","Googly Eyes","Highlight Path","Minty Spire (QoL Compilation)","Rare Cards Sparkle","Replay The Spire","StSLib","The Bladedancer","The Cursed","The Hierophant","The Valiant","The Wild Card"],"gold_per_floor":[119,119,45,45,58,91,110,143,143,123,135,135,135,135,162,173,173,273,273,287,305,49,49,49],"floor_reached":23,"playtime":1824,"items_purged":["Strike_G"],"score":219,"play_id":"82b52480-34ed-4712-8df4-d3f712d6b3a3","local_time":"20210104200651","is_ascension_mode":true,"campfire_choices":[{"data":"Riddle With Holes","floor":12,"key":"SMITH"},{"data":"Terror","floor":12,"key":"SMITH"},{"data":"Storm of Steel","floor":17,"key":"SMITH"},{"data":"Prepared","floor":17,"key":"SMITH"}],"circlet_count":0,"master_deck":["Strike_G","Strike_G+1","Defend_G","Defend_G","Survivor","Neutralize","PiercingWail","Riddle With Holes+1","Prepared+1","Deadly Poison","Underhanded Strike","Terror+1","Acrobatics","Backflip","Storm of Steel+1","Night Terror","CurseOfTheBell","PiercingWail","Reflex","Infinite Blades"],"relics":["Kintsugi","Replay:Arrowhead","Potion Belt","Lizard Tail","Pantograph","Calling Bell","Replay:Mystery Machine","InkBottle","Prayer Wheel","Pen Nib"],"acts_visited":["Exordium","TheCity"],"potions_floor_usage":[6,8,15,20],"damage_taken":[{"damage":3,"enemies":"2 Louse","floor":1,"turns":3},{"damage":8,"enemies":"Jaw Worm","floor":5,"turns":3},{"damage":22,"enemies":"Gremlin Nob","floor":6,"turns":5},{"damage":0,"enemies":"Cultist","floor":7,"turns":2},{"damage":16,"enemies":"Lagavulin","floor":8,"turns":5},{"damage":13,"enemies":"Looter","floor":11,"turns":3},{"damage":6,"enemies":"Gremlin Nob","floor":15,"turns":3},{"damage":16,"enemies":"Lots of Slimes","floor":16,"turns":5},{"damage":29,"enemies":"The Guardian","floor":18,"turns":9},{"damage":31,"enemies":"3 Byrds","floor":20,"turns":7},{"damage":18,"enemies":"Spheric Guardian","floor":21,"turns":6},{"damage":26,"enemies":"Cultist and Chosen","floor":23,"turns":4}],"seed_played":"-1166233197212950693","potions_obtained":[{"floor":1,"key":"Energy Potion"},{"floor":7,"key":"Venom Potion"},{"floor":10,"key":"Explosive Potion"},{"floor":11,"key":"AttackPotion"},{"floor":18,"key":"CunningPotion"}],"is_trial":false,"path_per_floor":["M","?","$","?","M","E","M","E","T","?","M","R","PTL","PTL","E","M","R","B",null,"M","M","$","M"],"character_chosen":"THE_SILENT","items_purchased":["Riddle With Holes","Pen Nib","Infinite Blades"],"campfire_rested":0,"item_purchase_floors":[3,22,22],"current_hp_per_floor":[67,67,67,67,59,37,37,21,21,21,8,8,8,8,2,25,25,21,70,39,21,21,0,0],"gold":49,"neow_bonus":"BOSS_RELIC","is_daily":false,"chose_seed":false,"campfire_upgraded":4,"win_rate":0.0,"timestamp":1609808811,"path_taken":["M","?","$","?","M","E","?","E","T","?","M","R","PTL","PTL","E","M","R","BOSS","M","?","$","M"],"items_purchased_type":["Card","Relic","Card"],"build_version":"2020-12-22","purchased_purges":1,"victory":false,"max_hp_per_floor":[70,70,70,70,70,70,70,70,70,70,70,70,70,70,70,70,70,70,70,70,70,70,70,70],"card_choices":[{"not_picked":["Leg Sweep","Backflip"],"picked":"PiercingWail","floor":1},{"not_picked":["Flying Knee","Cloak And Dagger"],"picked":"Prepared","floor":5},{"not_picked":["ReplayTheSpireMod:Exploit Weakness","Prepared"],"picked":"Deadly Poison","floor":6},{"not_picked":["Backflip","Dodge and Roll"],"picked":"Underhanded Strike","floor":7},{"not_picked":["Blur","Flying Knee"],"picked":"Terror","floor":8},{"not_picked":["Sneak Up","Underhanded Strike"],"picked":"Acrobatics","floor":11},{"not_picked":["Draining Mist","Slice"],"picked":"Backflip","floor":15},{"not_picked":["Poisoned Stab","Sucker Punch"],"picked":"Storm of Steel","floor":16},{"not_picked":["Venomology","Atom Bomb"],"picked":"Night Terror","floor":18},{"not_picked":["Caltrops+1","Blur"],"picked":"PiercingWail","floor":20},{"not_picked":["Backstab+1","Deflect","Riddle With Holes"],"picked":"SKIP","floor":20},{"not_picked":["Eviscerate","Poisoned Stab"],"picked":"Reflex","floor":21},{"not_picked":["Underhanded Strike+1","Bane","Outmaneuver"],"picked":"SKIP","floor":21}],"player_experience":136976,"relics_obtained":[{"floor":6,"key":"Replay:Arrowhead"},{"floor":8,"key":"Potion Belt"},{"floor":9,"key":"Lizard Tail"},{"floor":15,"key":"Pantograph"},{"floor":19,"key":"Replay:Mystery Machine"},{"floor":19,"key":"InkBottle"},{"floor":19,"key":"Prayer Wheel"}],"event_choices":[{"cards_removed":["Writhe","CommonCold"],"damage_healed":0,"gold_gain":0,"player_choice":"Removed Curses","damage_taken":0,"max_hp_gain":0,"max_hp_loss":0,"event_name":"Fountain of Cleansing","floor":4,"gold_loss":0},{"damage_healed":0,"gold_gain":0,"player_choice":"Bought 1 Potion","damage_taken":0,"max_hp_gain":0,"max_hp_loss":0,"event_name":"The Woman in Blue","floor":10,"gold_loss":0}],"is_beta":false,"boss_relics":[{"not_picked":["Tiny House","Abe\u0027s Treasure"],"picked":"Calling Bell"}],"items_purged_floors":[22],"is_endless":false,"potions_floor_spawned":[1,7,11,18],"killed_by":"Cultist and Chosen","ascension_level":1}}