{"host":"r6wilvrr1tovskr2","time":1609824568,"event":{"mods":["2.2 Compatiblity","AchievementEnabler","Aspiration","BaseMod","Bestiary","Better Altar","Better Match","Better Note","Better Sensory Stone","Better Skull","Better Third Choice","Colored Powertips","Conspire","Curses Come First","Energized Spire","GifTheSpireLib","Halation","Highlight Path","Hubris","Infinite Spire","Marked Mod","Minty Spire (QoL Compilation)","Quick Restart","Replay The Spire","Shop Mod","Spicy Shops","Spikes Relics","StSLib","Stuff the Spire","The Blue Laboratory","vexMod"],"gold_per_floor":[10,29,49,49,49,49,49,67,90,90,90,121,121,141,141,141,141,141,141],"floor_reached":18,"playtime":882,"items_purged":[],"score":154,"play_id":"4a5b9b23-07a5-4df6-b854-90b25a18d18f","local_time":"20210104232928","is_ascension_mode":true,"campfire_choices":[{"floor":6,"key":"RECALL"},{"data":"Heel Hook","floor":13,"key":"SMITH"},{"data":"Neutralize","floor":15,"key":"SMITH"},{"data":"StuffTheSpire:Injection","floor":17,"key":"SMITH"}],"circlet_count":0,"master_deck":["Strike_G","Strike_G","Strike_G","Defend_G","Defend_G","Defend_G","Defend_G","Defend_G","Dagger Throw","StuffTheSpire:Injection+1","Heel Hook+1","Leap","Beam Cell+1"],"relics":["Ring of the Snake","Toy Ornithopter","StuffTheSpire:Nightcore"],"acts_visited":["Exordium"],"potions_floor_usage":[12],"damage_taken":[{"damage":0,"enemies":"Jaw Worm","floor":1,"turns":7},{"damage":0,"enemies":"2 Louse","floor":2,"turns":2},{"damage":0,"enemies":"infinitespire:Voidling","floor":3,"turns":5},{"damage":4,"enemies":"2 Fungi Beasts","floor":8,"turns":3},{"damage":17,"enemies":"Replay:BlueRogue","floor":12,"turns":10},{"damage":2,"enemies":"Large Slime","floor":14,"turns":9},{"damage":50,"enemies":"Hexaghost","floor":18,"turns":11}],"seed_played":"-4978425107810984769","potions_obtained":[{"floor":2,"key":"blueLaboratory:EnragingPotion"},{"floor":3,"key":"Poison Potion"}],"is_trial":false,"path_per_floor":["M","M","M","?","?","R","$","M","T","PTL","PTL","E","R","M","R","?","R","B"],"character_chosen":"THE_SILENT","items_purchased":[],"campfire_rested":0,"item_purchase_floors":[],"current_hp_per_floor":[63,63,63,63,68,68,68,64,64,64,64,52,52,50,50,50,50,0,0],"gold":141,"neow_bonus":"REMOVE_TWO","is_daily":false,"chose_seed":false,"campfire_upgraded":3,"win_rate":0.0,"timestamp":1609824568,"path_taken":["M","M","M","?","?","R","$","?","T","PTL","PTL","E","R","M","R","?","R","BOSS"],"items_purchased_type":[],"build_version":"2020-12-22","purchased_purges":0,"victory":false,"max_hp_per_floor":[70,70,70,70,70,70,70,70,70,70,70,70,70,70,70,70,70,70,70],"card_choices":[{"not_picked":["hubris:SlightOfHand","PiercingWail"],"picked":"Dagger Throw","floor":1},{"not_picked":["Leg Sweep","Deflect"],"picked":"StuffTheSpire:Injection","floor":2},{"not_picked":["StuffTheSpire:ClusterCrunch","Storm of Steel"],"picked":"Heel Hook","floor":3},{"not_picked":["Backstab","Crippling Poison","Blade Dance"],"picked":"SKIP","floor":8},{"not_picked":["Tactician","StuffTheSpire:Python","Blade Dance"],"picked":"SKIP","floor":12},{"not_picked":["Prepared","Slice","Bouncing Flask"],"picked":"SKIP","floor":14}],"player_experience":1180518,"relics_obtained":[{"floor":12,"key":"StuffTheSpire:Nightcore"}],"event_choices":[{"cards_removed":["StuffTheSpire:CuriosityCurse"],"damage_healed":5,"gold_gain":0,"player_choice":"Offered Special","damage_taken":0,"max_hp_gain":0,"max_hp_loss":0,"event_name":"Bonfire Elementals","floor":5,"gold_loss":0}],"is_beta":false,"boss_relics":[],"items_purged_floors":[],"is_endless":false,"potions_floor_spawned":[2,3],"killed_by":"Hexaghost","ascension_level":8}}