{"host":"0cnf9zf1gia27zti","time":1609880212,"event":{"mods":["BaseMod","Better Third Choice","BetterRewards","Card Forge","ChefMod","Colored Map","Colored Powertips","Conspire","Downfall","Googly Eyes","Infinite Spire","Minty Spire (QoL Compilation)","Practice Mode","Quick Restart","Replay The Spire","Shade Mod","Spicy Shops","StSLib","The Marked"],"gold_per_floor":[141,141,198,198,234,333,333,414,414,444,117,156,252,27,80,308,308,344,116,164,114,114,114,114,172,241,355,430,430,535,648,648,876,876,909,963,1031,975,975,1113,1113,1527,1527,1620,1678,1784,1858,1888,1888,2151,2390,2540,2540,2372,2495,2742],"floor_reached":57,"playtime":64884,"items_purged":[],"score":3932,"play_id":"253cc85a-a34c-404a-9c6b-b0bfcc270be4","local_time":"20210105205652","daily_mods":["SealedDeck","Heirloom","downfall:Lament","DeadlyEvents","Elite Swarm","Midas"],"is_ascension_mode":true,"campfire_choices":[{"floor":7,"key":"REST"},{"floor":23,"key":"REST"},{"floor":32,"key":"REST"},{"floor":41,"key":"REST"},{"floor":49,"key":"REST"},{"floor":53,"key":"REST"}],"circlet_count":0,"master_deck":["AscendersBane","DevaForm+1","Replay:ManipulateFuture+1","Collect+1","PathToVictory+1","PathToVictory+1","Study+1","Evaluate+1","ThirdEye+1","Evaluate+1","PathToVictory+1","infinitespire:SevenWalls+1","Sanctity+1","Alpha+1","ThirdEye+1","SpiritShield+1","DevaForm+1","Mayhem+1","conspire:SpireCoStock+1","DevaForm+1","Wish+1","infinitespire:FutureSight+1","SpiritShield+1","Scrawl+1","Vault+1","Wish+1","Wish+1","Wish+1","Scrawl+1","SpiritShield+1","infinitespire:SevenWalls"],"relics":["PureWater","Hammer of Thor","Seething Fire","Anvil of the Gods","NeowsBlessing","Ring of Chaos","conspire:GiftBox","WarpedTongs","infinitespire:Satchel","infinitespire:BottledMercury","Bag of Preparation","Membership Card","WingedGreaves","Whetstone","Omamori","Divine Protection","conspire:SlowCooker","Medical Kit","Ancient Tea Set","Quantum Egg","Replay:Wax Seal","Replay:Kaleidoscope","Nunchaku","CeramicFish","Calling Bell","Tiny Chest","infinitespire:Eraser","Replay:PocketPolymizer","infinitespire:Bottled Soul","infinitespire:PuzzleCube","Old Coin","conspire:Flyswatter","Guardian:GemstoneGun","TungstenRod","Onion Ring","Tiny House","Replay:Bandana","Blue Doll","Girya"],"acts_visited":["Exordium","TheCity","TheBeyond","TheEnding"],"potions_floor_usage":[6,16,18,25,28,46,46,55,55,56],"damage_taken":[{"damage":0,"enemies":"Jaw Worm","floor":1,"turns":2},{"damage":0,"enemies":"2 Louse","floor":3,"turns":1},{"damage":0,"enemies":"Cultist","floor":5,"turns":1},{"damage":5,"enemies":"Gremlin Nob","floor":6,"turns":3},{"damage":0,"enemies":"Lagavulin","floor":8,"turns":4},{"damage":2,"enemies":"Looter","floor":10,"turns":2},{"damage":0,"enemies":"Exordium Wildlife","floor":12,"turns":3},{"damage":0,"enemies":"3 Sentries","floor":13,"turns":4},{"damage":0,"enemies":"The Guardian","floor":16,"turns":4},{"damage":0,"enemies":"Chosen","floor":18,"turns":4},{"damage":0,"enemies":"2 Thieves","floor":20,"turns":3},{"damage":10,"enemies":"Sentry and Sphere","floor":25,"turns":5},{"damage":16,"enemies":"Book of Stabbing","floor":27,"turns":4},{"damage":0,"enemies":"Gremlin Leader","floor":28,"turns":5},{"damage":0,"enemies":"Book of Stabbing","floor":30,"turns":5},{"damage":0,"enemies":"Nightmare","floor":31,"turns":5},{"damage":0,"enemies":"Collector","floor":33,"turns":6},{"damage":0,"enemies":"Orb Walker","floor":35,"turns":4},{"damage":0,"enemies":"3 Shapes","floor":36,"turns":4},{"damage":0,"enemies":"3 Darklings","floor":37,"turns":3},{"damage":0,"enemies":"R_Hoarder","floor":40,"turns":8},{"damage":0,"enemies":"Giant Head","floor":42,"turns":7},{"damage":0,"enemies":"R_Hoarder","floor":44,"turns":6},{"damage":32,"enemies":"Transient","floor":45,"turns":7},{"damage":0,"enemies":"Nemesis","floor":46,"turns":4},{"damage":0,"enemies":"Sphere and 2 Shapes","floor":48,"turns":5},{"damage":7,"enemies":"Awakened One","floor":50,"turns":8},{"damage":0,"enemies":"Donu and Deca","floor":51,"turns":7},{"damage":0,"enemies":"Shield and Spear","floor":55,"turns":4},{"damage":32,"enemies":"The Heart","floor":56,"turns":8}],"seed_played":"-4629014547972071257","potions_obtained":[{"floor":1,"key":"SpeedPotion"},{"floor":3,"key":"Weak Potion"},{"floor":5,"key":"PowerPotion"},{"floor":16,"key":"PowerPotion"},{"floor":20,"key":"sneckomod:MuddlingPotion"},{"floor":27,"key":"LiquidBronze"},{"floor":37,"key":"Doom Potion"},{"floor":42,"key":"Dexterity Potion"},{"floor":45,"key":"Swift Potion"},{"floor":50,"key":"Elixir"},{"floor":51,"key":"LiquidBronze"},{"floor":52,"key":"ColorlessPotion"},{"floor":55,"key":"Elixir"}],"is_trial":true,"path_per_floor":["M","?","M","?","M","E","R","E","T","M","$","M","E","$","R_BF","B",null,"M","$","M","?","?","R","T","M","T","E","E","?","E","NM","R","B",null,"M","M","M","$","?","E","R","E","T","E","M","E","T","M","R","B","B",null,"R","$","E","B",null],"character_chosen":"WATCHER","items_purchased":["Membership Card","WingedGreaves","Omamori","Divine Protection","Mayhem","Medical Kit","infinitespire:Bottled Soul","Replay:Bandana","Blue Doll"],"campfire_rested":6,"item_purchase_floors":[11,11,14,14,19,19,38,54,54],"current_hp_per_floor":[61,44,44,44,44,39,59,59,59,57,57,57,57,57,57,57,65,65,65,65,65,46,67,67,57,57,41,41,41,41,41,62,62,70,70,70,70,70,70,70,73,73,73,73,41,41,41,41,62,55,55,74,78,78,78,46],"gold":2742,"neow_bonus":"","is_daily":false,"chose_seed":false,"campfire_upgraded":0,"win_rate":0.0,"timestamp":1609880212,"path_taken":["M","?","M","?","?","E","R","E","T","M","$","M","E","$","R_BF","BOSS","M","$","M","?","?","R","?","?","T","E","?","?","?","NM","R","BOSS","M","M","M","$","?","E","R","E","T","E","?","?","?","M","R","BOSS","BOSS","R","$","E","BOSS"],"items_purchased_type":["Relic","Relic","Relic","Relic","Card","Relic","Relic","Relic","Relic"],"build_version":"2020-12-22","purchased_purges":0,"victory":true,"max_hp_per_floor":[68,68,68,68,68,68,68,68,68,68,68,68,68,68,68,68,68,68,68,68,68,73,73,73,73,73,73,73,73,73,73,73,73,73,73,73,73,73,73,73,73,73,73,73,73,73,73,73,73,73,73,78,78,78,78,78],"card_choices":[{"not_picked":["Establishment","Ragnarok"],"picked":"DevaForm","floor":0},{"not_picked":["CrushJoints","Halt"],"picked":"PathToVictory","floor":1},{"not_picked":["ReplayTheSpireMod:Haul","infinitespire:TheBestDefense"],"picked":"infinitespire:SevenWalls","floor":2},{"not_picked":["Replay:ManipulateFuture","EmptyBody","Protect"],"picked":"SKIP","floor":3},{"not_picked":["FlyingSleeves","EmptyMind"],"picked":"Sanctity","floor":5},{"not_picked":["Judgement","Brilliance","LessonLearned"],"picked":"SKIP","floor":6},{"not_picked":["Replay:AllIn","MasterReality"],"picked":"Alpha","floor":8},{"not_picked":["ReachHeaven","Replay:AtTheReady","FollowUp"],"picked":"SKIP","floor":10},{"not_picked":["CrushJoints","EmptyFist"],"picked":"ThirdEye","floor":12},{"not_picked":["Brilliance","Wish"],"picked":"SpiritShield","floor":13},{"not_picked":["LessonLearned","DeusExMachina"],"picked":"DevaForm","floor":16},{"not_picked":["EmptyBody","Protect","Replay:Vibes"],"picked":"SKIP","floor":18},{"not_picked":["Prostrate","Replay:AtTheReady","Meditate"],"picked":"SKIP","floor":20},{"not_picked":["ThirdEye","EmptyFist","Replay:Anticipation"],"picked":"SKIP","floor":25},{"not_picked":["ConjureBlade","Ragnarok"],"picked":"DevaForm","floor":27},{"not_picked":["Blasphemy","Alpha"],"picked":"Wish","floor":28},{"not_picked":["Ragnarok","MasterReality","Judgement"],"picked":"SKIP","floor":30},{"not_picked":["infinitespire:FinalStrike","infinitespire:TheBestDefense"],"picked":"infinitespire:FutureSight","floor":31},{"not_picked":["Blasphemy","Judgement"],"picked":"SpiritShield","floor":31},{"not_picked":["Ragnarok","SpiritShield"],"picked":"MasterReality","floor":33},{"not_picked":["FollowUp","JustLucky","Crescendo"],"picked":"SKIP","floor":35},{"not_picked":["Replay:Anticipation","Indignation","SandsOfTime"],"picked":"SKIP","floor":36},{"not_picked":["Pray","Consecrate","InnerPeace"],"picked":"SKIP","floor":37},{"not_picked":["Devotion","DeusExMachina"],"picked":"Scrawl","floor":40},{"not_picked":["Scrawl","Devotion"],"picked":"Vault","floor":42},{"not_picked":["LessonLearned","Blasphemy"],"picked":"Wish","floor":44},{"not_picked":["Evaluate","SignatureMove","FlurryOfBlows"],"picked":"SKIP","floor":45},{"not_picked":["Omniscience","Judgement"],"picked":"Wish","floor":46},{"not_picked":["Pray","Replay:Hum","Halt"],"picked":"SKIP","floor":48},{"not_picked":["Devotion","Brilliance"],"picked":"Wish","floor":50},{"not_picked":["Devotion","Ragnarok"],"picked":"Scrawl","floor":51},{"not_picked":["MasterReality","Blasphemy"],"picked":"SpiritShield","floor":55},{"not_picked":["ReplayTheSpireMod:Book of Names","infinitespire:Starlight"],"picked":"infinitespire:SevenWalls","floor":56}],"player_experience":3045194,"relics_obtained":[{"floor":6,"key":"infinitespire:Satchel"},{"floor":8,"key":"infinitespire:BottledMercury"},{"floor":9,"key":"Bag of Preparation"},{"floor":13,"key":"Whetstone"},{"floor":24,"key":"Ancient Tea Set"},{"floor":26,"key":"Quantum Egg"},{"floor":27,"key":"Replay:Wax Seal"},{"floor":28,"key":"Replay:Kaleidoscope"},{"floor":30,"key":"Nunchaku"},{"floor":31,"key":"CeramicFish"},{"floor":34,"key":"Tiny Chest"},{"floor":34,"key":"infinitespire:Eraser"},{"floor":34,"key":"Replay:PocketPolymizer"},{"floor":40,"key":"infinitespire:PuzzleCube"},{"floor":42,"key":"Old Coin"},{"floor":43,"key":"conspire:Flyswatter"},{"floor":44,"key":"Guardian:GemstoneGun"},{"floor":46,"key":"TungstenRod"},{"floor":47,"key":"Onion Ring"},{"floor":55,"key":"Girya"}],"event_choices":[{"damage_healed":0,"gold_gain":0,"player_choice":"Rummage","damage_taken":0,"relics_obtained":["WarpedTongs"],"max_hp_gain":0,"max_hp_loss":0,"event_name":"Accursed Blacksmith","floor":4,"gold_loss":0,"cards_obtained":["Pain"]},{"damage_healed":0,"gold_gain":53,"player_choice":"Gained Gold","damage_taken":0,"max_hp_gain":0,"max_hp_loss":0,"event_name":"Golden Wing","floor":15,"gold_loss":0},{"damage_healed":0,"gold_gain":0,"player_choice":"Invest 1","damage_taken":0,"max_hp_gain":0,"max_hp_loss":0,"event_name":"conspire:Investor","floor":21,"gold_loss":0},{"damage_healed":0,"gold_gain":0,"player_choice":"Shed Blood","damage_taken":24,"max_hp_gain":5,"max_hp_loss":0,"event_name":"Forgotten Altar","floor":22,"gold_loss":0},{"damage_healed":0,"gold_gain":0,"player_choice":"Upgraded","damage_taken":0,"max_hp_gain":0,"max_hp_loss":0,"event_name":"Upgrade Shrine","floor":29,"gold_loss":0,"cards_upgraded":["Wish"]},{"damage_healed":0,"gold_gain":0,"player_choice":"Ignored","damage_taken":0,"max_hp_gain":0,"max_hp_loss":0,"event_name":"Tomb of Lord Red Mask","floor":39,"gold_loss":0}],"is_beta":false,"boss_relics":[{"not_picked":["Kintsugi","Replay:Bronze Core"],"picked":"conspire:SlowCooker"},{"not_picked":["infinitespire:Cupcake","ChewingGum"],"picked":"Calling Bell"},{"not_picked":["conspire:SeveredTorchhead","Velvet Choker"],"picked":"Tiny House"}],"items_purged_floors":[],"is_endless":true,"potions_floor_spawned":[1,3,5,16,20,27,37,42,45,50,51,55],"ascension_level":20}}