{"host":"qswkx8hggytna0kc","time":1609853509,"event":{"mods":["Aspiration","BaseMod","BetterRewards","Colored Map","Colored Powertips","Highlight Path","Hubris","Mimic Mod","Minty Spire (QoL Compilation)","Quick Restart","Replay The Spire","StSLib","SuperFastMode"],"gold_per_floor":[118,118,136,13,31,58,58,83,121,140,168,186,204,204,204,306,306,317,329,37,51,51,62,94,113,113,113,124,137,148,174,174,277,277,289,303,317,334,354,354,380,392,415,445,242,277,277,296,296,296],"floor_reached":51,"playtime":1652,"items_purged":["Strike_B","Strike_B","Defend_B"],"score":1182,"play_id":"7a4921e9-9cd5-4958-aacf-2a6db11534dc","local_time":"20210105213149","is_ascension_mode":true,"campfire_choices":[{"data":"Zap","floor":7.0,"key":"SMITH"},{"data":"Strike_B","floor":15,"key":"PURGE"},{"data":"JustLucky","floor":27,"key":"SMITH"},{"data":"Hologram","floor":32,"key":"SMITH"},{"data":"Echo Form","floor":40,"key":"SMITH"},{"data":"Scrape","floor":49,"key":"SMITH"}],"circlet_count":0,"master_deck":["Defend_B","Defend_B","Defend_B","Zap+1","Dualcast","Scrape+1","Leap","Go for the Eyes","JustLucky+1","Steam","Go for the Eyes","Go for the Eyes","Sweeping Beam","Gash","Gash","hubris:DuctTapeCard","Compile Driver","Gash+1","Self Repair","Hologram+1","Ball Lightning+1","Echo Form+1","Gash+1","Sunder+1","Streamline","Scrape+1","Gash+1","Sunder"],"relics":["Cracked Core","aspiration:Nostalgia","Replay:M_StaffOfTheSnake","Replay:Antivirus Software","HornCleat","hubris:CuriousFeather","Replay:Wax Seal","Pear","aspiration:PoetsPen_weak","Guide Book","hubris:DuctTape","Boot","Blue Candle","Oddly Smooth Stone","hubris:RunicObelisk","Strawberry","aspiration:HiddenCompartment","hubris:BallOfYels","Prayer Wheel","aspiration:EnhancedActuators"],"acts_visited":["Exordium","TheCity","TheBeyond"],"potions_floor_usage":[11,16],"damage_taken":[{"damage":2.0,"enemies":"Jaw Worm","floor":1.0,"turns":3.0},{"damage":1.0,"enemies":"Cultist","floor":3.0,"turns":3.0},{"damage":2.0,"enemies":"Small Slimes","floor":5.0,"turns":3.0},{"damage":16.0,"enemies":"3 Sentries","floor":6.0,"turns":9.0},{"damage":15,"enemies":"Gremlin Nob","floor":8,"turns":4},{"damage":0,"enemies":"Looter","floor":9,"turns":4},{"damage":0,"enemies":"Looter","floor":10,"turns":2},{"damage":13,"enemies":"3 Sentries","floor":11,"turns":6},{"damage":0,"enemies":"Blue Slaver","floor":12,"turns":3},{"damage":0,"enemies":"Exordium Wildlife","floor":13,"turns":3},{"damage":33,"enemies":"Fading Forest","floor":16,"turns":11},{"damage":0,"enemies":"3 Byrds","floor":18,"turns":3},{"damage":0,"enemies":"Spheric Guardian","floor":19,"turns":1},{"damage":0,"enemies":"Cultist and Chosen","floor":21,"turns":4},{"damage":0,"enemies":"Centurion and Healer","floor":23,"turns":2},{"damage":0,"enemies":"Gremlin Leader","floor":24,"turns":2},{"damage":0,"enemies":"Snake Plant","floor":25,"turns":3},{"damage":0,"enemies":"Sentry and Sphere","floor":28,"turns":2},{"damage":0,"enemies":"Chosen and Byrds","floor":29,"turns":1},{"damage":0,"enemies":"Shelled Parasite and Fungi","floor":30,"turns":2},{"damage":6,"enemies":"Book of Stabbing","floor":31,"turns":2},{"damage":19,"enemies":"Pondfish","floor":33,"turns":5},{"damage":9,"enemies":"3 Darklings","floor":35,"turns":3},{"damage":0,"enemies":"Orb Walker","floor":36,"turns":2},{"damage":0,"enemies":"Spire Growth","floor":37,"turns":2},{"damage":0,"enemies":"Sphere and 2 Shapes","floor":38,"turns":2},{"damage":12,"enemies":"Writhing Mass","floor":39,"turns":3},{"damage":2,"enemies":"Reptomancer","floor":41,"turns":3},{"damage":0,"enemies":"Maw","floor":42,"turns":4},{"damage":0,"enemies":"Nemesis","floor":44,"turns":3},{"damage":37,"enemies":"R_Hoarder","floor":46,"turns":6},{"damage":6,"enemies":"4 Shapes","floor":48,"turns":1},{"damage":11,"enemies":"Donu and Deca","floor":50,"turns":3}],"seed_played":"-8689630509936348515","potions_obtained":[{"floor":3.0,"key":"Dexterity Potion"},{"floor":6.0,"key":"Toxic Potion"},{"floor":8,"key":"Elixir"},{"floor":11,"key":"Fruit Juice"},{"floor":16,"key":"FearPotion"},{"floor":18,"key":"FocusPotion"},{"floor":23,"key":"SmokeBomb"},{"floor":30,"key":"Energy Potion"},{"floor":35,"key":"LiquidMemories"},{"floor":39,"key":"AttackPotion"},{"floor":47,"key":"FairyPotion"}],"is_trial":false,"path_per_floor":["M","?","M","$","M","E","R","E","MIM","M","E","M","M","?","R_BF","B",null,"M","M","$","M","?","M","E","M","T","R","M","M","M","E","R_BF","B",null,"M","M","M","M","M","R","E","M","T","E","$","E","?","M","R","B",null],"character_chosen":"DEFECT","items_purchased":["Go for the Eyes","Gash","Guide Book","Scrape"],"campfire_rested":0,"item_purchase_floors":[4,20,20,45],"current_hp_per_floor":[66,66,65,65,63,47,47,32,32,32,34,34,34,34,34,9,70,70,70,70,70,70,70,70,70,70,70,70,70,77,78,78,66,84,89,89,89,89,84,84,89,96,96,97,97,67,67,61,61,57],"gold":296,"neow_bonus":"NOSTALGIA","is_daily":false,"chose_seed":false,"campfire_upgraded":5,"win_rate":0.0,"timestamp":1609853509,"path_taken":["M","?","M","$","M","E","R","E","MIM","M","E","M","M","?","R_BF","BOSS","M","M","?","M","?","M","E","M","T","R","M","?","M","E","R_BF","BOSS","M","M","M","M","M","R","E","M","T","E","?","E","?","M","R","BOSS"],"items_purchased_type":["Card","Card","Relic","Card"],"build_version":"2020-12-22","purchased_purges":3,"victory":true,"max_hp_per_floor":[75,75,75,75,75,75,75,75,75,75,90,90,90,90,90,90,90,90,90,90,90,90,90,90,90,90,90,90,90,90,90,90,90,90,90,90,90,90,90,90,97,97,97,97,97,97,97,97,97,97],"card_choices":[{"not_picked":["Gash","Reprogram"],"picked":"Scrape","floor":1.0},{"not_picked":["hubris:PowerSurge","Crescendo"],"picked":"Leap","floor":3.0},{"not_picked":["Outmaneuver","Doom and Gloom"],"picked":"JustLucky","floor":5.0},{"not_picked":["Night Terror","WaveOfTheHand","Conserve Battery"],"picked":"SKIP","floor":6.0},{"not_picked":["Darkness","FIFO Queue","Static Discharge"],"picked":"SKIP","floor":8},{"not_picked":["Outmaneuver","Flying Knee"],"picked":"Steam","floor":9},{"not_picked":["Lockon","Capacitor"],"picked":"Go for the Eyes","floor":10},{"not_picked":["Coolheaded","Compile Driver"],"picked":"Go for the Eyes","floor":11},{"not_picked":["Compile Driver","ReplayTheSpireMod:Reroute Power","Hello World"],"picked":"SKIP","floor":12},{"not_picked":["hubris:Ukulele","Barrage","ThirdEye"],"picked":"SKIP","floor":13},{"not_picked":["Hyperbeam","Thunder Strike"],"picked":"Glass Knife","floor":16},{"not_picked":["Coolheaded+1","BasicCrystalCard"],"picked":"Beam Cell+1","floor":18},{"not_picked":["Redo","Recycle"],"picked":"Sweeping Beam","floor":19},{"not_picked":["Beam Cell","Panic Button"],"picked":"Gash","floor":21},{"not_picked":["Redo","Barrage","Coolheaded"],"picked":"SKIP","floor":23},{"not_picked":["Leap","Panic Button","Steam+1"],"picked":"SKIP","floor":24},{"not_picked":["Hologram+1","Redo"],"picked":"Compile Driver","floor":25},{"not_picked":["Panic Button","Cold Snap"],"picked":"Gash+1","floor":28},{"not_picked":["Time Bomb+1","Force Field"],"picked":"Self Repair","floor":29},{"not_picked":["Turbo","Thunder Strike"],"picked":"Hologram","floor":30},{"not_picked":["Rebound","Static Discharge+1"],"picked":"Ball Lightning+1","floor":31},{"not_picked":["Creative AI","Rainbow"],"picked":"Echo Form","floor":33},{"not_picked":["Ball Lightning","Redo+1","Chaos+1"],"picked":"SKIP","floor":35},{"not_picked":["BootSequence","Auto Shields"],"picked":"Gash+1","floor":36},{"not_picked":["Hologram","Redo+1"],"picked":"Sunder+1","floor":37},{"not_picked":["Hologram+1","Coolheaded","Stack"],"picked":"SKIP","floor":38},{"not_picked":["Stack","Leap+1","Tempest"],"picked":"SKIP","floor":39},{"not_picked":["Leap+1","Skim","Chaos"],"picked":"SKIP","floor":41},{"not_picked":["Lockon","Hello World"],"picked":"Streamline","floor":42},{"not_picked":["Reinforced Body+1","Barrage","Leap+1"],"picked":"SKIP","floor":44},{"not_picked":["Time Bomb+1","Steam","Fusion+1"],"picked":"SKIP","floor":46},{"not_picked":["Static Discharge+1","Hello World"],"picked":"Gash+1","floor":48},{"not_picked":["Hologram+1","Redo+1"],"picked":"Sunder","floor":48}],"player_experience":231445,"relics_obtained":[{"floor":2.0,"key":"Replay:Antivirus Software"},{"floor":6.0,"key":"HornCleat"},{"floor":8,"key":"hubris:CuriousFeather"},{"floor":9,"key":"Replay:Wax Seal"},{"floor":11,"key":"Pear"},{"floor":24,"key":"Boot"},{"floor":26,"key":"Blue Candle"},{"floor":31,"key":"Oddly Smooth Stone"},{"floor":41,"key":"Strawberry"},{"floor":43,"key":"aspiration:HiddenCompartment"},{"floor":44,"key":"hubris:BallOfYels"},{"floor":46,"key":"aspiration:EnhancedActuators"}],"event_choices":[{"damage_healed":0.0,"max_hp_gain":0.0,"max_hp_loss":0.0,"gold_gain":0.0,"event_name":"Wheel of Change","player_choice":"Relic","floor":2.0,"gold_loss":0.0,"damage_taken":0.0},{"cards_removed":["Strike_B"],"damage_healed":0,"gold_gain":0,"player_choice":"Offered Basic","damage_taken":0,"max_hp_gain":0,"max_hp_loss":0,"event_name":"Bonfire Elementals","floor":14,"gold_loss":0},{"damage_healed":0,"gold_gain":0,"player_choice":"Got Potions","damage_taken":0,"max_hp_gain":0,"max_hp_loss":0,"event_name":"Lab","floor":47,"gold_loss":0}],"is_beta":false,"boss_relics":[{"not_picked":["Pandora\u0027s Box","hubris:CrackedHourglass"],"picked":"aspiration:PoetsPen_weak"},{"not_picked":["hubris:Stopwatch","aspiration:FutureDiary"],"picked":"hubris:RunicObelisk"}],"items_purged_floors":[4,20,45],"is_endless":false,"potions_floor_spawned":[3,6,8,11,16,18,23,28,30,35,36,39,44,48],"ascension_level":6}}