{"host":"w9yruvs4bqht6bhw","time":1609816896,"event":{"mods":["BaseMod","Colored Powertips","Minty Spire (QoL Compilation)"],"gold_per_floor":[119,132,132,152,168,180,211,225,248,260,44,44,59,89,89,192,192,211,221,23,0,0,0],"floor_reached":22,"playtime":799,"items_purged":["Strike_R","Strike_R"],"score":277,"play_id":"36a41d39-74ec-48ab-88e8-941430440298","local_time":"20210104222136","is_ascension_mode":true,"campfire_choices":[{"floor":10,"key":"REST"},{"data":"Rampage","floor":12,"key":"SMITH"},{"floor":15,"key":"REST"}],"circlet_count":0,"master_deck":["Strike_R","Strike_R","Defend_R","Defend_R","Defend_R","Defend_R","Juggernaut+1","Clash","Spot Weakness","Rampage+1","Rage","Body Slam","Clash"],"relics":["Burning Blood","Bag of Preparation","MawBank","Oddly Smooth Stone","Anchor","Empty Cage"],"acts_visited":["Exordium","TheCity"],"potions_floor_usage":[5,7,8,18,22],"damage_taken":[{"damage":10,"enemies":"Jaw Worm","floor":1,"turns":5},{"damage":1,"enemies":"Cultist","floor":2,"turns":3},{"damage":9,"enemies":"Small Slimes","floor":4,"turns":3},{"damage":15,"enemies":"3 Louse","floor":5,"turns":4},{"damage":10,"enemies":"Exordium Wildlife","floor":6,"turns":4},{"damage":23,"enemies":"Gremlin Nob","floor":7,"turns":4},{"damage":19,"enemies":"Exordium Thugs","floor":8,"turns":4},{"damage":10,"enemies":"Large Slime","floor":13,"turns":5},{"damage":29,"enemies":"3 Sentries","floor":14,"turns":6},{"damage":27,"enemies":"The Guardian","floor":16,"turns":8},{"damage":16,"enemies":"2 Thieves","floor":18,"turns":4},{"damage":49,"enemies":"3 Byrds","floor":19,"turns":6},{"damage":15,"enemies":"Cultist and Chosen","floor":22,"turns":5}],"seed_played":"-2926948883877271555","potions_obtained":[{"floor":4,"key":"DuplicationPotion"},{"floor":5,"key":"BlessingOfTheForge"},{"floor":6,"key":"SteroidPotion"},{"floor":7,"key":"LiquidBronze"},{"floor":16,"key":"ElixirPotion"},{"floor":19,"key":"BlessingOfTheForge"}],"is_trial":false,"path_per_floor":["M","M","?","M","M","M","E","M","T","R","$","R","M","E","R","B",null,"M","M","$","?","M"],"character_chosen":"IRONCLAD","items_purchased":["Oddly Smooth Stone","Clash","SkillPotion"],"campfire_rested":2,"item_purchase_floors":[11,20,20],"current_hp_per_floor":[68,73,73,70,61,57,40,27,27,51,51,51,47,24,48,27,67,57,14,14,14,0,0],"gold":0,"neow_bonus":"ONE_RANDOM_RARE_CARD","is_daily":false,"chose_seed":false,"campfire_upgraded":1,"win_rate":0.0,"timestamp":1609816896,"path_taken":["M","M","?","?","M","M","E","M","T","R","$","R","M","E","R","BOSS","M","?","$","?","M"],"items_purchased_type":["Relic","Card","Potion"],"build_version":"2020-12-22","purchased_purges":2,"victory":false,"max_hp_per_floor":[80,80,80,80,80,80,80,80,80,80,80,80,80,80,80,80,80,80,80,80,80,80,80],"card_choices":[{"not_picked":["Intimidate","Cleave"],"picked":"Clash","floor":1},{"not_picked":["Battle Trance","Pummel","True Grit"],"picked":"SKIP","floor":2},{"not_picked":["Intimidate","Twin Strike"],"picked":"Spot Weakness","floor":4},{"not_picked":["Anger","Clothesline"],"picked":"Rampage","floor":5},{"not_picked":["Anger","True Grit","Evolve"],"picked":"SKIP","floor":6},{"not_picked":["True Grit","Dropkick","Flex"],"picked":"SKIP","floor":7},{"not_picked":["True Grit","Sentinel","Headbutt"],"picked":"SKIP","floor":8},{"not_picked":["Body Slam","Fiend Fire"],"picked":"Rage","floor":13},{"not_picked":["Dual Wield","Metallicize","Headbutt"],"picked":"SKIP","floor":14},{"not_picked":["Heavy Blade","Armaments"],"picked":"Body Slam","floor":18},{"not_picked":["Inflame","Heavy Blade+1","Thunderclap+1"],"picked":"SKIP","floor":19}],"player_experience":332736,"relics_obtained":[{"floor":7,"key":"Bag of Preparation"},{"floor":9,"key":"MawBank"},{"floor":14,"key":"Anchor"}],"event_choices":[{"damage_healed":0,"gold_gain":0,"player_choice":"Upgraded","damage_taken":0,"max_hp_gain":0,"max_hp_loss":0,"event_name":"Upgrade Shrine","floor":3,"gold_loss":0,"cards_upgraded":["Juggernaut"]},{"damage_healed":0,"gold_gain":0,"player_choice":"Paid Fearfully","damage_taken":0,"max_hp_gain":0,"max_hp_loss":0,"event_name":"Masked Bandits","floor":21,"gold_loss":23}],"is_beta":false,"boss_relics":[{"not_picked":["Fusion Hammer","Black Star"],"picked":"Empty Cage"}],"items_purged_floors":[11,20],"is_endless":false,"potions_floor_spawned":[4,5,6,7,16,19],"killed_by":"Cultist and Chosen","ascension_level":8}}