{"host":"sc0o2qwpf9j16a4i","time":1609845751,"event":{"mods":["AchievementEnabler","BaseMod","BetterRewards","Block Reminder","Colored Map","Colored Powertips","Custom Start","Highlight Path","Minty Spire (QoL Compilation)","Relic Stats"],"gold_per_floor":[112,139,139,64,84,119,33,33,58,92,92,106,106,135,135,208,208,226,226,242,242,167,167,197,197,243,278,297,317,44,44,44,117,117,137,191,191,203,220,245,245,256,256,281,281,281,281],"floor_reached":46,"playtime":1404,"items_purged":["Endless Agony","Venomology"],"score":1514,"play_id":"086b5eb4-173e-4909-bf0f-d172437ab48d","local_time":"20210105132231","is_ascension_mode":true,"campfire_choices":[{"floor":8,"key":"REST"},{"floor":11,"key":"REST"},{"floor":13,"key":"REST"},{"data":"Apotheosis","floor":15,"key":"SMITH"},{"data":"Footwork","floor":23,"key":"SMITH"},{"data":"1","floor":25,"key":"LIFT"},{"floor":32,"key":"REST"},{"floor":41,"key":"RECALL"}],"circlet_count":0,"master_deck":["AscendersBane","Defend_G","Defend_G","Defend_G","Defend_G","Defend_G","Survivor","Neutralize","Footwork+1","Apotheosis+1","Poisoned Stab","Deadly Poison","Bouncing Flask","Dodge and Roll","Quick Slash","Dagger Throw","Venomology","PiercingWail+1","Bite","Bite","Bite","Bite","Bite","Corpse Explosion","Footwork","Flechettes","Necronomicurse","Catalyst","Bullet Time+1","PiercingWail","Dodge and Roll","Calculated Gamble","Tactician","Concentrate","Injury","Deflect"],"relics":["Ring of the Snake","TwistedFunnel","Boot","Lizard Tail","Girya","Happy Flower","Art of War","Ancient Tea Set","Runic Pyramid","Oddly Smooth Stone","Dream Catcher","Anchor","Medical Kit","Necronomicon","Cursed Key","Du-Vu Doll","Pocketwatch","Juzu Bracelet"],"acts_visited":["Exordium","TheCity","TheBeyond"],"potions_floor_usage":[6,16,18,20,20,24,27,28,33,38,39,40,42,44,44,46],"damage_taken":[{"damage":0.0,"enemies":"Cultist","floor":1.0,"turns":3.0},{"damage":1.0,"enemies":"Jaw Worm","floor":5.0,"turns":3.0},{"damage":15,"enemies":"Lagavulin","floor":6,"turns":6},{"damage":27,"enemies":"Gremlin Nob","floor":10,"turns":4},{"damage":0,"enemies":"2 Louse","floor":12,"turns":2},{"damage":0,"enemies":"Lagavulin","floor":14,"turns":5},{"damage":4,"enemies":"The Guardian","floor":16,"turns":7},{"damage":13,"enemies":"Spheric Guardian","floor":18,"turns":4},{"damage":13,"enemies":"Shell Parasite","floor":20,"turns":2},{"damage":11,"enemies":"Book of Stabbing","floor":24,"turns":7},{"damage":8,"enemies":"Slavers","floor":27,"turns":3},{"damage":1,"enemies":"Snake Plant","floor":28,"turns":4},{"damage":0,"enemies":"Centurion and Healer","floor":29,"turns":5},{"damage":3,"enemies":"Champ","floor":33,"turns":9},{"damage":0,"enemies":"Orb Walker","floor":35,"turns":3},{"damage":38,"enemies":"2 Orb Walkers","floor":36,"turns":3},{"damage":0,"enemies":"3 Shapes","floor":38,"turns":4},{"damage":0,"enemies":"Transient","floor":39,"turns":6},{"damage":6,"enemies":"Nemesis","floor":40,"turns":7},{"damage":0,"enemies":"3 Darklings","floor":42,"turns":5},{"damage":59,"enemies":"Reptomancer","floor":44,"turns":7},{"damage":24,"enemies":"Giant Head","floor":46,"turns":6}],"seed_played":"-3943093162824393390","potions_obtained":[{"floor":6,"key":"ColorlessPotion"},{"floor":12,"key":"Swift Potion"},{"floor":16,"key":"GamblersBrew"},{"floor":38,"key":"Block Potion"},{"floor":40,"key":"Strength Potion"},{"floor":42,"key":"LiquidMemories"}],"is_trial":false,"path_per_floor":["M","T","T","?","M","E","$","R","T","E","R","M","R","E","R","B",null,"M","?","M","?","$","R","E","R","T","E","M","M","$","?","R","B",null,"M","?","?","M","M","E","R","M","T","E","?","E"],"character_chosen":"THE_SILENT","items_purchased":["Footwork","Apotheosis","TwistedFunnel","FearPotion","Bouncing Flask","Medical Kit"],"campfire_rested":4,"item_purchase_floors":[0,0,0,0,7,30],"current_hp_per_floor":[40,40,40,40,39,24,24,43,43,16,35,35,54,54,54,50,62,49,49,36,36,36,36,45,45,45,40,46,46,46,25,38,46,46,46,18,38,38,38,35,35,38,38,4,4,0,0],"gold":281,"neow_bonus":"","is_daily":false,"chose_seed":false,"campfire_upgraded":2,"win_rate":0.0,"timestamp":1609845751,"path_taken":["M","?","?","?","M","E","$","R","T","E","R","M","R","E","R","BOSS","M","?","M","?","$","R","E","R","T","E","M","M","$","?","R","BOSS","M","?","?","M","M","E","R","M","T","E","?","E"],"items_purchased_type":["Card","Card","Relic","Potion","Card","Relic"],"build_version":"2020-12-22","purchased_purges":2,"victory":false,"max_hp_per_floor":[66,66,66,66,66,66,66,66,66,66,66,66,66,66,66,66,66,66,66,66,46,46,46,46,46,46,46,46,46,46,46,46,46,46,46,46,38,38,38,38,38,38,38,38,38,38,38],"relic_stats":{"Happy Flower":[31],"counters":[41,218],"Juzu Bracelet":0,"Boot":[50],"Medical Kit":[44],"Cursed Key":1,"Lizard Tail":19,"Dream Catcher":1,"Art of War":[9],"Necronomicon":[0],"obtain_stats":[{"TwistedFunnel":0,"Juzu Bracelet":44,"Boot":2,"Ancient Tea Set":14,"Cursed Key":34,"Blood Vial":26,"Lizard Tail":3,"Dream Catcher":26,"DollysMirror":22,"Pantograph":10,"Necronomicon":31,"Toxic Egg 2":9,"Ring of the Snake":0,"Runic Pyramid":17,"Girya":6,"Happy Flower":9,"Oddly Smooth Stone":24,"Frozen Egg 2":30,"Medical Kit":30,"Du-Vu Doll":36,"Anchor":22,"Ectoplasm":17,"Art of War":10,"StrikeDummy":7,"Pocketwatch":40},{"TwistedFunnel":19,"Juzu Bracelet":40,"Boot":20,"Ancient Tea Set":25,"Cursed Key":33,"Blood Vial":14,"Lizard Tail":20,"Dream Catcher":29,"DollysMirror":13,"Pantograph":7,"Necronomicon":32,"Toxic Egg 2":6,"Ring of the Snake":0,"Runic Pyramid":26,"Girya":22,"Happy Flower":22,"Oddly Smooth Stone":29,"Frozen Egg 2":17,"Medical Kit":32,"Du-Vu Doll":35,"Anchor":13,"Ectoplasm":10,"Art of War":23,"StrikeDummy":5,"Pocketwatch":38},{"TwistedFunnel":113,"Juzu Bracelet":212,"Boot":116,"Ancient Tea Set":136,"Cursed Key":177,"Blood Vial":72,"Lizard Tail":116,"Dream Catcher":156,"DollysMirror":65,"Pantograph":36,"Necronomicon":168,"Toxic Egg 2":33,"Ring of the Snake":0,"Runic Pyramid":143,"Girya":125,"Happy Flower":125,"Oddly Smooth Stone":156,"Frozen Egg 2":93,"Medical Kit":168,"Du-Vu Doll":183,"Anchor":65,"Ectoplasm":55,"Art of War":129,"StrikeDummy":30,"Pocketwatch":200}],"Ring of the Snake":[82],"Pocketwatch":[2]},"card_choices":[{"not_picked":["Prepared","Dagger Throw"],"picked":"Poisoned Stab","floor":1.0},{"not_picked":["Backflip","Calculated Gamble"],"picked":"Deadly Poison","floor":5.0},{"not_picked":["Slice","Phantasmal Killer","Reflex"],"picked":"SKIP","floor":6},{"not_picked":["Footwork","A Thousand Cuts"],"picked":"Dodge and Roll","floor":10},{"not_picked":["Poisoned Stab","Flying Knee"],"picked":"Quick Slash","floor":12},{"not_picked":["Expertise","Skewer"],"picked":"Dagger Throw","floor":14},{"not_picked":["Doppelganger","Die Die Die"],"picked":"Venomology","floor":16},{"not_picked":["Distraction","Well Laid Plans","Dagger Throw"],"picked":"SKIP","floor":18},{"not_picked":["Backstab","Deadly Poison"],"picked":"PiercingWail+1","floor":20},{"not_picked":["Bane+1","Backflip"],"picked":"Corpse Explosion","floor":24},{"not_picked":["Predator","Heel Hook","Poisoned Stab"],"picked":"SKIP","floor":27},{"not_picked":["Bane","Flying Knee"],"picked":"Footwork","floor":28},{"not_picked":["Prepared","Dagger Throw"],"picked":"Flechettes","floor":29},{"not_picked":["Dagger Throw+1","Riddle With Holes"],"picked":"Catalyst","floor":32},{"not_picked":["Glass Knife","Grand Finale"],"picked":"Bullet Time","floor":33},{"not_picked":["Concentrate","Poisoned Stab"],"picked":"PiercingWail","floor":35},{"not_picked":["Accuracy","Acrobatics"],"picked":"Dodge and Roll","floor":38},{"not_picked":["Masterful Stab","Dash"],"picked":"Calculated Gamble","floor":39},{"not_picked":["Bane","Finisher"],"picked":"Tactician","floor":40},{"not_picked":["Deadly Poison+1","Blade Dance"],"picked":"Concentrate","floor":42},{"not_picked":["Flying Knee+1","Prepared"],"picked":"Deflect","floor":44}],"player_experience":552850,"relics_obtained":[{"floor":2.0,"key":"Boot"},{"floor":3.0,"key":"Lizard Tail"},{"floor":6,"key":"Girya"},{"floor":9,"key":"Happy Flower"},{"floor":10,"key":"Art of War"},{"floor":14,"key":"Ancient Tea Set"},{"floor":24,"key":"Oddly Smooth Stone"},{"floor":26,"key":"Dream Catcher"},{"floor":27,"key":"Anchor"},{"floor":31,"key":"Necronomicon"},{"floor":36,"key":"Du-Vu Doll"},{"floor":40,"key":"Pocketwatch"},{"floor":44,"key":"Juzu Bracelet"}],"event_choices":[{"cards_removed":["Strike_G"],"damage_healed":0.0,"max_hp_gain":0.0,"max_hp_loss":0.0,"gold_gain":0.0,"event_name":"The Cleric","player_choice":"Card Removal","floor":4.0,"gold_loss":75.0,"damage_taken":0.0},{"damage_healed":0,"gold_gain":0,"cards_transformed":["Strike_G","Strike_G"],"player_choice":"Became Test Subject","damage_taken":0,"max_hp_gain":0,"max_hp_loss":0,"event_name":"Drug Dealer","floor":19,"gold_loss":0,"cards_obtained":["Venomology","Endless Agony"]},{"damage_healed":0,"gold_gain":0,"player_choice":"Became a vampire","damage_taken":0,"max_hp_gain":0,"max_hp_loss":20,"event_name":"Vampires","floor":21,"gold_loss":0,"cards_obtained":["Bite","Bite","Bite","Bite","Bite"]},{"damage_healed":0,"gold_gain":0,"player_choice":"Obtained Book","damage_taken":21,"max_hp_gain":0,"max_hp_loss":0,"event_name":"Cursed Tome","floor":31,"gold_loss":0},{"damage_healed":0,"gold_gain":0,"player_choice":"Fight","damage_taken":0,"max_hp_gain":0,"max_hp_loss":0,"event_name":"Mysterious Sphere","floor":36,"gold_loss":0},{"damage_healed":38,"gold_gain":0,"player_choice":"Heal","damage_taken":0,"max_hp_gain":0,"max_hp_loss":8,"event_name":"The Moai Head","floor":37,"gold_loss":0},{"damage_healed":0,"gold_gain":0,"player_choice":"Forge","damage_taken":0,"max_hp_gain":0,"max_hp_loss":0,"event_name":"Accursed Blacksmith","floor":45,"gold_loss":0,"cards_upgraded":["Bullet Time"]}],"is_beta":false,"boss_relics":[{"not_picked":["Pandora\u0027s Box","Philosopher\u0027s Stone"],"picked":"Runic Pyramid"},{"not_picked":["Astrolabe","Sozu"],"picked":"Cursed Key"}],"items_purged_floors":[22,30],"is_endless":false,"potions_floor_spawned":[6,12,16,18,20,29,38,40,42],"killed_by":"Giant Head","ascension_level":20}}