{"host":"2yqfi47fogfu1ic4","time":1609825704,"event":{"mods":["AchievementEnabler","BaseMod","Colored Map","Colored Powertips","Highlight Path","Minty Spire (QoL Compilation)","Permanent Neow","Relic Stats","StSLib"],"gold_per_floor":[114,132,3,3,27,27,60,60,110,110,131,56,56,77,77,170,170,189,189,205,47,47,47,68,68,68,84,84,103,119,119,119],"floor_reached":31,"playtime":2126,"items_purged":["Strike_G"],"score":474,"play_id":"164c63e9-171a-488f-9c6f-d48431059fab","local_time":"20210105064824","is_ascension_mode":true,"campfire_choices":[{"data":"Poisoned Stab","floor":6.0,"key":"SMITH"},{"data":"Deadly Poison","floor":8.0,"key":"SMITH"},{"data":"Predator","floor":15.0,"key":"SMITH"},{"data":"Catalyst","floor":23,"key":"SMITH"}],"circlet_count":0,"master_deck":["AscendersBane","Survivor","Neutralize","Deadly Poison+1","Poisoned Stab+1","Blade Dance","Cloak And Dagger","Acrobatics","Backflip","Predator+1","Die Die Die","Noxious Fumes","Poisoned Stab","Catalyst+1","Dodge and Roll","Tools of the Trade","Predator","Doppelganger","Sucker Punch","Envenom","Catalyst","Pain","Backflip+1"],"relics":["Busted Crown","Golden Idol","Oddly Smooth Stone","Blood Vial","Pandora\u0027s Box","DollysMirror","WarpedTongs","Bottled Lightning"],"acts_visited":["Exordium","TheCity"],"potions_floor_usage":[27,29],"damage_taken":[{"damage":0.0,"enemies":"Jaw Worm","floor":1.0,"turns":4.0},{"damage":2.0,"enemies":"2 Louse","floor":2.0,"turns":3.0},{"damage":1.0,"enemies":"Cultist","floor":5.0,"turns":3.0},{"damage":35.0,"enemies":"Gremlin Nob","floor":7.0,"turns":4.0},{"damage":5.0,"enemies":"Lots of Slimes","floor":11.0,"turns":4.0},{"damage":0.0,"enemies":"2 Fungi Beasts","floor":14.0,"turns":2.0},{"damage":6.0,"enemies":"The Guardian","floor":16.0,"turns":10.0},{"damage":25.0,"enemies":"Shell Parasite","floor":18.0,"turns":4.0},{"damage":4,"enemies":"Spheric Guardian","floor":20,"turns":3},{"damage":19,"enemies":"Cultist and Chosen","floor":24,"turns":4},{"damage":4,"enemies":"Snake Plant","floor":27,"turns":3},{"damage":8,"enemies":"Centurion and Healer","floor":29,"turns":4},{"damage":7,"enemies":"3 Cultists","floor":30,"turns":5},{"damage":19,"enemies":"Book of Stabbing","floor":31,"turns":6}],"seed_played":"-4973988842576475995","potions_obtained":[{"floor":1.0,"key":"AttackPotion"},{"floor":7.0,"key":"Poison Potion"},{"floor":10.0,"key":"FairyPotion"},{"floor":18.0,"key":"GhostInAJar"},{"floor":27,"key":"AttackPotion"}],"is_trial":false,"path_per_floor":["M","M","$","?","M","R","E","R","T","?","M","$","?","M","R","B",null,"M","?","M","$","?","R","M","?","T","M","$","M","M","E"],"character_chosen":"THE_SILENT","items_purchased":["Poisoned Stab","Blade Dance","Cloak And Dagger","DollysMirror"],"campfire_rested":0,"item_purchase_floors":[3,3,3,21],"current_hp_per_floor":[59,57,57,57,56,56,21,21,21,21,18,18,18,20,20,16,49,26,26,24,24,24,24,7,4,4,2,2,18,13,0,0],"gold":119,"neow_bonus":"BOSS_RELIC","is_daily":false,"chose_seed":false,"campfire_upgraded":4,"win_rate":0.0,"timestamp":1609825704,"path_taken":["M","M","$","?","M","R","E","R","T","?","?","?","?","M","R","BOSS","M","?","M","$","?","R","?","?","T","M","$","?","?","E"],"items_purchased_type":["Card","Card","Card","Relic"],"build_version":"2020-12-22","purchased_purges":1,"victory":false,"max_hp_per_floor":[66,66,66,60,60,60,60,60,60,60,60,60,60,60,60,60,60,60,60,60,60,60,60,60,60,60,60,60,60,60,60,60],"relic_stats":{"Blood Vial":20,"Busted Crown":26,"counters":[14,59],"Golden Idol":60,"Pandora\u0027s Box":["Prepared","Noxious Fumes","Quick Slash","Poisoned Stab","Catalyst","Dodge and Roll","Tools of the Trade","Predator","Doppelganger"],"obtain_stats":[{"Blood Vial":9,"Busted Crown":0,"Golden Idol":4,"DollysMirror":21,"Oddly Smooth Stone":7,"Pandora\u0027s Box":17,"Bottled Lightning":26,"Ring of the Snake":0,"WarpedTongs":22},{"Blood Vial":4,"Busted Crown":0,"Golden Idol":2,"DollysMirror":9,"Oddly Smooth Stone":4,"Pandora\u0027s Box":7,"Bottled Lightning":10,"Ring of the Snake":0,"WarpedTongs":9},{"Blood Vial":14,"Busted Crown":0,"Golden Idol":7,"DollysMirror":37,"Oddly Smooth Stone":14,"Pandora\u0027s Box":30,"Bottled Lightning":41,"Ring of the Snake":0,"WarpedTongs":37}],"WarpedTongs":[22]},"card_choices":[{"not_picked":["Infinite Blades"],"picked":"SKIP","floor":1.0},{"not_picked":["Infinite Blades"],"picked":"SKIP","floor":1.0},{"not_picked":[],"picked":"Deadly Poison","floor":2.0},{"not_picked":[],"picked":"Acrobatics","floor":5.0},{"not_picked":[],"picked":"Backflip","floor":7.0},{"not_picked":[],"picked":"Predator","floor":11.0},{"not_picked":["Prepared"],"picked":"SKIP","floor":14.0},{"not_picked":[],"picked":"Die Die Die","floor":16.0},{"not_picked":["Eviscerate"],"picked":"SKIP","floor":18.0},{"not_picked":["Slice"],"picked":"SKIP","floor":20},{"not_picked":[],"picked":"Backflip+1","floor":24},{"not_picked":["Infinite Blades"],"picked":"SKIP","floor":27},{"not_picked":["Caltrops"],"picked":"SKIP","floor":29},{"not_picked":["Slice+1"],"picked":"SKIP","floor":30}],"player_experience":2079667,"relics_obtained":[{"floor":7.0,"key":"Oddly Smooth Stone"},{"floor":9.0,"key":"Blood Vial"},{"floor":26,"key":"Bottled Lightning"}],"event_choices":[{"damage_healed":0.0,"max_hp_gain":0.0,"max_hp_loss":6.0,"gold_gain":0.0,"event_name":"Golden Idol","player_choice":"Lose Max HP","floor":4.0,"gold_loss":0.0,"damage_taken":0.0,"relics_obtained":["Golden Idol"]},{"damage_healed":0.0,"max_hp_gain":0.0,"max_hp_loss":0.0,"gold_gain":0.0,"event_name":"Lab","player_choice":"Got Potions","floor":10.0,"gold_loss":0.0,"damage_taken":0.0},{"damage_healed":0.0,"max_hp_gain":0.0,"max_hp_loss":0.0,"gold_gain":0.0,"event_name":"Shining Light","player_choice":"Ignored","floor":13.0,"gold_loss":0.0,"damage_taken":0.0},{"damage_healed":0.0,"max_hp_gain":0.0,"max_hp_loss":0.0,"gold_gain":0.0,"cards_transformed":["Prepared","Quick Slash"],"event_name":"Drug Dealer","player_choice":"Became Test Subject","floor":19.0,"gold_loss":0.0,"damage_taken":0.0,"cards_obtained":["Sucker Punch","Envenom"]},{"damage_healed":0,"gold_gain":0,"player_choice":"Rummage","damage_taken":0,"relics_obtained":["WarpedTongs"],"max_hp_gain":0,"max_hp_loss":0,"event_name":"Accursed Blacksmith","floor":22,"gold_loss":0,"cards_obtained":["Pain"]},{"damage_healed":0,"gold_gain":0,"player_choice":"Bought 0 Potions","damage_taken":0,"max_hp_gain":0,"max_hp_loss":0,"event_name":"The Woman in Blue","floor":25,"gold_loss":0}],"is_beta":false,"boss_relics":[{"not_picked":["Astrolabe","Velvet Choker"],"picked":"Pandora\u0027s Box"}],"items_purged_floors":[12],"is_endless":false,"potions_floor_spawned":[1,7,16,18,24,27],"killed_by":"Book of Stabbing","ascension_level":20}}