{"host":"gg","time":1609820535,"event":{"mods":["BaseMod","Colored Map","Googly Eyes","Minty Spire (QoL Compilation)","Permanent Neow","Relic Stats","The IronCluck"],"gold_per_floor":[115,115,130,130,144,144,170,170,170,200,125,125,125,25,25,99,99,114,126,126,141,141,173,189,219,219,219,248,259,290,305,305,377,377,394,404,279,279,279,311,311,321,395,451,493,508,559,629,629,679,679,679,96,129,129],"floor_reached":56,"playtime":3929,"items_purged":["Pain","Defend_P","Strike_P"],"score":2625,"play_id":"00ea50a2-ef82-4746-ad85-792a59c4cda6","local_time":"20210104202215","is_ascension_mode":true,"campfire_choices":[{"data":"WheelKick","floor":6.0,"key":"SMITH"},{"data":"Wallop","floor":8.0,"key":"SMITH"},{"data":"Brilliance","floor":13.0,"key":"SMITH"},{"data":"CrushJoints","floor":15.0,"key":"SMITH"},{"data":"SandsOfTime","floor":27.0,"key":"SMITH"},{"data":"TalkToTheHand","floor":32.0,"key":"SMITH"},{"floor":49.0,"key":"RECALL"},{"floor":52.0,"key":"REST"}],"circlet_count":0,"master_deck":["AscendersBane","Strike_P","Defend_P","Eruption","Vigilance","CrushJoints+1","WheelKick+1","Worship","Wallop+1","Brilliance+1","DevaForm","Vengeance+1","EmptyBody+1","CrushJoints+1","Wallop","SandsOfTime+1","Vault","Wallop","TalkToTheHand+1","Ragnarok+1","WheelKick+1","Worship","Tantrum","Wish","Parasite","Worship","WaveOfTheHand","TalkToTheHand","WheelKick+1","Wish","Meditate"],"relics":["Snecko Eye","WarpedTongs","Eternal Feather","Gremlin Horn","PreservedInsect","Potion Belt","Astrolabe","Blood Vial","Kunai","Prayer Wheel","Regal Pillow","Fusion Hammer","Blue Candle","Akabeko","Question Card","Bottled Tornado","Mummified Hand","Anchor","Bag of Marbles","TheAbacus","Oddly Smooth Stone"],"acts_visited":["Exordium","TheCity","TheBeyond","TheEnding"],"potions_floor_usage":[55,55],"damage_taken":[{"damage":0.0,"enemies":"Small Slimes","floor":1.0,"turns":2.0},{"damage":0.0,"enemies":"2 Louse","floor":3.0,"turns":2.0},{"damage":6.0,"enemies":"Cultist","floor":5.0,"turns":1.0},{"damage":6.0,"enemies":"3 Sentries","floor":7.0,"turns":4.0},{"damage":7.0,"enemies":"Gremlin Nob","floor":10.0,"turns":3.0},{"damage":30.0,"enemies":"Hexaghost","floor":16.0,"turns":3.0},{"damage":0.0,"enemies":"Chosen","floor":18.0,"turns":4.0},{"damage":0.0,"enemies":"Shell Parasite","floor":19.0,"turns":2.0},{"damage":2.0,"enemies":"Centurion and Healer","floor":21.0,"turns":2.0},{"damage":0.0,"enemies":"Slavers","floor":23.0,"turns":2.0},{"damage":0.0,"enemies":"Snake Plant","floor":24.0,"turns":2.0},{"damage":0.0,"enemies":"Gremlin Leader","floor":25.0,"turns":3.0},{"damage":12.0,"enemies":"Slavers","floor":28.0,"turns":3.0},{"damage":0.0,"enemies":"Chosen and Byrds","floor":29.0,"turns":3.0},{"damage":0.0,"enemies":"Book of Stabbing","floor":30.0,"turns":1.0},{"damage":0.0,"enemies":"Centurion and Healer","floor":31.0,"turns":3.0},{"damage":0.0,"enemies":"Champ","floor":33.0,"turns":4.0},{"damage":4.0,"enemies":"3 Darklings","floor":35.0,"turns":3.0},{"damage":0.0,"enemies":"3 Shapes","floor":36.0,"turns":3.0},{"damage":0.0,"enemies":"Reptomancer","floor":40.0,"turns":2.0},{"damage":3.0,"enemies":"Jaw Worm Horde","floor":42.0,"turns":3.0},{"damage":0.0,"enemies":"Giant Head","floor":44.0,"turns":3.0},{"damage":12.0,"enemies":"Writhing Mass","floor":45.0,"turns":4.0},{"damage":0.0,"enemies":"Sphere and 2 Shapes","floor":46.0,"turns":2.0},{"damage":0.0,"enemies":"Reptomancer","floor":47.0,"turns":2.0},{"damage":0.0,"enemies":"4 Shapes","floor":48.0,"turns":5.0},{"damage":48.0,"enemies":"Donu and Deca","floor":50.0,"turns":7.0},{"damage":6.0,"enemies":"Shield and Spear","floor":54.0,"turns":3.0},{"damage":35,"enemies":"The Heart","floor":55,"turns":6}],"seed_played":"-7178659899449218501","potions_obtained":[{"floor":1.0,"key":"ColorlessPotion"},{"floor":10.0,"key":"SpeedPotion"},{"floor":16.0,"key":"EntropicBrew"},{"floor":21.0,"key":"Dexterity Potion"},{"floor":28.0,"key":"Block Potion"},{"floor":29.0,"key":"AttackPotion"},{"floor":31.0,"key":"FairyPotion"},{"floor":33.0,"key":"BottledMiracle"},{"floor":36.0,"key":"PowerPotion"},{"floor":47.0,"key":"StancePotion"}],"is_trial":false,"path_per_floor":["M","?","M","?","M","R","E","R","T","E","$","T","R","$","R","B",null,"M","M","?","M","?","E","M","E","T","R","E","M","E","M","R","B",null,"M","M","$","?","T","E","?","M","T","E","M","M","E","M","R","B",null,"R","$","E","B",null],"character_chosen":"WATCHER","items_purchased":["Anchor","Bag of Marbles","TheAbacus","Ancient Potion"],"campfire_rested":1,"item_purchase_floors":[53,53,53,53],"current_hp_per_floor":[61,61,61,61,55,55,49,58,58,51,51,51,60,60,66,36,60,60,60,60,58,58,58,60,62,62,68,56,58,60,62,68,68,68,64,66,66,66,66,68,68,65,65,67,56,58,60,62,68,20,56,68,68,62,29],"gold":129,"neow_bonus":"BOSS_RELIC","is_daily":false,"chose_seed":false,"campfire_upgraded":6,"win_rate":0.0,"timestamp":1609820535,"path_taken":["M","?","M","?","?","R","E","R","T","E","$","?","R","?","R","BOSS","M","M","?","M","?","E","M","E","T","R","E","M","E","M","R","BOSS","M","M","$","?","?","E","?","M","T","E","M","?","E","M","R","BOSS","R","$","E","BOSS"],"items_purchased_type":["Relic","Relic","Relic","Potion"],"build_version":"2020-12-18","purchased_purges":3,"victory":true,"max_hp_per_floor":[68,68,68,68,68,68,68,68,68,68,68,68,68,68,68,68,68,68,68,68,68,68,68,68,68,68,68,68,68,68,68,68,68,68,68,68,68,68,68,68,68,68,68,68,68,68,68,68,68,68,68,68,68,68,68],"relic_stats":{"Regal Pillow":0,"Gremlin Horn":[29,30],"counters":[29,87],"Astrolabe":["Vengeance","EmptyBody","CrushJoints"],"Blue Candle":[3],"Eternal Feather":54,"PreservedInsect":500,"Question Card":9,"WarpedTongs":[83],"Blood Vial":25,"TheAbacus":[6],"Mummified Hand":[14],"Snecko Eye":[153,163,156,163],"Prayer Wheel":8,"Kunai":[28],"obtain_stats":[{"Potion Belt":12,"Regal Pillow":30,"Gremlin Horn":9,"Astrolabe":17,"Blue Candle":39,"Oddly Smooth Stone":54,"Eternal Feather":7,"PreservedInsect":10,"Bottled Tornado":44,"Question Card":43,"Akabeko":40,"WarpedTongs":4,"Blood Vial":23,"Anchor":53,"TheAbacus":53,"Mummified Hand":47,"Snecko Eye":0,"Prayer Wheel":28,"Fusion Hammer":34,"Bag of Marbles":53,"Kunai":25,"PureWater":0},{"Potion Belt":5,"Regal Pillow":15,"Gremlin Horn":4,"Astrolabe":6,"Blue Candle":19,"Oddly Smooth Stone":28,"Eternal Feather":4,"PreservedInsect":5,"Bottled Tornado":22,"Question Card":21,"Akabeko":20,"WarpedTongs":2,"Blood Vial":10,"Anchor":27,"TheAbacus":27,"Mummified Hand":25,"Snecko Eye":0,"Prayer Wheel":13,"Fusion Hammer":17,"Bag of Marbles":27,"Kunai":12,"PureWater":0},{"Potion Belt":12,"Regal Pillow":37,"Gremlin Horn":9,"Astrolabe":15,"Blue Candle":50,"Oddly Smooth Stone":81,"Eternal Feather":9,"PreservedInsect":12,"Bottled Tornado":58,"Question Card":55,"Akabeko":52,"WarpedTongs":4,"Blood Vial":25,"Anchor":78,"TheAbacus":78,"Mummified Hand":66,"Snecko Eye":0,"Prayer Wheel":33,"Fusion Hammer":44,"Bag of Marbles":78,"Kunai":30,"PureWater":0}]},"card_choices":[{"not_picked":["InnerPeace","EmptyFist"],"picked":"CrushJoints","floor":1.0},{"not_picked":["FollowUp","BowlingBash"],"picked":"Worship","floor":3.0},{"not_picked":["FollowUp","CrushJoints","JustLucky"],"picked":"SKIP","floor":5.0},{"not_picked":["FollowUp","EmptyBody"],"picked":"Wallop","floor":7.0},{"not_picked":["JustLucky","PathToVictory"],"picked":"Brilliance","floor":10.0},{"not_picked":["ConjureBlade","Omniscience"],"picked":"DevaForm","floor":16.0},{"not_picked":["Prostrate+1","FollowUp","JustLucky"],"picked":"SKIP","floor":18.0},{"not_picked":["ClearTheMind+1","Wireheading","Nirvana"],"picked":"SKIP","floor":19.0},{"not_picked":["Collect","Protect","SashWhip"],"picked":"SKIP","floor":21.0},{"not_picked":["Weave","FollowUp"],"picked":"Wallop","floor":23.0},{"not_picked":["ClearTheMind","Consecrate"],"picked":"SandsOfTime","floor":24.0},{"not_picked":["ForeignInfluence","CutThroughFate","EmptyFist"],"picked":"SKIP","floor":25.0},{"not_picked":["Crescendo","Consecrate"],"picked":"Vault","floor":28.0},{"not_picked":["CrushJoints","Crescendo"],"picked":"Wallop","floor":29.0},{"not_picked":["EmptyBody","Prostrate","SashWhip"],"picked":"SKIP","floor":29.0},{"not_picked":["PathToVictory","Prostrate"],"picked":"TalkToTheHand","floor":30.0},{"not_picked":["Conclude","DevaForm","JustLucky"],"picked":"SKIP","floor":31.0},{"not_picked":["Protect","Perseverance","Crescendo"],"picked":"SKIP","floor":31.0},{"not_picked":["DeusExMachina","DevaForm"],"picked":"Ragnarok","floor":33.0},{"not_picked":["EmptyFist","Prostrate+1"],"picked":"WheelKick+1","floor":35.0},{"not_picked":["Sanctity","Indignation"],"picked":"Worship","floor":35.0},{"not_picked":["FlurryOfBlows","Wireheading"],"picked":"Tantrum","floor":36.0},{"not_picked":["Weave","EmptyFist","CrushJoints+1"],"picked":"SKIP","floor":36.0},{"not_picked":["WindmillStrike+1","Nirvana","Study"],"picked":"SKIP","floor":40.0},{"not_picked":["Prostrate","Evaluate+1"],"picked":"Wish","floor":42.0},{"not_picked":["Protect","Evaluate","ClearTheMind"],"picked":"SKIP","floor":42.0},{"not_picked":["DeceiveReality","EmptyFist+1","Evaluate","SignatureMove"],"picked":"SKIP","floor":44.0},{"not_picked":["Crescendo","Perseverance+1","FlurryOfBlows"],"picked":"Worship","floor":45.0},{"not_picked":["DeusExMachina","FollowUp","JustLucky"],"picked":"WaveOfTheHand","floor":45.0},{"not_picked":["DeceiveReality","ThirdEye","Adaptation"],"picked":"TalkToTheHand","floor":46.0},{"not_picked":["ForeignInfluence","Consecrate","Halt+1"],"picked":"WheelKick+1","floor":46.0},{"not_picked":["EmptyBody","CutThroughFate","SashWhip"],"picked":"Wish","floor":47.0},{"not_picked":["FlyingSleeves+1","FearNoEvil","Swivel+1","FollowUp+1"],"picked":"SKIP","floor":48.0},{"not_picked":["Meditate","Crescendo","WreathOfFlame","EmptyBody"],"picked":"SKIP","floor":48.0},{"not_picked":["Crescendo","WreathOfFlame","EmptyBody"],"picked":"Meditate","floor":48.0},{"not_picked":["FlyingSleeves+1","FearNoEvil","Swivel+1","FollowUp+1"],"picked":"SKIP","floor":48.0},{"not_picked":["Perseverance","Consecrate","WaveOfTheHand","JustLucky"],"picked":"SKIP","floor":54.0}],"player_experience":1049183,"relics_obtained":[{"floor":7.0,"key":"Eternal Feather"},{"floor":9.0,"key":"Gremlin Horn"},{"floor":10.0,"key":"PreservedInsect"},{"floor":12.0,"key":"Potion Belt"},{"floor":23.0,"key":"Blood Vial"},{"floor":25.0,"key":"Kunai"},{"floor":28.0,"key":"Prayer Wheel"},{"floor":30.0,"key":"Regal Pillow"},{"floor":39.0,"key":"Blue Candle"},{"floor":40.0,"key":"Akabeko"},{"floor":43.0,"key":"Question Card"},{"floor":44.0,"key":"Bottled Tornado"},{"floor":47.0,"key":"Mummified Hand"},{"floor":54.0,"key":"Oddly Smooth Stone"}],"event_choices":[{"damage_healed":0.0,"max_hp_gain":0.0,"max_hp_loss":0.0,"gold_gain":0.0,"cards_transformed":["Defend_P"],"event_name":"Living Wall","player_choice":"Change","floor":2.0,"gold_loss":0.0,"damage_taken":0.0,"cards_obtained":["WheelKick"]},{"damage_healed":0.0,"max_hp_gain":0.0,"max_hp_loss":0.0,"gold_gain":0.0,"event_name":"Accursed Blacksmith","player_choice":"Rummage","floor":4.0,"gold_loss":0.0,"damage_taken":0.0,"relics_obtained":["WarpedTongs"],"cards_obtained":["Pain"]},{"damage_healed":0.0,"max_hp_gain":0.0,"max_hp_loss":0.0,"gold_gain":0.0,"event_name":"Vampires","player_choice":"Ignored","floor":20.0,"gold_loss":0.0,"damage_taken":0.0},{"damage_healed":0.0,"max_hp_gain":0.0,"max_hp_loss":0.0,"gold_gain":0.0,"event_name":"Ghosts","player_choice":"Ignored","floor":22.0,"gold_loss":0.0,"damage_taken":0.0},{"damage_healed":0.0,"max_hp_gain":0.0,"max_hp_loss":0.0,"gold_gain":0.0,"event_name":"SensoryStone","player_choice":"Memory 1","floor":38.0,"gold_loss":0.0,"damage_taken":0.0},{"damage_healed":0.0,"max_hp_gain":0.0,"max_hp_loss":0.0,"gold_gain":0.0,"event_name":"Upgrade Shrine","player_choice":"Upgraded","floor":41.0,"gold_loss":0.0,"damage_taken":0.0,"cards_upgraded":["Ragnarok"]}],"is_beta":true,"boss_relics":[{"not_picked":["Calling Bell","Sozu"],"picked":"Astrolabe"},{"not_picked":["Velvet Choker","Runic Dome"],"picked":"Fusion Hammer"}],"items_purged_floors":[11,14,37],"is_endless":false,"potions_floor_spawned":[1,10,16,21,28,29,31,33,36,42,45,47],"ascension_level":18}}