{"host":"0v07cr0k93jhgkpm","time":1609832563,"event":{"mods":["BaseMod","Colored Map","DeckTracker","Minty Spire (QoL Compilation)","Quick Restart","SuperFastMode"],"gold_per_floor":[118,133,58,73,84,84,109,121,157,169,181,181],"floor_reached":11,"playtime":294,"items_purged":[],"score":146,"play_id":"2de587f1-048a-4f5e-9518-df0f74ca18a4","local_time":"20210105164243","is_ascension_mode":true,"campfire_choices":[{"data":"Neutralize","floor":6,"key":"SMITH"},{"data":"Blade Dance","floor":8,"key":"SMITH"},{"data":"Dagger Spray","floor":10,"key":"SMITH"}],"circlet_count":0,"master_deck":["AscendersBane","Strike_G","Strike_G","Strike_G","Strike_G","Strike_G","Defend_G","Defend_G","Defend_G","Defend_G","Survivor","Neutralize+1","Backflip","Blur","Dagger Spray+1","Blade Dance+1"],"relics":["Ring of the Snake","MawBank"],"acts_visited":["Exordium"],"potions_floor_usage":[7,7],"damage_taken":[{"damage":2,"enemies":"Small Slimes","floor":1,"turns":5},{"damage":0,"enemies":"2 Louse","floor":2,"turns":5},{"damage":5,"enemies":"Jaw Worm","floor":4,"turns":5},{"damage":3,"enemies":"2 Fungi Beasts","floor":5,"turns":4},{"damage":19,"enemies":"3 Sentries","floor":7,"turns":10},{"damage":58,"enemies":"Gremlin Nob","floor":11,"turns":4}],"seed_played":"5415853861195569671","potions_obtained":[{"floor":2,"key":"FearPotion"},{"floor":4,"key":"Explosive Potion"}],"is_trial":false,"path_per_floor":["M","M","?","M","M","R","E","R","T","R","E"],"character_chosen":"THE_SILENT","items_purchased":[],"campfire_rested":0,"item_purchase_floors":[],"current_hp_per_floor":[57,57,57,52,49,49,30,30,30,30,0,0],"gold":181,"neow_bonus":"THREE_CARDS","is_daily":false,"chose_seed":false,"campfire_upgraded":3,"win_rate":0.0,"timestamp":1609832563,"path_taken":["M","M","?","M","M","R","E","R","T","R","E"],"items_purchased_type":[],"build_version":"2020-12-22","purchased_purges":0,"victory":false,"max_hp_per_floor":[66,66,66,66,66,66,66,66,66,66,66,66],"card_choices":[{"not_picked":["Dodge and Roll","Slice"],"picked":"Backflip","floor":0},{"not_picked":["Slice","Sucker Punch"],"picked":"Blur","floor":1},{"not_picked":["Slice","Outmaneuver","Prepared"],"picked":"SKIP","floor":2},{"not_picked":["Dodge and Roll","Sucker Punch","Predator"],"picked":"SKIP","floor":4},{"not_picked":["Blade Dance","Envenom"],"picked":"Dagger Spray","floor":5},{"not_picked":["Terror","Tools of the Trade"],"picked":"Blade Dance","floor":7}],"player_experience":2476003,"relics_obtained":[{"floor":7,"key":"MawBank"}],"event_choices":[{"cards_removed":["Defend_G"],"damage_healed":0,"gold_gain":0,"player_choice":"Card Removal","damage_taken":0,"max_hp_gain":0,"max_hp_loss":0,"event_name":"The Cleric","floor":3,"gold_loss":75}],"is_beta":false,"boss_relics":[],"items_purged_floors":[],"is_endless":false,"potions_floor_spawned":[2,4],"killed_by":"Gremlin Nob","ascension_level":20}}