{"host":"6azrrw3tf7wb0f4b","time":1609860775,"event":{"mods":["BaseMod","DeckTracker","Minty Spire (QoL Compilation)","SuperFastMode"],"gold_per_floor":[116,191,214,233,244,244,262,278,278,278,197,197,147,177,177,277,277,290,290,290,310,32,66,66,393,418,457,469,501,317,327,327,426,426,445,458,458,508,523,553,553,553,553,553,568,157,188,205,205,205,205,205,5,36,36,36],"floor_reached":55,"playtime":1479,"items_purged":["Defend_G","Regret","Regret","Deadly Poison"],"score":1444,"play_id":"83996ffc-0795-4133-87c6-f8492057d90a","local_time":"20210106003255","is_ascension_mode":true,"campfire_choices":[{"data":"Blade Dance","floor":6,"key":"SMITH"},{"data":"Accuracy","floor":10,"key":"SMITH"},{"data":"Blade Dance","floor":12,"key":"SMITH"},{"data":"Tactician","floor":15,"key":"SMITH"},{"data":"Footwork","floor":24,"key":"SMITH"},{"data":"Well Laid Plans","floor":32,"key":"SMITH"},{"data":"Tools of the Trade","floor":41,"key":"SMITH"},{"floor":49,"key":"RECALL"},{"data":"Tactician","floor":52,"key":"SMITH"}],"circlet_count":0,"master_deck":["AscendersBane","Strike_G","Strike_G","Defend_G","Defend_G","Defend_G","Survivor","Neutralize+1","Heel Hook","Backflip","Blade Dance+1","Accuracy+1","Tactician+1","Blade Dance+1","After Image","Tools of the Trade+1","Blur","Footwork+1","Cloak And Dagger+1","Caltrops","Deflect+1","Cloak And Dagger+1","Dash+1","Escape Plan+1","Well Laid Plans+1","Storm of Steel","Blade Dance+1","Expertise+1","Flash of Steel","Acrobatics","Blur","Tactician+1","Outmaneuver+1","Accuracy","Escape Plan","Adrenaline"],"relics":["Ring of the Snake","Pen Nib","Gambling Chip","Juzu Bracelet","Cursed Key","Smiling Mask","PreservedInsect","StrikeDummy","Old Coin","MawBank","Incense Burner","Orrery","WristBlade","Thread and Needle","Anchor","Bottled Tornado","Ancient Tea Set","Pear"],"acts_visited":["Exordium","TheCity","TheBeyond","TheEnding"],"potions_floor_usage":[27,39,50,55,55],"damage_taken":[{"damage":4,"enemies":"Jaw Worm","floor":1,"turns":4},{"damage":2,"enemies":"Cultist","floor":4,"turns":4},{"damage":0,"enemies":"2 Louse","floor":5,"turns":2},{"damage":0,"enemies":"Blue Slaver","floor":7,"turns":4},{"damage":0,"enemies":"2 Fungi Beasts","floor":8,"turns":3},{"damage":2,"enemies":"Lagavulin","floor":14,"turns":3},{"damage":0,"enemies":"Slime Boss","floor":16,"turns":7},{"damage":0,"enemies":"Shell Parasite","floor":18,"turns":2},{"damage":0,"enemies":"3 Byrds","floor":21,"turns":3},{"damage":0,"enemies":"Gremlin Leader","floor":23,"turns":5},{"damage":0,"enemies":"Slavers","floor":25,"turns":4},{"damage":7,"enemies":"Book of Stabbing","floor":27,"turns":3},{"damage":2,"enemies":"Snecko","floor":29,"turns":3},{"damage":0,"enemies":"Cultist and Chosen","floor":31,"turns":5},{"damage":3,"enemies":"Champ","floor":33,"turns":8},{"damage":0,"enemies":"3 Darklings","floor":35,"turns":4},{"damage":0,"enemies":"3 Shapes","floor":36,"turns":5},{"damage":0,"enemies":"Mind Bloom Boss Battle","floor":38,"turns":2},{"damage":0,"enemies":"Transient","floor":39,"turns":5},{"damage":8,"enemies":"Nemesis","floor":40,"turns":3},{"damage":1,"enemies":"4 Shapes","floor":45,"turns":3},{"damage":0,"enemies":"Giant Head","floor":47,"turns":6},{"damage":7,"enemies":"Writhing Mass","floor":48,"turns":5},{"damage":32,"enemies":"Donu and Deca","floor":50,"turns":6},{"damage":38,"enemies":"Shield and Spear","floor":54,"turns":4},{"damage":89,"enemies":"The Heart","floor":55,"turns":3}],"seed_played":"5229697669784491056","potions_obtained":[{"floor":1,"key":"SpeedPotion"},{"floor":4,"key":"Block Potion"},{"floor":29,"key":"BlessingOfTheForge"},{"floor":36,"key":"Swift Potion"},{"floor":40,"key":"Strength Potion"},{"floor":54,"key":"Regen Potion"}],"is_trial":false,"path_per_floor":["M","?","T","M","M","R","M","M","T","R","$","R","?","E","R","B",null,"M","?","?","M","$","E","R","E","T","E","?","M","$","M","R","B",null,"M","M","?","?","M","E","R","?","T","?","M","$","E","M","R","B",null,"R","$","E","B"],"character_chosen":"THE_SILENT","items_purchased":["Tactician","Blade Dance","PreservedInsect","Footwork","Orrery","Acrobatics","Bottled Tornado","Blur","Accuracy","Escape Plan"],"campfire_rested":0,"item_purchase_floors":[11,11,22,22,30,46,46,46,53,53],"current_hp_per_floor":[59,48,48,46,46,46,46,46,46,46,46,46,46,44,44,44,64,64,64,64,64,64,64,64,64,64,57,44,42,42,42,42,39,66,66,66,66,66,66,58,58,58,58,58,57,57,57,50,50,18,61,61,61,33,0,0],"gold":36,"neow_bonus":"UPGRADE_CARD","is_daily":false,"chose_seed":false,"campfire_upgraded":8,"win_rate":0.0,"timestamp":1609860775,"path_taken":["M","?","?","M","M","R","?","M","T","R","?","R","?","E","R","BOSS","M","?","?","M","$","E","R","E","T","E","?","M","$","M","R","BOSS","M","M","?","?","M","E","R","?","T","?","M","$","E","M","R","BOSS","R","$","E","BOSS"],"items_purchased_type":["Card","Card","Relic","Card","Relic","Card","Relic","Card","Card","Card"],"build_version":"2020-12-22","purchased_purges":4,"victory":false,"max_hp_per_floor":[70,70,70,70,70,70,70,70,70,70,70,70,70,70,70,70,70,70,70,70,70,70,70,70,70,70,70,75,75,75,75,75,75,75,75,75,75,75,75,75,75,75,75,75,75,75,75,75,75,75,75,75,75,85,85,85],"card_choices":[{"not_picked":["Blur","Backstab"],"picked":"Heel Hook","floor":1},{"not_picked":["Riddle With Holes","Outmaneuver"],"picked":"Backflip","floor":4},{"not_picked":["Riddle With Holes","Sucker Punch"],"picked":"Blade Dance","floor":5},{"not_picked":["Poisoned Stab","Outmaneuver"],"picked":"Accuracy","floor":7},{"not_picked":["Dagger Throw","Outmaneuver","Flying Knee"],"picked":"SKIP","floor":8},{"not_picked":["Deadly Poison","Eviscerate","Blade Dance"],"picked":"SKIP","floor":14},{"not_picked":["Doppelganger","Envenom"],"picked":"After Image","floor":16},{"not_picked":["Outmaneuver+1","Flying Knee","Setup+1"],"picked":"SKIP","floor":18},{"not_picked":["Slice+1","Endless Agony+1"],"picked":"Blur","floor":21},{"not_picked":["Doppelganger","Flechettes"],"picked":"Cloak And Dagger+1","floor":23},{"not_picked":["Outmaneuver","Masterful Stab"],"picked":"Caltrops","floor":25},{"not_picked":["Eviscerate+1","Dagger Spray"],"picked":"Deflect+1","floor":27},{"not_picked":["Tactician","Cloak And Dagger","Sucker Punch"],"picked":"SKIP","floor":29},{"not_picked":["Dodge and Roll","Distraction"],"picked":"Cloak And Dagger+1","floor":30},{"not_picked":["Crippling Poison","Flying Knee+1"],"picked":"Dash+1","floor":30},{"not_picked":["Sucker Punch+1","All Out Attack"],"picked":"Escape Plan+1","floor":30},{"not_picked":["Bouncing Flask","Backstab+1"],"picked":"Well Laid Plans","floor":31},{"not_picked":["A Thousand Cuts","Grand Finale"],"picked":"Storm of Steel","floor":33},{"not_picked":["Dagger Spray","Distraction","Riddle With Holes+1"],"picked":"SKIP","floor":35},{"not_picked":["Outmaneuver+1","Underhanded Strike+1","Bouncing Flask"],"picked":"SKIP","floor":36},{"not_picked":["Terror","Endless Agony+1"],"picked":"Blade Dance+1","floor":39},{"not_picked":["Bane+1","Deflect"],"picked":"Expertise+1","floor":40},{"not_picked":["Transmutation","Mind Blast"],"picked":"Flash of Steel","floor":42},{"not_picked":["PiercingWail","Cloak And Dagger+1","Predator+1"],"picked":"SKIP","floor":45},{"not_picked":["Backflip+1","Dash"],"picked":"Tactician","floor":47},{"not_picked":["Blade Dance","Dodge and Roll+1"],"picked":"Outmaneuver+1","floor":48},{"not_picked":["Well Laid Plans","Dagger Spray"],"picked":"Adrenaline","floor":54}],"player_experience":676395,"relics_obtained":[{"floor":3,"key":"Pen Nib"},{"floor":9,"key":"Gambling Chip"},{"floor":14,"key":"Juzu Bracelet"},{"floor":23,"key":"StrikeDummy"},{"floor":25,"key":"Old Coin"},{"floor":26,"key":"MawBank"},{"floor":27,"key":"Incense Burner"},{"floor":38,"key":"Thread and Needle"},{"floor":40,"key":"Anchor"},{"floor":47,"key":"Ancient Tea Set"},{"floor":54,"key":"Pear"}],"event_choices":[{"damage_healed":0,"gold_gain":75,"player_choice":"Gather Gold","damage_taken":11,"max_hp_gain":0,"max_hp_loss":0,"event_name":"World of Goop","floor":2,"gold_loss":0},{"cards_removed":["Strike_G"],"damage_healed":0,"gold_gain":0,"player_choice":"Card Removal","damage_taken":0,"max_hp_gain":0,"max_hp_loss":0,"event_name":"The Cleric","floor":13,"gold_loss":50},{"damage_healed":0,"gold_gain":0,"cards_transformed":["Strike_G","Defend_G"],"player_choice":"Became Test Subject","damage_taken":0,"max_hp_gain":0,"max_hp_loss":0,"event_name":"Drug Dealer","floor":19,"gold_loss":0,"cards_obtained":["Deadly Poison","Tools of the Trade"]},{"damage_healed":0,"gold_gain":0,"player_choice":"Opened","damage_taken":0,"relics_obtained":["Smiling Mask"],"max_hp_gain":0,"max_hp_loss":0,"event_name":"The Mausoleum","floor":20,"gold_loss":0},{"damage_healed":0,"gold_gain":0,"player_choice":"Shed Blood","damage_taken":18,"max_hp_gain":5,"max_hp_loss":0,"event_name":"Forgotten Altar","floor":28,"gold_loss":0},{"cards_removed":["Strike_G"],"damage_healed":0,"gold_gain":0,"player_choice":"Removed Attack","damage_taken":0,"max_hp_gain":0,"max_hp_loss":0,"event_name":"Falling","floor":37,"gold_loss":0},{"damage_healed":0,"gold_gain":0,"player_choice":"Fight","damage_taken":0,"max_hp_gain":0,"max_hp_loss":0,"event_name":"MindBloom","floor":38,"gold_loss":0},{"damage_healed":0,"gold_gain":0,"player_choice":"Memory 1","damage_taken":0,"max_hp_gain":0,"max_hp_loss":0,"event_name":"SensoryStone","floor":42,"gold_loss":0},{"damage_healed":0,"gold_gain":0,"player_choice":"Ignored","damage_taken":0,"max_hp_gain":0,"max_hp_loss":0,"event_name":"Tomb of Lord Red Mask","floor":44,"gold_loss":0}],"is_beta":false,"boss_relics":[{"not_picked":["HoveringKite","Calling Bell"],"picked":"Cursed Key"},{"not_picked":["Philosopher\u0027s Stone","Empty Cage"],"picked":"WristBlade"}],"items_purged_floors":[22,30,46,53],"is_endless":false,"potions_floor_spawned":[1,4,14,16,25,29,31,33,36,38,40,47,54],"killed_by":"The Heart","ascension_level":11}}