{"host":"jpcy2bclvs7juczu","time":1609821901,"event":{"mods":["AchievementEnabler","BaseMod","Block Reminder","Colored Powertips","Minty Spire (QoL Compilation)","Quick Restart","Relic Stats","ojb\u0027s Better Paths Mod","ojb\u0027s Info Mod","slay the spire mod where everything is the same but ironclad has a cowboy hat"],"gold_per_floor":[117,130,146,24,35,60,60,94,394,425,375,404,422,435,435,536,536,554,570,570,590,590,619,619,284,284,301,301,314,67,86,86,181,181,192,192,0,0,12,12,43,43,70,97,97,97,97,24,24,24,24,24,24,57,57],"floor_reached":56,"playtime":2906,"items_purged":["Strike_G"],"score":1378,"play_id":"c0b34d2a-43d0-4671-b2d9-89023c786495","local_time":"20210105044501","is_ascension_mode":true,"campfire_choices":[{"data":"Deadly Poison","floor":7.0,"key":"SMITH"},{"data":"Noxious Fumes","floor":15.0,"key":"SMITH"},{"data":"Outmaneuver","floor":24.0,"key":"SMITH"},{"data":"Catalyst","floor":32.0,"key":"SMITH"},{"data":"Secret Technique","floor":40.0,"key":"SMITH"},{"data":"Calculated Gamble","floor":45.0,"key":"SMITH"},{"floor":49.0,"key":"RECALL"},{"data":"Secret Technique","floor":52.0,"key":"SMITH"}],"circlet_count":0,"master_deck":["Strike_G","Defend_G","Defend_G","Defend_G","Defend_G","Defend_G","Survivor","Neutralize","PiercingWail","Sucker Punch","Calculated Gamble+1","Poisoned Stab","Outmaneuver+1","Deadly Poison+1","Backflip","Noxious Fumes+1","Underhanded Strike","Endless Agony","Terror","Dagger Throw","Blade Dance","Blade Dance+1","PiercingWail+1","Riddle With Holes","Outmaneuver","Catalyst+1","Deflect","Blur","Bane","Tools of the Trade","Backflip+1","Secret Technique+1","Secret Technique+1","Catalyst+1","Deadly Poison+1","Doubt","Finisher+1"],"relics":["Ring of the Snake","Oddly Smooth Stone","Turnip","Shuriken","Old Coin","Ice Cream","Boot","Empty Cage","Nilry\u0027s Codex","Thread and Needle","Pear","Lee\u0027s Waffle","Centennial Puzzle","Bottled Lightning","Coffee Dripper","Toxic Egg 2","Tough Bandages","HornCleat"],"acts_visited":["Exordium","TheCity","TheBeyond","TheEnding"],"potions_floor_usage":[55],"damage_taken":[{"damage":6.0,"enemies":"Cultist","floor":1.0,"turns":4.0},{"damage":0.0,"enemies":"Small Slimes","floor":2.0,"turns":4.0},{"damage":0.0,"enemies":"Jaw Worm","floor":3.0,"turns":3.0},{"damage":0.0,"enemies":"3 Louse","floor":5.0,"turns":4.0},{"damage":2.0,"enemies":"3 Sentries","floor":6.0,"turns":11.0},{"damage":11.0,"enemies":"Lagavulin","floor":8.0,"turns":6.0},{"damage":9.0,"enemies":"3 Sentries","floor":10.0,"turns":8.0},{"damage":14.0,"enemies":"Lagavulin","floor":12.0,"turns":5.0},{"damage":1.0,"enemies":"Looter","floor":13.0,"turns":2.0},{"damage":8.0,"enemies":"Large Slime","floor":14.0,"turns":5.0},{"damage":0.0,"enemies":"Slime Boss","floor":16.0,"turns":6.0},{"damage":4.0,"enemies":"Spheric Guardian","floor":18.0,"turns":4.0},{"damage":4.0,"enemies":"Shell Parasite","floor":19.0,"turns":5.0},{"damage":3.0,"enemies":"Cultist and Chosen","floor":21.0,"turns":6.0},{"damage":19.0,"enemies":"Book of Stabbing","floor":23.0,"turns":5.0},{"damage":3.0,"enemies":"Centurion and Healer","floor":27.0,"turns":6.0},{"damage":5.0,"enemies":"Sentry and Sphere","floor":29.0,"turns":5.0},{"damage":5.0,"enemies":"Snake Plant","floor":31.0,"turns":6.0},{"damage":36.0,"enemies":"Champ","floor":33.0,"turns":8.0},{"damage":9.0,"enemies":"3 Darklings","floor":35.0,"turns":4.0},{"damage":0.0,"enemies":"Orb Walker","floor":39.0,"turns":2.0},{"damage":18.0,"enemies":"Reptomancer","floor":41.0,"turns":5.0},{"damage":35.0,"enemies":"Nemesis","floor":44.0,"turns":5.0},{"damage":53.0,"enemies":"Awakened One","floor":50.0,"turns":15.0},{"damage":48.0,"enemies":"Shield and Spear","floor":54.0,"turns":10.0},{"damage":31,"enemies":"The Heart","floor":55,"turns":8}],"seed_played":"6536116029004694218","potions_obtained":[{"floor":1.0,"key":"EssenceOfSteel"},{"floor":6.0,"key":"LiquidMemories"},{"floor":8.0,"key":"GamblersBrew"},{"floor":10.0,"key":"BlessingOfTheForge"},{"floor":13.0,"key":"FearPotion"},{"floor":16.0,"key":"CunningPotion"},{"floor":18.0,"key":"Weak Potion"},{"floor":31.0,"key":"Strength Potion"},{"floor":39.0,"key":"Strength Potion"}],"is_trial":false,"path_per_floor":["M","M","M","$","M","E","R","E","T","E","?","E","M","M","R","B",null,"M","M","?","M","?","E","R","$","T","M","?","M","$","M","R","B",null,"M","?","$","?","M","R","E","?","T","E","R","?","$","$","R","B",null,"R","$","E","B",null],"character_chosen":"THE_SILENT","items_purchased":["Poisoned Stab","Outmaneuver","Deadly Poison","Lee\u0027s Waffle","Centennial Puzzle","Catalyst","Deflect","Blur","Bane","Secret Technique","DuplicationPotion"],"campfire_rested":0,"item_purchase_floors":[4,4,4,25,25,25,30,30,30,37,48],"current_hp_per_floor":[64,64,64,64,64,62,62,51,51,42,42,28,27,19,19,19,70,66,62,46,43,43,34,34,87,87,84,84,79,79,74,74,38,87,78,78,78,78,78,78,60,60,60,25,25,87,87,87,87,34,87,87,87,39,8],"gold":57,"neow_bonus":"RANDOM_COMMON_RELIC","is_daily":false,"chose_seed":false,"campfire_upgraded":7,"win_rate":0.0,"timestamp":1609821901,"path_taken":["M","M","M","$","?","E","R","E","T","E","?","E","M","M","R","BOSS","M","M","?","M","?","E","R","$","T","M","?","M","$","M","R","BOSS","M","?","$","?","?","R","E","?","T","E","R","?","?","$","R","BOSS","R","$","E","BOSS"],"items_purchased_type":["Card","Card","Card","Relic","Relic","Card","Card","Card","Card","Card","Potion"],"build_version":"2020-12-22","purchased_purges":1,"victory":true,"max_hp_per_floor":[70,70,70,70,70,70,70,70,70,70,70,70,70,70,70,70,70,70,70,70,70,70,80,80,87,87,87,87,87,87,87,87,87,87,87,87,87,87,87,87,87,87,87,87,87,87,87,87,87,87,87,87,87,87,87],"relic_stats":{"Lee\u0027s Waffle":53,"Centennial Puzzle":[31],"Tough Bandages":[129],"counters":[26,152],"Shuriken":[58],"Turnip":[28],"Boot":[74],"obtain_stats":[{"Ice Cream":10,"Lee\u0027s Waffle":25,"Pear":23,"Nilry\u0027s Codex":20,"Oddly Smooth Stone":0,"Thread and Needle":22,"Boot":12,"Empty Cage":17,"Old Coin":9,"Centennial Puzzle":25,"Tough Bandages":44,"HornCleat":54,"Shuriken":8,"Turnip":6,"Coffee Dripper":34,"Bottled Lightning":26,"Toxic Egg 2":41,"Ring of the Snake":0},{"Ice Cream":7,"Lee\u0027s Waffle":15,"Pear":15,"Nilry\u0027s Codex":13,"Oddly Smooth Stone":0,"Thread and Needle":14,"Boot":8,"Empty Cage":11,"Old Coin":6,"Centennial Puzzle":15,"Tough Bandages":23,"HornCleat":25,"Shuriken":6,"Turnip":5,"Coffee Dripper":19,"Bottled Lightning":15,"Toxic Egg 2":22,"Ring of the Snake":0},{"Ice Cream":40,"Lee\u0027s Waffle":78,"Pear":78,"Nilry\u0027s Codex":67,"Oddly Smooth Stone":0,"Thread and Needle":73,"Boot":45,"Empty Cage":58,"Old Coin":32,"Centennial Puzzle":78,"Tough Bandages":119,"HornCleat":144,"Shuriken":32,"Turnip":26,"Coffee Dripper":103,"Bottled Lightning":78,"Toxic Egg 2":114,"Ring of the Snake":0}],"Ring of the Snake":[52]},"card_choices":[{"not_picked":["Tactician","Deflect"],"picked":"PiercingWail","floor":1.0},{"not_picked":["PiercingWail","Slice"],"picked":"Sucker Punch","floor":2.0},{"not_picked":["Flying Knee","Slice"],"picked":"Calculated Gamble","floor":3.0},{"not_picked":["PiercingWail","Sucker Punch"],"picked":"Backflip","floor":5.0},{"not_picked":["Dagger Throw","Skewer"],"picked":"Noxious Fumes","floor":6.0},{"not_picked":["Doppelganger","Escape Plan"],"picked":"Underhanded Strike","floor":8.0},{"not_picked":["Prepared","Envenom"],"picked":"Endless Agony","floor":10.0},{"not_picked":["Quick Slash","Concentrate"],"picked":"Terror","floor":12.0},{"not_picked":["Deflect","Underhanded Strike"],"picked":"Dagger Throw","floor":13.0},{"not_picked":["Cloak And Dagger","Predator"],"picked":"Blade Dance","floor":14.0},{"not_picked":["Wraith Form v2","A Thousand Cuts"],"picked":"Die Die Die","floor":16.0},{"not_picked":["Acrobatics+1","Outmaneuver"],"picked":"Blade Dance+1","floor":18.0},{"not_picked":["Quick Slash","Flying Knee"],"picked":"PiercingWail+1","floor":19.0},{"not_picked":["Poisoned Stab","Quick Slash+1"],"picked":"Riddle With Holes","floor":21.0},{"not_picked":["Distraction+1","Malaise"],"picked":"Outmaneuver","floor":23.0},{"not_picked":["Infinite Blades","Deflect","Underhanded Strike"],"picked":"SKIP","floor":27.0},{"not_picked":["Quick Slash+1","Cloak And Dagger","Riddle With Holes"],"picked":"SKIP","floor":29.0},{"not_picked":["Dagger Throw","Accuracy","Heel Hook"],"picked":"SKIP","floor":31.0},{"not_picked":["Night Terror","Storm of Steel"],"picked":"Tools of the Trade","floor":33.0},{"not_picked":["Calculated Gamble","Quick Slash"],"picked":"Backflip+1","floor":35.0},{"not_picked":["Dagger Throw+1","Poisoned Stab","Bane"],"picked":"SKIP","floor":39.0},{"not_picked":["Concentrate+1","Grand Finale"],"picked":"Catalyst+1","floor":41.0},{"not_picked":["Endless Agony+1","Infinite Blades+1"],"picked":"Deadly Poison+1","floor":44.0},{"not_picked":["Grand Finale","Expertise+1"],"picked":"Finisher+1","floor":54.0}],"player_experience":434572,"relics_obtained":[{"floor":6.0,"key":"Turnip"},{"floor":8.0,"key":"Shuriken"},{"floor":9.0,"key":"Old Coin"},{"floor":10.0,"key":"Ice Cream"},{"floor":12.0,"key":"Boot"},{"floor":20.0,"key":"Nilry\u0027s Codex"},{"floor":23.0,"key":"Pear"},{"floor":26.0,"key":"Bottled Lightning"},{"floor":41.0,"key":"Toxic Egg 2"},{"floor":44.0,"key":"Tough Bandages"},{"floor":54.0,"key":"HornCleat"}],"event_choices":[{"cards_removed":["Strike_G"],"damage_healed":0.0,"max_hp_gain":0.0,"max_hp_loss":0.0,"gold_gain":0.0,"event_name":"The Cleric","player_choice":"Card Removal","floor":11.0,"gold_loss":50.0,"damage_taken":0.0},{"damage_healed":0.0,"max_hp_gain":0.0,"max_hp_loss":0.0,"gold_gain":0.0,"event_name":"Cursed Tome","player_choice":"Obtained Book","floor":20.0,"gold_loss":0.0,"damage_taken":16.0},{"damage_healed":0.0,"max_hp_gain":0.0,"max_hp_loss":0.0,"gold_gain":0.0,"event_name":"The Mausoleum","player_choice":"Opened","floor":22.0,"gold_loss":0.0,"damage_taken":0.0,"relics_obtained":["Thread and Needle"]},{"damage_healed":0.0,"max_hp_gain":0.0,"max_hp_loss":0.0,"gold_gain":0.0,"event_name":"Vampires","player_choice":"Ignored","floor":28.0,"gold_loss":0.0,"damage_taken":0.0},{"cards_removed":["Die Die Die"],"damage_healed":0.0,"max_hp_gain":0.0,"max_hp_loss":0.0,"gold_gain":0.0,"event_name":"Falling","player_choice":"Removed Attack","floor":36.0,"gold_loss":0.0,"damage_taken":0.0},{"damage_healed":0.0,"max_hp_gain":0.0,"max_hp_loss":0.0,"gold_gain":0.0,"event_name":"Duplicator","player_choice":"Copied","floor":38.0,"gold_loss":0.0,"damage_taken":0.0,"cards_obtained":["Secret Technique"]},{"damage_healed":0.0,"max_hp_gain":0.0,"max_hp_loss":0.0,"gold_gain":0.0,"event_name":"Mysterious Sphere","player_choice":"Ignored","floor":42.0,"gold_loss":0.0,"damage_taken":0.0},{"damage_healed":62.0,"max_hp_gain":0.0,"max_hp_loss":0.0,"gold_gain":0.0,"event_name":"MindBloom","player_choice":"Heal","floor":46.0,"gold_loss":0.0,"damage_taken":0.0,"cards_obtained":["Doubt"]}],"is_beta":false,"boss_relics":[{"not_picked":["Ectoplasm","Calling Bell"],"picked":"Empty Cage"},{"not_picked":["Black Star","WristBlade"],"picked":"Coffee Dripper"}],"items_purged_floors":[30],"is_endless":false,"potions_floor_spawned":[1,6,8,10,13,16,18,19,31,39],"ascension_level":1}}