{"host":"9l4mw5jqza9qz9hr","time":1609862417,"event":{"mods":["AchievementEnabler","Always Whale","BaseMod","Colored Map","Minty Spire (QoL Compilation)","StSLib","SuperFastMode"],"gold_per_floor":[110,110,110,120,131,131,162,162,162,162,196,215,25,25,25,126,126,139,154,178,93,93,128,128,139,164,164,164,196,196,269,269,368,368,386,84,135,149,163,163,22,54,108,137,187,0,14,14,14,14],"floor_reached":51,"playtime":4389,"items_purged":["Strike_G","Strike_G+1","Strike_G+1"],"score":1260,"play_id":"df3388d5-bd68-45a8-8dc8-0dab8c7e5302","local_time":"20210106010017","is_ascension_mode":true,"campfire_choices":[{"data":"Blade Dance","floor":6.0,"key":"SMITH"},{"data":"Blade Dance","floor":8.0,"key":"SMITH"},{"floor":10.0,"key":"REST"},{"data":"Accuracy","floor":15.0,"key":"SMITH"},{"data":"Adrenaline","floor":24.0,"key":"SMITH"},{"data":"Terror","floor":28.0,"key":"SMITH"},{"data":"Envenom","floor":30.0,"key":"SMITH"},{"data":"Wraith Form v2","floor":32.0,"key":"SMITH"},{"data":"Adrenaline","floor":40,"key":"SMITH"},{"data":"Accuracy","floor":49,"key":"SMITH"}],"circlet_count":0,"master_deck":["AscendersBane","Defend_G","Defend_G","Defend_G","Defend_G","Defend_G","Survivor","Neutralize","Blade Dance+1","Blade Dance+1","Caltrops","Wraith Form v2+1","Footwork","Accuracy+1","Adrenaline+1","Envenom+1","Backflip+1","Acrobatics","Blade Dance+1","Terror+1","Adrenaline+1","Night Terror+1","Cloak And Dagger+1","Escape Plan+1","Acrobatics+1","Accuracy+1","Escape Plan+1","Accuracy+1"],"relics":["Ring of the Snake","NeowsBlessing","Pantograph","Smiling Mask","Tiny Chest","Whetstone","WristBlade","Orichalcum","Darkstone Periapt","Nunchaku","Vajra","Bag of Marbles","Molten Egg 2","Toxic Egg 2","Empty Cage","Bag of Preparation","Unceasing Top","Ninja Scroll","Toy Ornithopter","Mummified Hand","Ice Cream","Red Mask","Kunai"],"acts_visited":["Exordium","TheCity","TheBeyond"],"potions_floor_usage":[],"damage_taken":[{"damage":0.0,"enemies":"Cultist","floor":1.0,"turns":1.0},{"damage":0.0,"enemies":"Jaw Worm","floor":4.0,"turns":1.0},{"damage":0.0,"enemies":"Small Slimes","floor":5.0,"turns":1.0},{"damage":38.0,"enemies":"Lagavulin","floor":7.0,"turns":8.0},{"damage":10.0,"enemies":"3 Sentries","floor":11.0,"turns":5.0},{"damage":6.0,"enemies":"Looter","floor":12.0,"turns":3.0},{"damage":23.0,"enemies":"Hexaghost","floor":16.0,"turns":8.0},{"damage":0.0,"enemies":"Shell Parasite","floor":18.0,"turns":1.0},{"damage":0.0,"enemies":"3 Byrds","floor":19.0,"turns":5.0},{"damage":0.0,"enemies":"Gremlin Leader","floor":23.0,"turns":6.0},{"damage":2.0,"enemies":"Cultist and Chosen","floor":25.0,"turns":4.0},{"damage":2.0,"enemies":"Slavers","floor":29.0,"turns":5.0},{"damage":16.0,"enemies":"Automaton","floor":33.0,"turns":5.0},{"damage":4,"enemies":"3 Shapes","floor":35,"turns":2},{"damage":0,"enemies":"2 Orb Walkers","floor":37,"turns":2},{"damage":0,"enemies":"Orb Walker","floor":38,"turns":1},{"damage":0,"enemies":"Jaw Worm Horde","floor":39,"turns":1},{"damage":0,"enemies":"Reptomancer","floor":42,"turns":1},{"damage":0,"enemies":"Giant Head","floor":44,"turns":3},{"damage":0,"enemies":"Mind Bloom Boss Battle","floor":45,"turns":1},{"damage":0,"enemies":"4 Shapes","floor":47,"turns":2},{"damage":19,"enemies":"Time Eater","floor":50,"turns":5}],"seed_played":"7842781059279630664","potions_obtained":[{"floor":4.0,"key":"LiquidBronze"},{"floor":7.0,"key":"DistilledChaos"},{"floor":12.0,"key":"ColorlessPotion"},{"floor":16.0,"key":"Poison Potion"},{"floor":19.0,"key":"Fire Potion"},{"floor":29.0,"key":"Strength Potion"},{"floor":33.0,"key":"AttackPotion"},{"floor":38,"key":"LiquidMemories"}],"is_trial":false,"path_per_floor":["M","?","T","M","M","R","E","R","T","R","E","M","$","?","R","B",null,"M","M","T","?","T","E","R","M","T","?","R","E","R","T","R","B",null,"M","$","?","M","M","R","$","E","T","E","?","?","M","T","R","B",null],"character_chosen":"THE_SILENT","items_purchased":["Accuracy","Adrenaline","Cloak And Dagger+1","Bag of Preparation","Escape Plan+1","Acrobatics+1","Accuracy"],"campfire_rested":1,"item_purchase_floors":[13,13,36,36,36,41,41],"current_hp_per_floor":[63,63,63,63,63,63,25,25,25,46,36,30,30,35,35,37,66,66,66,66,66,66,66,66,64,64,64,64,62,62,62,62,59,71,67,67,67,67,67,67,67,67,67,67,75,75,75,75,75,56],"gold":14,"neow_bonus":"THREE_ENEMY_KILL","is_daily":false,"chose_seed":false,"campfire_upgraded":9,"win_rate":0.0,"timestamp":1609862417,"path_taken":["M","?","?","M","?","R","E","R","T","R","E","?","?","?","R","BOSS","M","M","?","?","?","E","R","M","T","?","R","E","R","?","R","BOSS","M","$","?","M","M","R","$","E","T","E","?","?","M","?","R","BOSS"],"items_purchased_type":["Card","Card","Card","Relic","Card","Card","Card"],"build_version":"2020-12-22","purchased_purges":3,"victory":true,"max_hp_per_floor":[70,70,70,70,70,70,70,70,70,70,70,70,70,75,75,75,75,75,75,75,75,75,75,75,75,75,75,75,75,75,75,75,75,75,75,75,75,75,75,75,75,75,75,75,75,75,75,75,75,75],"card_choices":[{"not_picked":["Bane","Flying Knee"],"picked":"Blade Dance","floor":1.0},{"not_picked":["Acrobatics","Well Laid Plans"],"picked":"Blade Dance","floor":4.0},{"not_picked":["Sucker Punch","Flying Knee","Underhanded Strike"],"picked":"SKIP","floor":5.0},{"not_picked":["Quick Slash","Dagger Spray"],"picked":"Caltrops","floor":7.0},{"not_picked":["Slice","Deadly Poison"],"picked":"Wraith Form v2","floor":11.0},{"not_picked":["Masterful Stab","Backstab"],"picked":"Footwork","floor":12.0},{"not_picked":["Grand Finale","Doppelganger"],"picked":"Envenom","floor":16.0},{"not_picked":["Escape Plan","Dodge and Roll+1"],"picked":"Backflip+1","floor":18.0},{"not_picked":["Flying Knee","Catalyst+1"],"picked":"Acrobatics","floor":19.0},{"not_picked":["Bane","Distraction+1"],"picked":"Blade Dance+1","floor":23.0},{"not_picked":["Sucker Punch","Dash","Distraction"],"picked":"SKIP","floor":25.0},{"not_picked":["Finisher+1","Reflex+1"],"picked":"Adrenaline","floor":29.0},{"not_picked":["Storm of Steel+1","Tools of the Trade"],"picked":"Night Terror+1","floor":33.0},{"not_picked":["Predator+1","Leg Sweep+1","Sucker Punch+1"],"picked":"SKIP","floor":35},{"not_picked":["Terror+1","Flying Knee+1","Blade Dance+1"],"picked":"SKIP","floor":38},{"not_picked":["Backflip+1","Quick Slash+1","Underhanded Strike+1"],"picked":"SKIP","floor":39},{"not_picked":["Setup+1","Slice+1","Backflip+1"],"picked":"SKIP","floor":42},{"not_picked":["Sucker Punch+1","Slice+1"],"picked":"Escape Plan+1","floor":44},{"not_picked":["All Out Attack+1","Quick Slash+1"],"picked":"Accuracy+1","floor":47}],"player_experience":180769,"relics_obtained":[{"floor":3.0,"key":"Pantograph"},{"floor":7.0,"key":"Smiling Mask"},{"floor":9.0,"key":"Tiny Chest"},{"floor":11.0,"key":"Whetstone"},{"floor":20.0,"key":"Orichalcum"},{"floor":22.0,"key":"Nunchaku"},{"floor":23.0,"key":"Vajra"},{"floor":26.0,"key":"Bag of Marbles"},{"floor":29.0,"key":"Molten Egg 2"},{"floor":31.0,"key":"Toxic Egg 2"},{"floor":37,"key":"Unceasing Top"},{"floor":42,"key":"Ninja Scroll"},{"floor":43,"key":"Toy Ornithopter"},{"floor":44,"key":"Mummified Hand"},{"floor":45,"key":"Ice Cream"},{"floor":48,"key":"Kunai"}],"event_choices":[{"damage_healed":0.0,"max_hp_gain":0.0,"max_hp_loss":0.0,"gold_gain":0.0,"event_name":"Liars Game","player_choice":"Ignored","floor":2.0,"gold_loss":0.0,"damage_taken":0.0},{"damage_healed":0.0,"max_hp_gain":5.0,"max_hp_loss":0.0,"gold_gain":0.0,"event_name":"Big Fish","player_choice":"Donut","floor":14.0,"gold_loss":0.0,"damage_taken":0.0},{"damage_healed":0.0,"max_hp_gain":0.0,"max_hp_loss":0.0,"gold_gain":0.0,"event_name":"Addict","player_choice":"Obtained Relic","floor":21.0,"gold_loss":85.0,"damage_taken":0.0,"relics_obtained":["Darkstone Periapt"]},{"damage_healed":0.0,"max_hp_gain":0.0,"max_hp_loss":0.0,"gold_gain":0.0,"event_name":"The Library","player_choice":"Read","floor":27.0,"gold_loss":0.0,"damage_taken":0.0,"cards_obtained":["Terror"]},{"damage_healed":0,"gold_gain":0,"player_choice":"Fight","damage_taken":0,"max_hp_gain":0,"max_hp_loss":0,"event_name":"Mysterious Sphere","floor":37,"gold_loss":0},{"damage_healed":0,"gold_gain":0,"player_choice":"Fight","damage_taken":0,"max_hp_gain":0,"max_hp_loss":0,"event_name":"MindBloom","floor":45,"gold_loss":0},{"damage_healed":0,"gold_gain":0,"player_choice":"Paid","damage_taken":0,"relics_obtained":["Red Mask"],"max_hp_gain":0,"max_hp_loss":0,"event_name":"Tomb of Lord Red Mask","floor":46,"gold_loss":187}],"is_beta":false,"boss_relics":[{"not_picked":["Cursed Key","Velvet Choker"],"picked":"WristBlade"},{"not_picked":["HoveringKite","Pandora\u0027s Box"],"picked":"Empty Cage"}],"items_purged_floors":[13,36,41],"is_endless":false,"potions_floor_spawned":[4,7,12,16,19,29,33,35,38,39,45],"ascension_level":11}}