{"host":"h2zaclyrd1q1i31f","time":1609824189,"event":{"mods":["BaseMod","Colored Map","Downfall","Hermit","Minty Spire (QoL Compilation)","Permanent Neow","StSLib","SuperFastMode","The Hierophant","The Mystic","The Servant 0.9.4"],"gold_per_floor":[211,222,222,75,86,86,86,86,159,190,208,208,208,236,236,336,336,356,370,387,399,414,31,68,68,93,93,93,93,106,128,128,229,229,242,82,101,121,136,136,136,136,206,306,323,328,328],"floor_reached":46,"playtime":2838,"items_purged":["hermit:Strike_Hermit","hermit:Shortfuse","hermit:NoHoldsBarred"],"score":479,"play_id":"0a173ddd-619c-46a4-8b95-3cf6d0aa006f","local_time":"20210104232309","is_ascension_mode":false,"campfire_choices":[{"data":"hermit:PistolWhip","floor":6,"key":"SMITH"},{"data":"hermit:Covet","floor":8,"key":"SMITH"},{"data":"hermit:Enervate","floor":13,"key":"SMITH"},{"data":"hermit:Headshot","floor":15,"key":"SMITH"},{"data":"expansioncontent:Corrupt","floor":27,"key":"SMITH"},{"floor":29,"key":"REST"},{"floor":32,"key":"REST"},{"data":"hermit:Quickdraw","floor":40,"key":"SMITH"}],"circlet_count":0,"master_deck":["hermit:Strike_Hermit","hermit:Strike_Hermit","hermit:Strike_Hermit","hermit:Defend_Hermit","hermit:Defend_Hermit","hermit:Defend_Hermit","hermit:Defend_Hermit","hermit:Snapshot","hermit:Covet+1","hermit:LowProfile","hermit:Enervate+1","hermit:PistolWhip+1","hermit:GhostlyPresence","hermit:Horror+1","hermit:GhostlyPresence","hermit:Headshot+1","hermit:RoundhouseKick","hermit:Snipe+1","hermit:Cheat","hermit:Scavenge","hermit:CalledShot+1","expansioncontent:Corrupt+1","hermit:NoHoldsBarred","hermit:Quickdraw+1","hermit:FinalCanter","CurseOfTheBell","hermit:Midnight+1","hermit:Brawl","hermit:Malice+1","hermit:BodyArmor+1","Parasite","hermit:Quickdraw+1","Sadistic Nature","hermit:Deadeye+1"],"relics":["hermit:Momento","Mango","InkBottle","Thread and Needle","Centennial Puzzle","SlaversCollar","Letter Opener","Potion Belt","Calling Bell","MealTicket","TungstenRod","Sundial","Shuriken"],"acts_visited":["Exordium","TheCity","TheBeyond"],"potions_floor_usage":[11,18,33,33,33,33,41,46],"damage_taken":[{"damage":6,"enemies":"Jaw Worm","floor":1,"turns":5},{"damage":0,"enemies":"Cultist","floor":2,"turns":3},{"damage":0,"enemies":"Small Slimes","floor":5,"turns":4},{"damage":15,"enemies":"3 Sentries","floor":10,"turns":11},{"damage":0,"enemies":"3 Louse","floor":11,"turns":1},{"damage":0,"enemies":"Lagavulin","floor":14,"turns":6},{"damage":3,"enemies":"The Guardian","floor":16,"turns":10},{"damage":6,"enemies":"3 Byrds","floor":18,"turns":5},{"damage":10,"enemies":"2 Thieves","floor":19,"turns":3},{"damage":11,"enemies":"Centurion and Healer","floor":20,"turns":5},{"damage":14,"enemies":"3 Cultists","floor":21,"turns":4},{"damage":30,"enemies":"Sentry and Sphere","floor":22,"turns":8},{"damage":24,"enemies":"Slavers","floor":24,"turns":9},{"damage":13,"enemies":"Centurion and Healer","floor":30,"turns":5},{"damage":5,"enemies":"3 Cultists","floor":31,"turns":4},{"damage":23,"enemies":"Collector","floor":33,"turns":7},{"damage":12,"enemies":"Orb Walker","floor":35,"turns":4},{"damage":1,"enemies":"3 Darklings","floor":37,"turns":5},{"damage":24,"enemies":"4 Shapes","floor":38,"turns":4},{"damage":49,"enemies":"Writhing Mass","floor":39,"turns":8},{"damage":20,"enemies":"Transient","floor":41,"turns":5},{"damage":0,"enemies":"4 Shapes","floor":45,"turns":2},{"damage":12,"enemies":"Sphere and 2 Shapes","floor":46,"turns":2}],"seed_played":"5255279150980270366","potions_obtained":[{"floor":10,"key":"Explosive Potion"},{"floor":16,"key":"DistilledChaos"},{"floor":18,"key":"FearPotion"},{"floor":20,"key":"SmokeBomb"},{"floor":24,"key":"Block Potion"},{"floor":30,"key":"Fire Potion"},{"floor":31,"key":"Weak Potion"},{"floor":37,"key":"BlessingOfTheForge"},{"floor":45,"key":"AttackPotion"}],"is_trial":false,"path_per_floor":["M","M","?","$","M","R","?","R","T","E","M","?","R","E","R","B",null,"M","M","M","M","M","$","E","$","T","R","?","R","M","M","R","B",null,"M","$","M","M","M","R","M","?","T","?","M","M"],"character_chosen":"HERMIT","items_purchased":["hermit:PistolWhip","expansioncontent:Corrupt","FairyPotion","hermit:Brawl"],"campfire_rested":2,"item_purchase_floors":[4,23,23,36],"current_hp_per_floor":[69,69,69,69,69,69,80,80,80,65,65,65,65,65,65,62,89,83,73,62,48,18,18,21,21,21,21,21,47,34,29,55,42,89,77,89,88,64,25,25,5,5,5,5,5,0,0],"gold":328,"neow_bonus":"HUNDRED_GOLD","is_daily":false,"chose_seed":false,"campfire_upgraded":6,"win_rate":0.0,"timestamp":1609824189,"path_taken":["M","M","?","$","?","R","?","R","T","E","M","?","R","E","R","BOSS","M","M","?","M","M","$","E","$","T","R","?","R","M","?","R","BOSS","M","$","M","M","M","R","M","?","T","?","M","M"],"items_purchased_type":["Card","Card","Potion","Card"],"build_version":"2020-12-22","purchased_purges":3,"victory":false,"max_hp_per_floor":[75,75,75,75,75,75,89,89,89,89,89,89,89,89,89,89,89,89,89,89,89,89,89,89,89,89,89,89,89,89,89,89,89,89,89,89,89,89,89,89,89,89,89,89,89,89,89],"card_choices":[{"not_picked":["hermit:Roulette","hermit:Malice"],"picked":"hermit:LowProfile","floor":1},{"not_picked":["hermit:HighCaliber","hermit:Midnight"],"picked":"hermit:Enervate","floor":2},{"not_picked":["hermit:LoneWolf","hermit:Cheat"],"picked":"hermit:GhostlyPresence","floor":5},{"not_picked":["hermit:CalledShot","hermit:Vantage"],"picked":"hermit:Horror","floor":10},{"not_picked":["hermit:Scavenge","hermit:WideOpen"],"picked":"hermit:GhostlyPresence","floor":11},{"not_picked":["hermit:Purgatory","hermit:Desperado"],"picked":"hermit:Headshot","floor":14},{"not_picked":["hermit:EternalForm","hermit:Adapt"],"picked":"hermit:RoundhouseKick","floor":16},{"not_picked":["hermit:Roulette","hermit:Feint"],"picked":"hermit:Shortfuse","floor":18},{"not_picked":["hermit:Feint","hermit:BigShot"],"picked":"hermit:Snipe+1","floor":19},{"not_picked":["hermit:TrackingShot+1","hermit:CalledShot"],"picked":"hermit:Cheat","floor":20},{"not_picked":["hermit:BodyArmor","hermit:Roulette"],"picked":"hermit:Scavenge","floor":21},{"not_picked":["hermit:FlashPowder","hermit:FromBeyond"],"picked":"hermit:CalledShot+1","floor":22},{"not_picked":["hermit:Manifest","hermit:Roulette"],"picked":"hermit:NoHoldsBarred","floor":24},{"not_picked":["hermit:LoneWolf","hermit:ShadowCloak"],"picked":"hermit:Quickdraw","floor":30},{"not_picked":["hermit:HoleUp","hermit:Coalescence","hermit:WideOpen"],"picked":"SKIP","floor":31},{"not_picked":["hermit:FatalDesire","hermit:Purgatory"],"picked":"hermit:FinalCanter","floor":33},{"not_picked":["hermit:Quickdraw","hermit:Coalescence+1"],"picked":"hermit:Midnight+1","floor":35},{"not_picked":["hermit:FullyLoaded","hermit:Midnight+1"],"picked":"hermit:Malice+1","floor":37},{"not_picked":["hermit:WideOpen","hermit:CursedWeapon+1"],"picked":"hermit:BodyArmor+1","floor":38},{"not_picked":["hermit:Purgatory","hermit:Brawl"],"picked":"hermit:Quickdraw+1","floor":39},{"not_picked":["Madness","Transmutation"],"picked":"Sadistic Nature","floor":42},{"not_picked":["hermit:BodyArmor+1","hermit:Dive+1"],"picked":"hermit:Deadeye+1","floor":45}],"player_experience":113737,"relics_obtained":[{"floor":9,"key":"InkBottle"},{"floor":10,"key":"Thread and Needle"},{"floor":14,"key":"Centennial Puzzle"},{"floor":24,"key":"Letter Opener"},{"floor":26,"key":"Potion Belt"},{"floor":34,"key":"MealTicket"},{"floor":34,"key":"TungstenRod"},{"floor":34,"key":"Sundial"},{"floor":43,"key":"Shuriken"}],"event_choices":[{"damage_healed":0,"gold_gain":0,"player_choice":"Ignored","damage_taken":0,"max_hp_gain":0,"max_hp_loss":0,"event_name":"NoteForYourself","floor":3,"gold_loss":0},{"damage_healed":0,"gold_gain":0,"player_choice":"Success","damage_taken":3,"relics_obtained":["Mango"],"max_hp_gain":0,"max_hp_loss":0,"event_name":"Scrap Ooze","floor":7,"gold_loss":0},{"damage_healed":0,"gold_gain":0,"player_choice":"Upgraded","damage_taken":0,"max_hp_gain":0,"max_hp_loss":0,"event_name":"Upgrade Shrine","floor":12,"gold_loss":0,"cards_upgraded":["hermit:Horror"]},{"damage_healed":0,"gold_gain":0,"player_choice":"Copied","damage_taken":0,"max_hp_gain":0,"max_hp_loss":0,"event_name":"Duplicator","floor":28,"gold_loss":0,"cards_obtained":["hermit:NoHoldsBarred"]},{"damage_healed":0,"gold_gain":0,"player_choice":"Memory 1","damage_taken":0,"max_hp_gain":0,"max_hp_loss":0,"event_name":"SensoryStone","floor":42,"gold_loss":0},{"damage_healed":0,"gold_gain":100,"player_choice":"Pray","damage_taken":0,"max_hp_gain":0,"max_hp_loss":0,"event_name":"Golden Shrine","floor":44,"gold_loss":0}],"is_beta":false,"boss_relics":[{"not_picked":["Cursed Key","hermit:ClaspedLocket"],"picked":"SlaversCollar"},{"not_picked":["Coffee Dripper","Snecko Eye"],"picked":"Calling Bell"}],"items_purged_floors":[4,23,36],"is_endless":false,"potions_floor_spawned":[10,16,18,20,24,30,31,37,45],"killed_by":"Sphere and 2 Shapes","ascension_level":0}}