{"host":"w36evy4uyf1bcavi","time":1609874249,"event":{"mods":["Act Like it!","Aspiration","BaseMod","Conspire","Hallownest","Jedi Mod","Minty Spire (QoL Compilation)","Replay The Spire","Spicy Shops","StSLib","The Dragon Tamer","The Hierophant","The Marked"],"gold_per_floor":[110,124,124,141,141,141,141,170,170,198,198,215,228,244,244,345,345,357,369,382,382,382],"floor_reached":21,"playtime":1503,"items_purged":[],"score":218,"play_id":"51b2c376-6bbd-4805-81d4-a9b39671efa4","local_time":"20210106031729","is_ascension_mode":false,"campfire_choices":[{"data":"theMarked:HeritageOfTheMarked","floor":6,"key":"SMITH"},{"floor":11,"key":"REST"},{"data":"theMarked:RogueSparks","floor":15,"key":"SMITH"}],"circlet_count":0,"master_deck":["theMarked:Strike","theMarked:Strike","theMarked:Strike","theMarked:Strike+1","theMarked:Strike","theMarked:Defend","theMarked:Defend","theMarked:Defend","theMarked:Defend","theMarked:SoldierOfQuellstein","theMarked:HeritageOfTheMarked+1","theMarked:WardOff","theMarked:ResourceFulStrike+1","theMarked:RogueSparks","theMarked:WardOff","theMarked:RogueSparks+1","theMarked:Seal","theMarked:SoldierForm+1","theMarked:SummonStrength+1","theMarked:RogueSparks","theMarked:Frustration+1"],"relics":["theMarked:ArtifactOfAir","NeowsBlessing","WarpedTongs","Golden Egg","Kunai","Fusion Hammer"],"acts_visited":["Exordium","TheCity"],"potions_floor_usage":[14,20],"damage_taken":[{"damage":2,"enemies":"conspire:RoseBush","floor":1,"turns":1},{"damage":0,"enemies":"Cultist","floor":2,"turns":1},{"damage":0,"enemies":"2 Louse","floor":4,"turns":1},{"damage":5,"enemies":"Lagavulin","floor":8,"turns":7},{"damage":0,"enemies":"Replay:BlueRogue","floor":10,"turns":5},{"damage":0,"enemies":"Large Slime","floor":12,"turns":5},{"damage":1,"enemies":"Exordium Wildlife","floor":13,"turns":3},{"damage":3,"enemies":"Lots of Slimes","floor":14,"turns":5},{"damage":40,"enemies":"Fading Forest","floor":16,"turns":11},{"damage":24,"enemies":"Chosen","floor":18,"turns":5},{"damage":29,"enemies":"3 Byrds","floor":19,"turns":5},{"damage":0,"enemies":"Centurion and Healer","floor":20,"turns":4},{"damage":22,"enemies":"Snake Plant","floor":21,"turns":3}],"seed_played":"-2952197179373128621","potions_obtained":[{"floor":1,"key":"Block Potion"},{"floor":13,"key":"Ancient Potion"},{"floor":14,"key":"DuplicationPotion"},{"floor":16,"key":"Milkshake"},{"floor":18,"key":"SkillPotion"},{"floor":20,"key":"Fruit Juice"}],"is_trial":false,"path_per_floor":["M","M","?","M","?","R","?","E","T","E","R","M","M","M","R","B",null,"M","M","M","M"],"character_chosen":"THE_DEFAULT","items_purchased":[],"campfire_rested":1,"item_purchase_floors":[],"current_hp_per_floor":[68,68,68,68,61,61,47,42,42,42,63,63,62,59,59,29,70,46,17,22,0,0],"gold":382,"neow_bonus":"THREE_ENEMY_KILL","is_daily":false,"chose_seed":false,"campfire_upgraded":2,"win_rate":0.0,"timestamp":1609874249,"path_taken":["M","M","?","?","?","R","?","E","T","E","R","?","M","M","R","BOSS","M","?","M","M"],"items_purchased_type":[],"build_version":"2020-12-22","purchased_purges":0,"victory":false,"max_hp_per_floor":[70,70,70,70,70,70,70,70,70,70,70,70,70,70,70,70,70,70,70,75,75,75],"card_choices":[{"not_picked":["theMarked:Reabsorb","theMarked:Improvise"],"picked":"theMarked:HeritageOfTheMarked","floor":1},{"not_picked":["theMarked:ChainLightning","theMarked:RepellingDischarge"],"picked":"theMarked:WardOff","floor":2},{"not_picked":["theMarked:CreepingChasm","theMarked:EmpowerWeapon"],"picked":"theMarked:ResourceFulStrike","floor":4},{"not_picked":["theMarked:Electrocute","theMarked:WastefulAttack"],"picked":"theMarked:RogueSparks","floor":8},{"not_picked":["theMarked:ChainLightning","theMarked:Frustration"],"picked":"theMarked:WardOff","floor":10},{"not_picked":["theMarked:PowerFlow","theMarked:DeterminationOfTheMarked"],"picked":"theMarked:RogueSparks","floor":12},{"not_picked":["theMarked:ResourceFulStrike","theMarked:Indomitable"],"picked":"theMarked:Seal","floor":13},{"not_picked":["theMarked:TakeCover","theMarked:ResourceFulStrike"],"picked":"theMarked:SoldierForm","floor":14},{"not_picked":["theMarked:ThrowWeapon","theMarked:Vacuum"],"picked":"theMarked:SummonStrength","floor":16},{"not_picked":["theMarked:Aftermath","theMarked:ContemptForTheProud+1"],"picked":"theMarked:RogueSparks","floor":18},{"not_picked":["theMarked:ResourceFulStrike","theMarked:Convert"],"picked":"theMarked:Frustration+1","floor":19},{"not_picked":["theMarked:Parkour","theMarked:TwofoldDefense","theMarked:Static"],"picked":"SKIP","floor":20}],"player_experience":363815,"relics_obtained":[{"floor":9,"key":"Golden Egg"},{"floor":10,"key":"Kunai"}],"event_choices":[{"damage_healed":0,"gold_gain":0,"player_choice":"Rummage","damage_taken":0,"relics_obtained":["WarpedTongs"],"max_hp_gain":0,"max_hp_loss":0,"event_name":"Accursed Blacksmith","floor":3,"gold_loss":0,"cards_obtained":["Pain"]},{"cards_removed":["Pain"],"damage_healed":0,"gold_gain":0,"player_choice":"Card Removal","damage_taken":7,"max_hp_gain":0,"max_hp_loss":0,"event_name":"Golden Wing","floor":5,"gold_loss":0},{"damage_healed":0,"gold_gain":0,"player_choice":"Entered Light","damage_taken":14,"max_hp_gain":0,"max_hp_loss":0,"event_name":"Shining Light","floor":7,"gold_loss":0,"cards_upgraded":["theMarked:ResourceFulStrike","theMarked:Strike"]}],"is_beta":false,"boss_relics":[{"not_picked":["Abe\u0027s Treasure","theMarked:BronzeBlade"],"picked":"Fusion Hammer"}],"items_purged_floors":[],"is_endless":false,"potions_floor_spawned":[1,13,14,16,18,20],"killed_by":"Snake Plant","ascension_level":0}}