{"host":"ta9mufxydm4vkknf","time":1609861768,"event":{"mods":["AchievementEnabler","BaseMod","Minty Spire (QoL Compilation)","Quick Restart"],"gold_per_floor":[119,119,133,143,68,100,100,100,152,179,199,199,231,241,241,241,241],"floor_reached":16,"playtime":592,"items_purged":["Strike_G"],"score":132,"play_id":"bb77e952-0945-465d-938c-90487e035ee8","local_time":"20210105164928","is_ascension_mode":true,"campfire_choices":[{"data":"Skewer","floor":8,"key":"SMITH"},{"floor":12,"key":"REST"},{"data":"Quick Slash","floor":15,"key":"SMITH"}],"circlet_count":0,"master_deck":["Strike_G","Strike_G","Strike_G","Defend_G","Defend_G+1","Defend_G","Defend_G+1","Defend_G","Survivor","Neutralize","Acrobatics","Cloak And Dagger+1","Skewer+1","Slice","Doubt","Quick Slash+1","Cloak And Dagger","Blade Dance","All Out Attack"],"relics":["Cursed Key","MealTicket","War Paint","Ornamental Fan","Letter Opener"],"acts_visited":["Exordium"],"potions_floor_usage":[16,16],"damage_taken":[{"damage":1,"enemies":"Cultist","floor":1,"turns":4},{"damage":0,"enemies":"2 Louse","floor":3,"turns":3},{"damage":1,"enemies":"Small Slimes","floor":4,"turns":4},{"damage":34,"enemies":"Gremlin Nob","floor":6,"turns":5},{"damage":20,"enemies":"3 Sentries","floor":10,"turns":9},{"damage":0,"enemies":"2 Fungi Beasts","floor":11,"turns":3},{"damage":13,"enemies":"Gremlin Nob","floor":13,"turns":4},{"damage":0,"enemies":"Large Slime","floor":14,"turns":3},{"damage":33,"enemies":"Slime Boss","floor":16,"turns":8}],"seed_played":"-6253433013262339194","potions_obtained":[{"floor":1,"key":"Poison Potion"},{"floor":3,"key":"CunningPotion"},{"floor":6,"key":"BlessingOfTheForge"},{"floor":14,"key":"Weak Potion"}],"is_trial":false,"path_per_floor":["M","?","M","M","$","E","?","R","T","E","M","R","E","M","R","B"],"character_chosen":"THE_SILENT","items_purchased":[],"campfire_rested":1,"item_purchase_floors":[],"current_hp_per_floor":[69,69,69,68,68,34,34,34,34,14,14,35,22,22,22,0,0],"gold":241,"neow_bonus":"BOSS_RELIC","is_daily":false,"chose_seed":false,"campfire_upgraded":2,"win_rate":0.0,"timestamp":1609861768,"path_taken":["M","?","M","M","?","E","?","R","T","E","M","R","E","M","R","BOSS"],"items_purchased_type":[],"build_version":"2020-12-22","purchased_purges":1,"victory":false,"max_hp_per_floor":[70,70,70,70,70,70,70,70,70,70,70,70,70,70,70,70,70],"card_choices":[{"not_picked":["Flechettes","Bane"],"picked":"Acrobatics","floor":1},{"not_picked":["Bane","Bouncing Flask"],"picked":"Cloak And Dagger","floor":3},{"not_picked":["Backstab","Flechettes"],"picked":"Skewer","floor":4},{"not_picked":["Bane","Corpse Explosion"],"picked":"Slice","floor":6},{"not_picked":["Poisoned Stab","Deflect"],"picked":"Quick Slash","floor":10},{"not_picked":["Acrobatics","Finisher"],"picked":"Cloak And Dagger","floor":11},{"not_picked":["Acrobatics","Well Laid Plans"],"picked":"Blade Dance","floor":13},{"not_picked":["Slice","Poisoned Stab"],"picked":"All Out Attack","floor":14}],"player_experience":228626,"relics_obtained":[{"floor":6,"key":"MealTicket"},{"floor":9,"key":"War Paint"},{"floor":10,"key":"Ornamental Fan"},{"floor":13,"key":"Letter Opener"}],"event_choices":[{"cards_removed":["Strike_G"],"damage_healed":0,"gold_gain":0,"player_choice":"Purged","damage_taken":0,"max_hp_gain":0,"max_hp_loss":0,"event_name":"Purifier","floor":2,"gold_loss":0},{"damage_healed":0,"gold_gain":0,"player_choice":"Forge","damage_taken":0,"max_hp_gain":0,"max_hp_loss":0,"event_name":"Accursed Blacksmith","floor":7,"gold_loss":0,"cards_upgraded":["Cloak And Dagger"]}],"is_beta":false,"boss_relics":[],"items_purged_floors":[5],"is_endless":false,"potions_floor_spawned":[1,3,6,13,14],"killed_by":"Slime Boss","ascension_level":2}}