{"host":"u7lm8z2rvb4dg2oo","time":1609817752,"event":{"mods":["AchievementEnabler","BaseMod","Colored Map","Colored Powertips","Curses Come First","Googly Eyes","Highlight Path","Minty Spire (QoL Compilation)","Quick Restart","StSLib"],"gold_per_floor":[13,13,13,26,40,40,75,75,100,120,120,134,174,192,192,320,320,344,31,31,31,44,44,44],"floor_reached":23,"playtime":1191,"items_purged":[],"score":271,"play_id":"ec4ee0a5-9230-4746-9256-bc9d85ea7260","local_time":"20210104223552","is_ascension_mode":true,"campfire_choices":[{"floor":6.0,"key":"REST"},{"data":"Establishment","floor":8.0,"key":"SMITH"},{"floor":15,"key":"REST"}],"circlet_count":0,"master_deck":["Strike_P","Strike_P","Strike_P","Defend_P","Defend_P","Defend_P","Defend_P","Eruption+1","Vigilance","Establishment+1","Wireheading","Protect","Prostrate","TalkToTheHand","FearNoEvil","Conclude","Prostrate","Wish","Crescendo"],"relics":["PureWater","Bloody Idol","Nunchaku","Toy Ornithopter","Strawberry","Philosopher\u0027s Stone","Girya","Happy Flower"],"acts_visited":["Exordium","TheCity"],"potions_floor_usage":[16,18],"damage_taken":[{"damage":9.0,"enemies":"2 Louse","floor":1.0,"turns":3.0},{"damage":2.0,"enemies":"Small Slimes","floor":4.0,"turns":4.0},{"damage":0.0,"enemies":"Cultist","floor":5.0,"turns":3.0},{"damage":7.0,"enemies":"Lagavulin","floor":7.0,"turns":6.0},{"damage":3.0,"enemies":"3 Louse","floor":10.0,"turns":3.0},{"damage":6,"enemies":"Red Slaver","floor":12,"turns":5},{"damage":7,"enemies":"Gremlin Nob","floor":13,"turns":4},{"damage":22,"enemies":"Large Slime","floor":14,"turns":4},{"damage":23,"enemies":"Slime Boss","floor":16,"turns":8},{"damage":31,"enemies":"2 Thieves","floor":18,"turns":5},{"damage":7,"enemies":"Shell Parasite","floor":22,"turns":9},{"damage":43,"enemies":"Slavers","floor":23,"turns":2}],"seed_played":"-7541205019229807673","potions_obtained":[{"floor":5.0,"key":"BottledMiracle"},{"floor":7.0,"key":"Explosive Potion"},{"floor":13,"key":"PowerPotion"},{"floor":16,"key":"DistilledChaos"},{"floor":22,"key":"Fire Potion"}],"is_trial":false,"path_per_floor":["M","?","?","M","M","R","E","R","T","M","?","M","E","M","R","B",null,"M","$","?","?","M","E"],"character_chosen":"WATCHER","items_purchased":["Girya"],"campfire_rested":2,"item_purchase_floors":[19],"current_hp_per_floor":[56,38,38,36,36,57,50,50,50,52,52,46,46,24,47,29,67,41,41,41,41,39,0,0],"gold":44,"neow_bonus":"THREE_RARE_CARDS","is_daily":false,"chose_seed":false,"campfire_upgraded":1,"win_rate":0.0,"timestamp":1609817752,"path_taken":["M","?","?","M","?","R","E","R","T","M","?","M","E","M","R","BOSS","M","$","?","?","M","E"],"items_purchased_type":["Relic"],"build_version":"2020-12-22","purchased_purges":0,"victory":false,"max_hp_per_floor":[72,72,72,72,72,72,72,72,72,72,72,72,79,79,79,79,79,79,79,79,79,79,79,79],"card_choices":[{"not_picked":["Alpha","DevaForm"],"picked":"Establishment","floor":0.0},{"not_picked":["Evaluate","Nirvana"],"picked":"Wireheading","floor":1.0},{"not_picked":["Indignation","JustLucky"],"picked":"Protect","floor":4.0},{"not_picked":["PathToVictory","EmptyBody"],"picked":"Prostrate","floor":5.0},{"not_picked":["Adaptation","Wireheading"],"picked":"TalkToTheHand","floor":7.0},{"not_picked":["Adaptation","ThirdEye"],"picked":"FearNoEvil","floor":10.0},{"not_picked":["WaveOfTheHand","Wireheading"],"picked":"Conclude","floor":12},{"not_picked":["ClearTheMind","Swivel","Evaluate"],"picked":"SKIP","floor":13},{"not_picked":["SashWhip","CrushJoints"],"picked":"Prostrate","floor":14},{"not_picked":["Establishment","DevaForm"],"picked":"Wish","floor":16},{"not_picked":["Adaptation","Prostrate"],"picked":"Crescendo","floor":18},{"not_picked":["DeceiveReality","Evaluate","Study"],"picked":"SKIP","floor":22}],"player_experience":1070161,"relics_obtained":[{"floor":7.0,"key":"Nunchaku"},{"floor":9.0,"key":"Toy Ornithopter"},{"floor":13,"key":"Strawberry"}],"event_choices":[{"damage_healed":0.0,"max_hp_gain":0.0,"max_hp_loss":0.0,"gold_gain":0.0,"event_name":"Golden Idol","player_choice":"Take Damage","floor":2.0,"gold_loss":0.0,"damage_taken":18.0,"relics_obtained":["Golden Idol"]},{"cards_removed":["Strike_P"],"damage_healed":0.0,"max_hp_gain":0.0,"max_hp_loss":0.0,"gold_gain":0.0,"event_name":"Purifier","player_choice":"Purged","floor":3.0,"gold_loss":0.0,"damage_taken":0.0},{"damage_healed":0.0,"max_hp_gain":0.0,"max_hp_loss":0.0,"gold_gain":0.0,"event_name":"Upgrade Shrine","player_choice":"Upgraded","floor":11.0,"gold_loss":0.0,"damage_taken":0.0,"cards_upgraded":["Eruption"]},{"damage_healed":0,"gold_gain":0,"player_choice":"Opened","damage_taken":0,"relics_obtained":["Happy Flower"],"max_hp_gain":0,"max_hp_loss":0,"event_name":"The Mausoleum","floor":20,"gold_loss":0},{"damage_healed":0,"gold_gain":0,"player_choice":"Gave Idol","damage_taken":0,"relics_obtained":["Bloody Idol"],"max_hp_gain":0,"max_hp_loss":0,"event_name":"Forgotten Altar","floor":21,"relics_lost":["Golden Idol"],"gold_loss":0}],"is_beta":false,"boss_relics":[{"not_picked":["Coffee Dripper","Runic Dome"],"picked":"Philosopher\u0027s Stone"}],"items_purged_floors":[],"is_endless":false,"potions_floor_spawned":[5,7,13,16,22],"killed_by":"Slavers","ascension_level":7}}