{"host":"jq8d8epkoknfq6em","time":1609805765,"event":{"mods":["AchievementEnabler","BaseMod","Colored Map","Colored Powertips","Highlight Path","Minty Spire (QoL Compilation)","Quick Restart","StSLib"],"gold_per_floor":[17,17,17,36,55,98,98,137,137,137,137],"floor_reached":10,"playtime":418,"items_purged":[],"score":118,"play_id":"3d2ab168-c9fc-4c37-9256-61f7178580d4","local_time":"20210105011605","is_ascension_mode":true,"campfire_choices":[{"data":"Bludgeon","floor":7,"key":"SMITH"}],"circlet_count":0,"master_deck":["AscendersBane","Strike_R","Strike_R","Strike_R","Strike_R","Defend_R","Defend_R","Defend_R","Defend_R","Bash","Bludgeon+1","Combust","Metallicize","Battle Trance","Rupture"],"relics":["Burning Blood","Golden Idol","Singing Bowl","Tiny Chest"],"acts_visited":["Exordium"],"potions_floor_usage":[8],"damage_taken":[{"damage":7,"enemies":"Jaw Worm","floor":1,"turns":3},{"damage":0,"enemies":"2 Louse","floor":4,"turns":3},{"damage":3,"enemies":"Cultist","floor":5,"turns":3},{"damage":31,"enemies":"Gremlin Nob","floor":6,"turns":4},{"damage":18,"enemies":"Lagavulin","floor":8,"turns":7},{"damage":27,"enemies":"3 Sentries","floor":10,"turns":4}],"seed_played":"-1188086828875680199","potions_obtained":[{"floor":1,"key":"LiquidBronze"},{"floor":4,"key":"Strength Potion"},{"floor":5,"key":"PowerPotion"}],"is_trial":false,"path_per_floor":["M","?","?","M","M","E","R","E","T","E"],"character_chosen":"IRONCLAD","items_purchased":[],"campfire_rested":0,"item_purchase_floors":[],"current_hp_per_floor":[71,51,51,57,60,35,35,25,25,0,0],"gold":137,"neow_bonus":"THREE_RARE_CARDS","is_daily":false,"chose_seed":false,"campfire_upgraded":1,"win_rate":0.0,"timestamp":1609805765,"path_taken":["M","?","?","M","M","E","R","E","T","E"],"items_purchased_type":[],"build_version":"2020-12-22","purchased_purges":0,"victory":false,"max_hp_per_floor":[80,80,80,80,80,80,80,82,82,82,82],"card_choices":[{"not_picked":["Exhume","Fiend Fire"],"picked":"Bludgeon","floor":0},{"not_picked":["Sever Soul","Thunderclap"],"picked":"Combust","floor":1},{"not_picked":["Body Slam","Dual Wield"],"picked":"Metallicize","floor":4},{"not_picked":["Clothesline","Sword Boomerang"],"picked":"Battle Trance","floor":5},{"not_picked":["Wild Strike","Twin Strike"],"picked":"Rupture","floor":6},{"not_picked":["Exhume","Heavy Blade","Sentinel"],"picked":"Singing Bowl","floor":8}],"player_experience":938338,"relics_obtained":[{"floor":8,"key":"Singing Bowl"},{"floor":9,"key":"Tiny Chest"}],"event_choices":[{"damage_healed":0,"gold_gain":0,"player_choice":"Take Damage","damage_taken":20,"relics_obtained":["Golden Idol"],"max_hp_gain":0,"max_hp_loss":0,"event_name":"Golden Idol","floor":2,"gold_loss":0},{"cards_removed":["Strike_R"],"damage_healed":0,"gold_gain":0,"player_choice":"Purged","damage_taken":0,"max_hp_gain":0,"max_hp_loss":0,"event_name":"Purifier","floor":3,"gold_loss":0}],"is_beta":false,"boss_relics":[],"items_purged_floors":[],"is_endless":false,"potions_floor_spawned":[1,4,5],"killed_by":"3 Sentries","ascension_level":11}}