{"host":"50qwps766cbz6ukm","time":1609840443,"event":{"mods":["BaseMod","Colored Map","Colored Powertips","DeckTracker","Highlight Path","Infinite Spire","Minty Spire (QoL Compilation)","Quick Restart","Remove Card Discount Mod","StSLib","SuperFastMode","Synergy Search"],"gold_per_floor":[112,112,387,267,286,313,313,338,363,363,381,381,381,408,408,512,512,528,528,528,544,558,558,576,291,291,390,390,390,410,423,423,528,578,593,643,643,643,657,657,674,674,727,723,740,740,740],"floor_reached":46,"playtime":1158,"items_purged":["Regret","Strike_P","Strike_P","Strike_P","Defend_P","Strike_P","Eruption+1","Defend_P","Defend_P","Defend_P","BattleHymn","Evaluate+1","PathToVictory+1"],"score":720,"play_id":"b54e90ce-c1bb-4613-b8f7-3f81d554c345","local_time":"20210105115403","is_ascension_mode":true,"campfire_choices":[{"data":"Vigilance","floor":7,"key":"SMITH"},{"data":"PathToVictory","floor":12,"key":"SMITH"},{"data":"LikeWater","floor":15,"key":"SMITH"},{"floor":23,"key":"REST"},{"floor":29,"key":"REST"},{"floor":32,"key":"REST"},{"floor":40,"key":"REST"},{"floor":42,"key":"REST"}],"circlet_count":0,"master_deck":["Vigilance+1","EmptyBody","PathToVictory+1","PathToVictory+1","Alpha+1","LikeWater+1","MasterReality+1","infinitespire:NeuralNetwork","Alpha","Parasite","MentalFortress+1"],"relics":["PureWater","NeowsBlessing","Smiling Mask","infinitespire:Lychee Nut","Strawberry","Mummified Hand","Runic Dome","Membership Card","Sundial","Dead Branch","Tiny House","StoneCalendar","Toy Ornithopter"],"acts_visited":["Exordium","TheCity","TheBeyond"],"potions_floor_usage":[21,46],"damage_taken":[{"damage":0,"enemies":"Jaw Worm","floor":1,"turns":1},{"damage":0,"enemies":"2 Louse","floor":5,"turns":1},{"damage":0,"enemies":"3 Sentries","floor":6,"turns":2},{"damage":8,"enemies":"Lagavulin","floor":8,"turns":3},{"damage":0,"enemies":"Cultist","floor":11,"turns":2},{"damage":11,"enemies":"3 Sentries","floor":14,"turns":3},{"damage":9,"enemies":"The Guardian","floor":16,"turns":4},{"damage":25,"enemies":"2 Thieves","floor":18,"turns":3},{"damage":14,"enemies":"Shell Parasite","floor":21,"turns":3},{"damage":0,"enemies":"Snecko","floor":22,"turns":3},{"damage":11,"enemies":"Cultist and Chosen","floor":24,"turns":3},{"damage":24,"enemies":"Snake Plant","floor":30,"turns":3},{"damage":0,"enemies":"Snecko","floor":31,"turns":3},{"damage":0,"enemies":"Automaton","floor":33,"turns":7},{"damage":28,"enemies":"Orb Walker","floor":35,"turns":3},{"damage":0,"enemies":"Mind Bloom Boss Battle","floor":36,"turns":3},{"damage":23,"enemies":"3 Darklings","floor":39,"turns":3},{"damage":31,"enemies":"Maw","floor":41,"turns":5},{"damage":35,"enemies":"Writhing Mass","floor":45,"turns":4},{"damage":36,"enemies":"Nemesis","floor":46,"turns":4}],"seed_played":"-409198935200728028","potions_obtained":[{"floor":6,"key":"SpeedPotion"},{"floor":14,"key":"PowerPotion"},{"floor":16,"key":"FearPotion"},{"floor":18,"key":"Fire Potion"},{"floor":24,"key":"LiquidMemories"},{"floor":34,"key":"EntropicBrew"},{"floor":41,"key":"DistilledChaos"}],"is_trial":false,"path_per_floor":["M","?","?","$","M","E","R","E","T","?","M","R","?","E","R","B",null,"M","?","?","M","M","R","M","$","T","?","?","R","M","M","R","B",null,"M","?","?","?","M","R","M","R","T","$","M","E"],"character_chosen":"WATCHER","items_purchased":["PathToVictory","FlurryOfBlows","Membership Card","Sundial"],"campfire_rested":5,"item_purchase_floors":[4,4,25,25],"current_hp_per_floor":[72,72,72,72,72,72,72,54,61,61,61,61,49,44,44,41,56,37,27,21,12,18,37,32,32,32,32,15,34,15,20,39,45,66,44,50,50,50,33,53,28,48,48,48,19,0,0],"gold":740,"neow_bonus":"THREE_ENEMY_KILL","is_daily":false,"chose_seed":false,"campfire_upgraded":3,"win_rate":0.0,"timestamp":1609840443,"path_taken":["M","?","?","$","?","E","R","E","T","?","?","R","?","E","R","BOSS","M","?","?","?","?","R","M","$","T","?","?","R","M","M","R","BOSS","M","?","?","?","M","R","M","R","T","$","M","E"],"items_purchased_type":["Card","Card","Relic","Relic"],"build_version":"2020-12-22","purchased_purges":13,"victory":false,"max_hp_per_floor":[72,72,72,72,72,72,72,54,61,61,61,61,61,61,61,61,61,61,66,66,66,66,66,66,66,66,66,66,66,66,66,66,66,71,71,71,67,67,67,67,67,67,67,67,67,67,67],"card_choices":[{"not_picked":["CutThroughFate","WaveOfTheHand"],"picked":"EmptyBody","floor":1},{"not_picked":["Collect","Sanctity","FollowUp"],"picked":"SKIP","floor":5},{"not_picked":["Worship","BowlingBash"],"picked":"PathToVictory","floor":6},{"not_picked":["Evaluate","EmptyFist"],"picked":"Alpha","floor":8},{"not_picked":["Collect","Crescendo","FearNoEvil"],"picked":"SKIP","floor":11},{"not_picked":["Swivel","Pray"],"picked":"LikeWater","floor":14},{"not_picked":["Alpha","LessonLearned"],"picked":"MasterReality","floor":16},{"not_picked":["CrushJoints","LikeWater"],"picked":"BattleHymn","floor":18},{"not_picked":["FlyingSleeves","Pray","Crescendo"],"picked":"SKIP","floor":21},{"not_picked":["BowlingBash+1","Wish","Consecrate+1"],"picked":"SKIP","floor":22},{"not_picked":["Wireheading+1","BowlingBash+1","SashWhip"],"picked":"SKIP","floor":24},{"not_picked":["Wireheading+1","BowlingBash+1","SashWhip"],"picked":"SKIP","floor":24},{"not_picked":["infinitespire:Execution","infinitespire:Punishment"],"picked":"infinitespire:NeuralNetwork","floor":28},{"not_picked":["Worship","InnerPeace","Consecrate"],"picked":"SKIP","floor":30},{"not_picked":["ForeignInfluence","JustLucky","FlyingSleeves"],"picked":"SKIP","floor":31},{"not_picked":["LessonLearned","Omniscience"],"picked":"Alpha","floor":33},{"not_picked":["FlyingSleeves","Sanctity"],"picked":"Evaluate+1","floor":34},{"not_picked":["ThirdEye","Protect+1","EmptyBody"],"picked":"SKIP","floor":35},{"not_picked":["ThirdEye","Protect+1","EmptyBody"],"picked":"SKIP","floor":35},{"not_picked":["WreathOfFlame+1","FearNoEvil"],"picked":"PathToVictory+1","floor":39},{"not_picked":["DeceiveReality","ThirdEye+1","Vengeance"],"picked":"SKIP","floor":41},{"not_picked":["Adaptation+1","CutThroughFate"],"picked":"MentalFortress+1","floor":45}],"player_experience":557671,"relics_obtained":[{"floor":6,"key":"Smiling Mask"},{"floor":8,"key":"infinitespire:Lychee Nut"},{"floor":9,"key":"Strawberry"},{"floor":14,"key":"Mummified Hand"},{"floor":26,"key":"Dead Branch"},{"floor":36,"key":"StoneCalendar"},{"floor":43,"key":"Toy Ornithopter"}],"event_choices":[{"damage_healed":0,"gold_gain":0,"player_choice":"Grow","damage_taken":0,"max_hp_gain":0,"max_hp_loss":0,"event_name":"Living Wall","floor":2,"gold_loss":0,"cards_upgraded":["Eruption"]},{"damage_healed":0,"gold_gain":275,"player_choice":"Desecrate","damage_taken":0,"max_hp_gain":0,"max_hp_loss":0,"event_name":"Golden Shrine","floor":3,"gold_loss":0,"cards_obtained":["Regret"]},{"damage_healed":0,"gold_gain":0,"player_choice":"Upgraded","damage_taken":0,"max_hp_gain":0,"max_hp_loss":0,"event_name":"Upgrade Shrine","floor":10,"gold_loss":0,"cards_upgraded":["PathToVictory"]},{"damage_healed":0,"gold_gain":0,"player_choice":"Entered Light","damage_taken":12,"max_hp_gain":0,"max_hp_loss":0,"event_name":"Shining Light","floor":13,"gold_loss":0,"cards_upgraded":["Alpha","FlurryOfBlows"]},{"damage_healed":0,"gold_gain":0,"player_choice":"Shed Blood","damage_taken":15,"max_hp_gain":5,"max_hp_loss":0,"event_name":"Forgotten Altar","floor":19,"gold_loss":0},{"damage_healed":0,"gold_gain":0,"player_choice":"","damage_taken":6,"max_hp_gain":0,"max_hp_loss":0,"event_name":"Knowing Skull","floor":20,"potions_obtained":[],"gold_loss":0,"cards_obtained":[]},{"damage_healed":0,"gold_gain":99,"player_choice":"Stole From Cult","damage_taken":0,"max_hp_gain":0,"max_hp_loss":0,"event_name":"Nest","floor":27,"gold_loss":0},{"damage_healed":0,"gold_gain":0,"player_choice":"Fight","damage_taken":0,"max_hp_gain":0,"max_hp_loss":0,"event_name":"MindBloom","floor":36,"gold_loss":0},{"damage_healed":0,"gold_gain":0,"player_choice":"Max HP","damage_taken":0,"max_hp_gain":0,"max_hp_loss":4,"event_name":"Winding Halls","floor":37,"gold_loss":0},{"cards_removed":["FlurryOfBlows"],"damage_healed":0,"gold_gain":0,"player_choice":"Removed Attack","damage_taken":0,"max_hp_gain":0,"max_hp_loss":0,"event_name":"Falling","floor":38,"gold_loss":0}],"is_beta":false,"boss_relics":[{"not_picked":["Philosopher\u0027s Stone","Snecko Eye"],"picked":"Runic Dome"},{"not_picked":["Coffee Dripper","Empty Cage"],"picked":"Tiny House"}],"items_purged_floors":[4,4,4,4,4,4,4,4,4,4,25,44,44],"is_endless":false,"potions_floor_spawned":[6,14,16,18,24,30,33,41],"killed_by":"Nemesis","ascension_level":5}}