{"host":"1vlnbhbo7cfp1mi8","time":1609860374,"event":{"mods":["BaseMod","Bestiary","Better Third Choice","BetterRewards","Googly Eyes","Minty Spire (QoL Compilation)","Replay The Spire","StSLib","The Jungle","The Marked","The Mystic","The Runesmith"],"gold_per_floor":[110,120,14,27,46,46,46,46,72,72,92,125,125,160,160,261,261,275,215,225,324,340,340,366,366,366,366,366],"floor_reached":27,"playtime":5457,"items_purged":["Runesmith:Strike_RS"],"score":241,"play_id":"783e060f-f688-4b51-b1fd-0f0742983c52","local_time":"20210105172614","is_ascension_mode":false,"campfire_choices":[{"floor":6,"key":"REST"},{"data":"Runesmith:Permafrost","floor":8,"key":"SMITH"},{"data":"Runesmith:HammerAndChisel","floor":13,"key":"SMITH"},{"floor":15,"key":"REST"},{"floor":23,"key":"REST"},{"floor":25,"key":"REST"}],"circlet_count":0,"master_deck":["Runesmith:Strike_RS","Runesmith:Strike_RS","Runesmith:Strike_RS","Runesmith:Defend_RS","Runesmith:Defend_RS","Runesmith:Defend_RS","Runesmith:Defend_RS","Runesmith:CraftFirestone","Runesmith:Fortify+1","Runesmith:Permafrost+1","Runesmith:HeatedChisel","Runesmith:HeatedChisel","Runesmith:CraftVitae","Runesmith:Empowerment","Runesmith:HammerAndChisel+1","Runesmith:FieryHammer","Runesmith:Firewall","Runesmith:Firewall","Runesmith:StaticCage","Runesmith:CraftProtectio","Runesmith:FissionHammer","Runesmith:Augment","Runesmith:CraftReservo","Runesmith:ShiftingStrike","Runesmith:GenerateForcefield","Runesmith:PerfectChisel","Runesmith:CraftMagma","Runesmith:DuctTape","Runesmith:ChaoticBlast"],"relics":["Runesmith:BrokenRuby","Kunai","Centennial Puzzle","ReplayFunnel","Replay:Baseball","Black Star","Chameleon Ring","Bottled Lightning","Frozen Egg 2"],"acts_visited":["Exordium","TheCity"],"potions_floor_usage":[18,24,27],"damage_taken":[{"damage":0,"enemies":"Cultist","floor":1,"turns":4},{"damage":5,"enemies":"2 Louse","floor":2,"turns":3},{"damage":0,"enemies":"Jaw Worm","floor":4,"turns":4},{"damage":4,"enemies":"Exordium Thugs","floor":5,"turns":5},{"damage":1,"enemies":"2 Fungi Beasts","floor":11,"turns":4},{"damage":7,"enemies":"Gremlin Nob","floor":12,"turns":5},{"damage":13,"enemies":"3 Sentries","floor":14,"turns":8},{"damage":14,"enemies":"Fading Forest","floor":16,"turns":11},{"damage":12,"enemies":"Shell Parasite","floor":18,"turns":7},{"damage":8,"enemies":"Chosen","floor":20,"turns":7},{"damage":15,"enemies":"Snecko","floor":22,"turns":5},{"damage":29,"enemies":"Gremlin Leader","floor":24,"turns":11},{"damage":51,"enemies":"Book of Stabbing","floor":27,"turns":8}],"seed_played":"-6116206353053867030","potions_obtained":[{"floor":4,"key":"Venom Potion"},{"floor":11,"key":"Fire Potion"},{"floor":12,"key":"LiquidMemories"},{"floor":22,"key":"Weak Potion"}],"is_trial":false,"path_per_floor":["M","M","$","M","M","R","?","R","T","?","M","E","R","E","R","B",null,"M","?","M","?","M","R","E","R","T","E"],"character_chosen":"RUNESMITH_CLASS","items_purchased":["Runesmith:Permafrost","Runesmith:HeatedChisel","Runesmith:CraftVitae","Runesmith:Empowerment","Kunai","Runesmith:Firewall","Runesmith:StaticCage"],"campfire_rested":4,"item_purchase_floors":[0,0,0,0,0,3,3],"current_hp_per_floor":[49,44,44,44,40,61,61,61,61,70,69,62,62,49,70,62,70,58,58,50,50,35,56,27,48,48,0,0],"gold":366,"neow_bonus":"","is_daily":false,"chose_seed":false,"campfire_upgraded":2,"win_rate":0.0,"timestamp":1609860374,"path_taken":["M","?","$","M","M","R","?","R","T","?","?","E","R","E","R","BOSS","M","?","M","?","M","R","E","R","T","E"],"items_purchased_type":["Card","Card","Card","Card","Relic","Card","Card"],"build_version":"2020-12-22","purchased_purges":1,"victory":false,"max_hp_per_floor":[70,70,70,70,70,70,70,70,70,70,70,70,70,70,70,70,70,70,70,70,70,70,70,70,70,70,70,70],"card_choices":[{"not_picked":["Runesmith:BackupBattery","Runesmith:HeatExchange"],"picked":"Runesmith:HammerAndChisel","floor":1},{"not_picked":["Runesmith:Empowerment","Runesmith:CraftSpiculum"],"picked":"Runesmith:FieryHammer","floor":2},{"not_picked":["Runesmith:RuneHurl","Runesmith:ShiftingStrike"],"picked":"Runesmith:CraftProtectio","floor":4},{"not_picked":["Runesmith:RuneHurl","Runesmith:HeatExchange"],"picked":"Runesmith:FissionHammer","floor":5},{"not_picked":["Runesmith:MakeshiftArmor","Runesmith:UnstableHammer"],"picked":"Runesmith:Augment","floor":11},{"not_picked":["Runesmith:ShiftingStrike","Runesmith:UnstableHammer"],"picked":"Runesmith:CraftReservo","floor":12},{"not_picked":["Runesmith:UnstableHammer","Runesmith:CraftIncendium"],"picked":"Runesmith:ShiftingStrike","floor":14},{"not_picked":["Runesmith:GrandSlam","Runesmith:LightningRod"],"picked":"Runesmith:GenerateForcefield","floor":16},{"not_picked":["Runesmith:HeatExchange","Runesmith:Overpower"],"picked":"Runesmith:PerfectChisel","floor":18},{"not_picked":["Runesmith:BackupBattery","Runesmith:RuneHurl+1"],"picked":"Runesmith:CraftMagma","floor":20},{"not_picked":["Runesmith:Reinforce","Runesmith:MakeshiftArmor"],"picked":"Runesmith:DuctTape","floor":22},{"not_picked":["Runesmith:Permafrost","Runesmith:NanitesCloud"],"picked":"Runesmith:ChaoticBlast","floor":24}],"player_experience":120225,"relics_obtained":[{"floor":9,"key":"Centennial Puzzle"},{"floor":12,"key":"ReplayFunnel"},{"floor":14,"key":"Replay:Baseball"},{"floor":24,"key":"Chameleon Ring"},{"floor":24,"key":"Bottled Lightning"},{"floor":26,"key":"Frozen Egg 2"}],"event_choices":[{"cards_removed":["Dark Shackles"],"damage_healed":9,"gold_gain":0,"player_choice":"Offered Uncommon","damage_taken":0,"max_hp_gain":0,"max_hp_loss":0,"event_name":"Bonfire Elementals","floor":10,"gold_loss":0},{"damage_healed":0,"gold_gain":99,"player_choice":"Steal","damage_taken":0,"max_hp_gain":0,"max_hp_loss":0,"event_name":"betterThird:BetterNest","floor":21,"gold_loss":0}],"is_beta":false,"boss_relics":[{"not_picked":["Tiny House","Replay:Fungal Core"],"picked":"Black Star"}],"items_purged_floors":[0],"is_endless":false,"potions_floor_spawned":[4,11,12,22],"killed_by":"Book of Stabbing","ascension_level":0}}