{"host":"6jrnojxwearbrjzo","time":1609880262,"event":{"mods":["BaseMod","Minty Spire (QoL Compilation)","Shop Mod","Spicy Shops","StSLib","The Cursed","The Servant 0.9.4","[功能]功能增强和修复MOD","vexMod"],"gold_per_floor":[118,88,163,163,181,211,311,296,350,375,375,406,406,438,438,533,533,548,548,535,535,530,559,554,554,627,660,676,701,756,783,783,881,881,891,891,881,881,901,925,905,919,919,994,969,984,984,984,984,984],"floor_reached":51,"playtime":1825,"items_purged":["Strike_B","Strike_B","Defend_B","Writhe","Zap","Defend_B","Regret","Defend_B","Defend_B","Doubt","Gash","Sweeping Beam","Heatsinks","Regret","Leap","Sweeping Beam","Pain","Strike_B+1","Strike_B+1","Ball Lightning+1"],"score":901,"play_id":"fe25e1ce-e542-4e71-ae1b-b94dd62883a4","local_time":"20210106045742","is_ascension_mode":false,"campfire_choices":[{"data":"White Noise","floor":15,"key":"SMITH"},{"data":"Storm","floor":32,"key":"SMITH"}],"circlet_count":0,"master_deck":["Dualcast+1","Electrodynamics+1","FTL+1","Finesse+1","Conserve Battery+1","Enlightenment+1","White Noise+1","Storm+1","CutThroughFate+1","Seek+1","Defragment+1","Heatsinks+1","Storm+1","Rearm+1","Barricade+1","FanOfKnives+1","Coolheaded+1"],"relics":["Cracked Core","Boot","Mercury Hourglass","Dream Catcher","vexMod:TimeEaterHat","Whetstone","Bronze Scales","vexMod:BarristanHead","Blood Vial","Centennial Puzzle","Sling","Question Card","ClockworkSouvenir","Bottled Flame","Orichalcum","Vajra","Bag of Preparation","Calipers","PrismaticShard","Kunai","Bottled Tornado","Frozen Egg 2","TheAbacus","Shuriken","vexMod:ImprovementManual","Ginger","Membership Card","vexMod:Cooldron","Anchor","Nunchaku","vexMod:InvisibilityCloak","Frozen Eye","vexMod:ScavengeHelm","Tiny Chest","Meat on the Bone","vexMod:MemoryStick","Chemical X","Eternal Feather","Toxic Egg 2","Matryoshka","Medical Kit","Potion Belt","Ornamental Fan","vexMod:Spyglass","War Paint","MealTicket","Juzu Bracelet","Sundial","vexMod:BerryBomb","vexMod:FocusSash","Regal Pillow","Strawberry","Coffee Dripper","Ice Cream","Oddly Smooth Stone","Toy Ornithopter","PreservedInsect","Toolbox","Orrery","Lantern","Pen Nib","Pantograph","OrangePellets","vexMod:Dragonfruit","Pocketwatch","vexMod:PaidLearning","InkBottle","HornCleat","Molten Egg 2","Gremlin Horn"],"acts_visited":["Exordium","TheCity","TheBeyond"],"potions_floor_usage":[6,6,10,12,12,16,16,16,16,18,33,33,33,33,33,33,33,33,33,35,42,42],"damage_taken":[{"damage":5,"enemies":"Cultist","floor":1,"turns":4},{"damage":9,"enemies":"Jaw Worm","floor":5,"turns":2},{"damage":9,"enemies":"Lagavulin","floor":6,"turns":5},{"damage":7,"enemies":"3 Sentries","floor":10,"turns":3},{"damage":21,"enemies":"Lagavulin","floor":12,"turns":3},{"damage":0,"enemies":"3 Sentries","floor":14,"turns":2},{"damage":12,"enemies":"Hexaghost","floor":16,"turns":5},{"damage":0,"enemies":"Shell Parasite","floor":18,"turns":2},{"damage":1,"enemies":"Book of Stabbing","floor":23,"turns":2},{"damage":14,"enemies":"Slavers","floor":27,"turns":2},{"damage":0,"enemies":"3 Byrds","floor":28,"turns":1},{"damage":26,"enemies":"Champ","floor":33,"turns":4},{"damage":0,"enemies":"3 Shapes","floor":35,"turns":1},{"damage":0,"enemies":"Orb Walker","floor":39,"turns":1},{"damage":0,"enemies":"4 Shapes","floor":42,"turns":2},{"damage":0,"enemies":"Sphere and 2 Shapes","floor":46,"turns":1},{"damage":0,"enemies":"Awakened One","floor":50,"turns":3}],"seed_played":"1545652200991755087","potions_obtained":[{"floor":1,"key":"Strength Potion"},{"floor":1,"key":"DistilledChaos"},{"floor":1,"key":"Regen Potion"},{"floor":6,"key":"Energy Potion"},{"floor":10,"key":"Fruit Juice"},{"floor":16,"key":"SkillPotion"},{"floor":18,"key":"ColorlessPotion"},{"floor":28,"key":"EntropicBrew"},{"floor":33,"key":"EntropicBrew"},{"floor":35,"key":"EntropicBrew"},{"floor":42,"key":"EntropicBrew"}],"is_trial":false,"path_per_floor":["M","$","?","T","M","E","?","$","T","E","?","E","$","E","R","B",null,"M","?","$","?","$","E","$","T","T","E","M","T","T","T","R","B",null,"M","?","$","?","M","T","$","M","T","T","?","M","T","T","R","B",null],"character_chosen":"DEFECT","items_purchased":["Boot","Mercury Hourglass","Dream Catcher","EntropicBrew","vexMod:TimeEaterHat","Heatsinks","FTL","Whetstone","Finesse","Blood Vial","Centennial Puzzle","Sling","Question Card","ClockworkSouvenir","Bottled Flame","Ball Lightning","Enlightenment","Storm","Calipers","PrismaticShard","Kunai","Bottled Tornado","Frozen Egg 2","TheAbacus","Ginger","Membership Card","vexMod:Cooldron","Anchor","Nunchaku","Defragment+1","EntropicBrew","vexMod:InvisibilityCloak","Frozen Eye","vexMod:ScavengeHelm","Tiny Chest","Meat on the Bone","vexMod:MemoryStick","Chemical X","Heatsinks+1","Sweeping Beam","EntropicBrew","Magnetism+1","Toxic Egg 2","Matryoshka","Medical Kit","Potion Belt","Ornamental Fan","vexMod:Spyglass","Storm+1","Ice Cream","Oddly Smooth Stone","EntropicBrew","Toy Ornithopter","PreservedInsect","Toolbox","Orrery","Pen Nib","Pantograph","OrangePellets","vexMod:Dragonfruit","Pocketwatch","vexMod:PaidLearning"],"campfire_rested":0,"item_purchase_floors":[2,2,2,2,2,2,2,2,2,8,8,8,8,8,8,8,8,13,13,13,13,13,13,13,20,20,20,20,20,20,20,20,22,22,22,22,22,22,22,22,22,22,24,24,24,24,24,24,24,37,37,37,37,37,37,37,41,41,41,41,41,41],"current_hp_per_floor":[70,70,59,59,50,41,41,41,41,41,41,22,22,24,24,14,80,80,80,80,65,65,66,66,66,66,60,62,62,62,69,81,69,98,98,98,98,98,98,98,103,103,103,103,103,103,103,103,103,103],"gold":984,"neow_bonus":"THREE_RARE_CARDS","is_daily":false,"chose_seed":false,"campfire_upgraded":2,"win_rate":0.0,"timestamp":1609880262,"path_taken":["M","$","?","?","?","E","?","?","T","E","?","E","$","E","R","BOSS","M","?","$","?","$","E","$","?","T","E","?","?","?","?","R","BOSS","M","?","$","?","?","?","?","?","T","?","?","?","?","?","R","BOSS"],"items_purchased_type":["Relic","Relic","Relic","Potion","Relic","Card","Card","Relic","Card","Relic","Relic","Relic","Relic","Relic","Relic","Card","Card","Card","Relic","Relic","Relic","Relic","Relic","Relic","Relic","Relic","Relic","Relic","Relic","Card","Potion","Relic","Relic","Relic","Relic","Relic","Relic","Relic","Card","Card","Potion","Card","Relic","Relic","Relic","Relic","Relic","Relic","Card","Relic","Relic","Potion","Relic","Relic","Relic","Relic","Relic","Relic","Relic","Relic","Relic","Relic"],"build_version":"2020-12-22","purchased_purges":20,"victory":true,"max_hp_per_floor":[75,75,75,75,75,75,75,75,75,80,80,80,80,80,80,80,80,80,80,80,85,85,85,85,85,85,91,91,91,91,98,98,98,98,98,98,98,98,98,98,103,103,103,103,103,103,103,103,103,103],"card_choices":[{"not_picked":["Machine Learning","Multi-Cast"],"picked":"Electrodynamics","floor":0},{"not_picked":["Tempest","Barrage"],"picked":"Leap","floor":1},{"not_picked":["FTL","Barrage"],"picked":"Conserve Battery","floor":5},{"not_picked":["Go for the Eyes","Barrage"],"picked":"Sweeping Beam","floor":6},{"not_picked":["Barrage","Cold Snap","Storm"],"picked":"Gash","floor":10},{"not_picked":["Redo","Barrage","Fission"],"picked":"White Noise","floor":12},{"not_picked":["Moondial","All Out Attack","Rewind"],"picked":"CutThroughFate","floor":14},{"not_picked":["Night Terror","Rainbow","MasterReality+1"],"picked":"Seek","floor":16},{"not_picked":["Perfected Strike","ThirdEye","Cold Snap","Dash"],"picked":"SKIP","floor":18},{"not_picked":["Burning Pact+1","Ghostly Armor","Chaos","TheCursedMod:CursedBoomerang"],"picked":"SKIP","floor":23},{"not_picked":["Starlight","InnerPeace+1","Leap+1"],"picked":"Rearm+1","floor":27},{"not_picked":["TheCursedMod:Evocation+1","Crescendo+1","TheCursedMod:CircleOfFocus+1","Foresight+1"],"picked":"SKIP","floor":28},{"not_picked":["Wraith Form v2+1","TheCursedMod:ManaCirculation+1","Transmutation+1"],"picked":"Barricade+1","floor":33},{"not_picked":["TheCursedMod:CircleOfFlame+1","Headbutt+1","Glacier+1","EmptyFist+1"],"picked":"SKIP","floor":35},{"not_picked":["Machine Learning+1","InnerPeace+1","Headbutt+1"],"picked":"FanOfKnives+1","floor":37},{"not_picked":["Thunderclap","Clothesline","Battle Trance+1","Sucker Punch"],"picked":"SKIP","floor":39},{"not_picked":["Deflect+1","CutThroughFate+1","Defy+1","TheCursedMod:Torture+1"],"picked":"SKIP","floor":42},{"not_picked":["Storm of Steel+1","Sweeping Beam","Nirvana+1"],"picked":"Coolheaded+1","floor":46}],"player_experience":17091,"relics_obtained":[{"floor":4,"key":"Bronze Scales"},{"floor":6,"key":"vexMod:BarristanHead"},{"floor":9,"key":"Orichalcum"},{"floor":10,"key":"Vajra"},{"floor":12,"key":"Bag of Preparation"},{"floor":14,"key":"Shuriken"},{"floor":23,"key":"Eternal Feather"},{"floor":25,"key":"War Paint"},{"floor":25,"key":"MealTicket"},{"floor":26,"key":"Juzu Bracelet"},{"floor":26,"key":"Sundial"},{"floor":27,"key":"vexMod:BerryBomb"},{"floor":29,"key":"vexMod:FocusSash"},{"floor":30,"key":"Regal Pillow"},{"floor":31,"key":"Strawberry"},{"floor":40,"key":"Lantern"},{"floor":43,"key":"InkBottle"},{"floor":44,"key":"HornCleat"},{"floor":47,"key":"Molten Egg 2"},{"floor":48,"key":"Gremlin Horn"}],"event_choices":[{"damage_healed":0,"gold_gain":75,"player_choice":"Gather Gold","damage_taken":11,"max_hp_gain":0,"max_hp_loss":0,"event_name":"World of Goop","floor":3,"gold_loss":0},{"damage_healed":0,"gold_gain":100,"player_choice":"Pray","damage_taken":0,"max_hp_gain":0,"max_hp_loss":0,"event_name":"Golden Shrine","floor":7,"gold_loss":0},{"damage_healed":0,"gold_gain":0,"player_choice":"0 cards matched","damage_taken":0,"max_hp_gain":0,"max_hp_loss":0,"event_name":"Match and Keep!","floor":11,"gold_loss":0,"cards_obtained":[]},{"damage_healed":0,"gold_gain":0,"player_choice":"Ignored","damage_taken":0,"max_hp_gain":0,"max_hp_loss":0,"event_name":"Ghosts","floor":19,"gold_loss":0},{"damage_healed":0,"gold_gain":0,"player_choice":"Shed Blood","damage_taken":20,"max_hp_gain":5,"max_hp_loss":0,"event_name":"Forgotten Altar","floor":21,"gold_loss":0},{"cards_removed":["Magnetism"],"damage_healed":0,"gold_gain":0,"player_choice":"Removed Power","damage_taken":0,"max_hp_gain":0,"max_hp_loss":0,"event_name":"Falling","floor":36,"gold_loss":0},{"damage_healed":0,"gold_gain":0,"player_choice":"Memory 1","damage_taken":0,"max_hp_gain":0,"max_hp_loss":0,"event_name":"SensoryStone","floor":38,"gold_loss":0}],"is_beta":false,"boss_relics":[{"not_picked":["vexMod:BigBerry","Velvet Choker"],"picked":"vexMod:ImprovementManual"},{"not_picked":["Snecko Eye","Runic Dome"],"picked":"Coffee Dripper"}],"items_purged_floors":[2,2,2,2,2,2,8,8,8,20,20,20,22,24,37,37,41,41,41,41],"is_endless":false,"potions_floor_spawned":[1,1,1,6,10,12,12,16,18,23,23,27,27,28,33,35,42,42,42,46],"ascension_level":0}}