{"host":"56ghxnzsglgdq727","time":1609814150,"event":{"mods":["AchievementEnabler","BaseMod","Downfall","Minty Spire (QoL Compilation)","StSLib"],"gold_per_floor":[349,361,361,361,379,389,389,389,400,500,37,81,81,84,107,107,107,107],"floor_reached":16,"playtime":618,"items_purged":["hexamod:Defend"],"score":100,"play_id":"681ce14d-b25e-4467-8392-5a69e2aeabd4","local_time":"20210104213550","is_ascension_mode":false,"campfire_choices":[{"data":"hexamod:Float","floor":1,"key":"SMITH"},{"floor":8,"key":"REST"}],"circlet_count":0,"master_deck":["hexamod:Strike","hexamod:Strike","hexamod:Strike+1","hexamod:Defend","hexamod:Defend+1","hexamod:Defend","hexamod:Sear","hexamod:Float+1","hexamod:SpectersWail+1","hexamod:GhostflameBarrier","hexamod:ThirdSeal","hexamod:FirstSeal","hexamod:SixthSeal","hexamod:SpectersWail","hexamod:SecondSeal","hexamod:FirstSeal"],"relics":["hexamod:SpiritBrand","Bag of Marbles","Tiny Chest","CeramicFish","Juzu Bracelet","WingedGreaves"],"acts_visited":["Exordium"],"potions_floor_usage":[9,12,12,16],"damage_taken":[{"damage":0,"enemies":"Small Slimes","floor":2,"turns":3},{"damage":0,"enemies":"Jaw Worm","floor":5,"turns":3},{"damage":0,"enemies":"Cultist","floor":6,"turns":3},{"damage":14,"enemies":"Large Slime","floor":9,"turns":7},{"damage":0,"enemies":"downfall:FleeingMerchant","floor":11,"turns":4},{"damage":39,"enemies":"Gremlin Nob","floor":12,"turns":6},{"damage":4,"enemies":"downfall:FleeingMerchant","floor":14,"turns":4},{"damage":19,"enemies":"Exordium Wildlife","floor":15,"turns":4},{"damage":35,"enemies":"downfall:Defect","floor":16,"turns":6}],"seed_played":"7871864746076597713","potions_obtained":[{"floor":2,"key":"Explosive Potion"},{"floor":9,"key":"Block Potion"},{"floor":15,"key":"EssenceOfSteel"}],"is_trial":false,"path_per_floor":["R","M","?","?","M","M","T","R","M","?","$","E","?","$","M","B"],"character_chosen":"THE_SPIRIT","items_purchased":["Tiny Chest","CeramicFish","hexamod:EctoCoolerPotion"],"campfire_rested":1,"item_purchase_floors":[11,11,11],"current_hp_per_floor":[49,49,49,49,49,49,49,70,56,56,63,31,28,31,26,0,0,0],"gold":107,"neow_bonus":"TWO_FIFTY_GOLD","is_daily":false,"chose_seed":false,"campfire_upgraded":1,"win_rate":0.0,"timestamp":1609814150,"path_taken":["R","M","?","?","M","?","T","R","M","?","$","E","?","?","M","BOSS"],"items_purchased_type":["Relic","Relic","Potion"],"build_version":"2020-12-22","purchased_purges":1,"victory":false,"max_hp_per_floor":[70,70,70,70,70,70,70,70,70,70,70,70,70,70,70,70,70,70],"card_choices":[{"not_picked":["hexamod:NightmareStrike","hexamod:AdvancingGuard"],"picked":"hexamod:SpectersWail","floor":2},{"not_picked":["hexamod:BacktrackSmack","hexamod:RetreatToShadows"],"picked":"hexamod:GhostflameBarrier","floor":5},{"not_picked":["hexamod:FourthSeal","hexamod:NecessarySacrifice"],"picked":"hexamod:ThirdSeal","floor":6},{"not_picked":["hexamod:ApocalypseNow","hexamod:Firestarter"],"picked":"hexamod:FirstSeal","floor":9},{"not_picked":["hexamod:SpectralSpark","hexamod:StepThrough","hexamod:FastForward"],"picked":"SKIP","floor":9},{"not_picked":["hexamod:Hexaguard","hexamod:HeatCrush"],"picked":"hexamod:SixthSeal","floor":11},{"not_picked":["hexamod:NightmareGuise","hexamod:SoulSteal","hexamod:BurningTouch"],"picked":"SKIP","floor":11},{"not_picked":["hexamod:Firestarter","hexamod:SwordOfDarkness"],"picked":"hexamod:SpectersWail","floor":12},{"not_picked":["hexamod:FastForward","hexamod:NightmareStrike","hexamod:BacktrackSmack"],"picked":"SKIP","floor":12},{"not_picked":["hexamod:Haunt","hexamod:FastForward"],"picked":"hexamod:SecondSeal","floor":14},{"not_picked":["hexamod:ShieldOfDarkness","hexamod:ApocalypseNow"],"picked":"hexamod:FirstSeal","floor":14},{"not_picked":["hexamod:Hexaguard","hexamod:SwordOfDarkness","hexamod:GhostOfSpirePresent"],"picked":"SKIP","floor":15},{"not_picked":["hexamod:Firestarter","hexamod:FastForward","hexamod:Haunt"],"picked":"SKIP","floor":15}],"player_experience":144641,"relics_obtained":[{"floor":7,"key":"Bag of Marbles"},{"floor":12,"key":"Juzu Bracelet"}],"event_choices":[{"damage_healed":0,"gold_gain":0,"player_choice":"Upgraded","damage_taken":0,"max_hp_gain":0,"max_hp_loss":0,"event_name":"Upgrade Shrine","floor":4,"gold_loss":0,"cards_upgraded":["hexamod:SpectersWail"]},{"damage_healed":0,"gold_gain":0,"player_choice":"Success","damage_taken":3,"relics_obtained":["WingedGreaves"],"max_hp_gain":0,"max_hp_loss":0,"event_name":"Scrap Ooze","floor":13,"gold_loss":0}],"is_beta":false,"boss_relics":[],"items_purged_floors":[11],"is_endless":false,"potions_floor_spawned":[2,9,15],"killed_by":"downfall:Defect","ascension_level":0}}