{"host":"37dk0reb6x0du8wx","time":1609843816,"event":{"mods":["BaseMod","Colored Map","DeckTracker","Minty Spire (QoL Compilation)","Quick Restart","StSLib"],"gold_per_floor":[115,115,115,39,39,72,98,98,122,47,68,68,68,104,104,233,233,251,37,50,69,32,32,32,32],"floor_reached":24,"playtime":1259,"items_purged":["Strike_B"],"score":300,"play_id":"df69f3aa-befc-42b7-81fd-239cfc29c2af","local_time":"20210105195016","is_ascension_mode":true,"campfire_choices":[{"data":"Defend_B","floor":8,"key":"SMITH"},{"data":"Defend_B","floor":13,"key":"SMITH"},{"data":"Defend_B","floor":15,"key":"SMITH"},{"data":"Loop","floor":23,"key":"SMITH"}],"circlet_count":0,"master_deck":["Strike_B","Strike_B","Defend_B","Defend_B+1","Defend_B+1","Defend_B+1","Dualcast","Auto Shields+1","BootSequence+1","Capacitor","Leap+1","Conserve Battery+1","Loop+1","Conserve Battery+1","Leap+1","Defragment"],"relics":["Cracked Core","NeowsBlessing","Matryoshka","Golden Idol","War Paint","Toxic Egg 2","Blood Vial","Symbiotic Virus","Bronze Scales","DataDisk","ClockworkSouvenir"],"acts_visited":["Exordium","TheCity"],"potions_floor_usage":[16],"damage_taken":[{"damage":0,"enemies":"Cultist","floor":1,"turns":1},{"damage":0,"enemies":"Gremlin Nob","floor":6,"turns":1},{"damage":6,"enemies":"Small Slimes","floor":11,"turns":1},{"damage":5,"enemies":"3 Sentries","floor":14,"turns":13},{"damage":12,"enemies":"Hexaghost","floor":16,"turns":11},{"damage":1,"enemies":"Shell Parasite","floor":18,"turns":6},{"damage":0,"enemies":"3 Byrds","floor":20,"turns":5},{"damage":13,"enemies":"Centurion and Healer","floor":21,"turns":8},{"damage":41,"enemies":"Gremlin Leader","floor":24,"turns":7}],"seed_played":"-3017763919508240980","potions_obtained":[{"floor":6,"key":"SkillPotion"},{"floor":16,"key":"LiquidMemories"},{"floor":20,"key":"SpeedPotion"}],"is_trial":false,"path_per_floor":["M","T","?","$","?","E","T","R","T","$","M","?","R","E","R","B",null,"M","$","M","M","$","R","E"],"character_chosen":"DEFECT","items_purchased":["BootSequence","ClockworkSouvenir","Loop","Defragment"],"campfire_rested":0,"item_purchase_floors":[4,19,19,22],"current_hp_per_floor":[75,75,69,69,69,69,69,69,69,69,63,63,63,60,60,50,69,68,68,69,56,56,56,17,17],"gold":32,"neow_bonus":"THREE_ENEMY_KILL","is_daily":false,"chose_seed":false,"campfire_upgraded":4,"win_rate":0.0,"timestamp":1609843816,"path_taken":["M","?","?","$","?","E","?","R","T","$","M","?","R","E","R","BOSS","M","$","?","M","$","R","E"],"items_purchased_type":["Card","Relic","Card","Card"],"build_version":"2020-12-22","purchased_purges":1,"victory":false,"max_hp_per_floor":[75,75,69,69,69,69,69,69,69,69,69,69,69,69,69,69,69,69,69,69,69,69,69,69,69],"card_choices":[{"not_picked":["Turbo","Sweeping Beam"],"picked":"Auto Shields","floor":1},{"not_picked":["Barrage","Tempest","Steam"],"picked":"SKIP","floor":6},{"not_picked":["Sweeping Beam","Streamline"],"picked":"Capacitor","floor":11},{"not_picked":["Barrage","Gash"],"picked":"Leap+1","floor":14},{"not_picked":["Compile Driver","Beam Cell"],"picked":"Conserve Battery+1","floor":18},{"not_picked":["Glacier+1","Double Energy+1"],"picked":"Conserve Battery+1","floor":20},{"not_picked":["Redo+1","Rip and Tear"],"picked":"Leap+1","floor":21}],"player_experience":155942,"relics_obtained":[{"floor":2,"key":"Matryoshka"},{"floor":6,"key":"War Paint"},{"floor":7,"key":"Toxic Egg 2"},{"floor":7,"key":"Blood Vial"},{"floor":9,"key":"Symbiotic Virus"},{"floor":9,"key":"Bronze Scales"},{"floor":14,"key":"DataDisk"}],"event_choices":[{"damage_healed":0,"gold_gain":0,"player_choice":"Lose Max HP","damage_taken":0,"relics_obtained":["Golden Idol"],"max_hp_gain":0,"max_hp_loss":6,"event_name":"Golden Idol","floor":3,"gold_loss":0},{"cards_removed":["Strike_B"],"damage_healed":0,"gold_gain":0,"player_choice":"Forget","damage_taken":0,"max_hp_gain":0,"max_hp_loss":0,"event_name":"Living Wall","floor":5,"gold_loss":0},{"cards_removed":["Zap"],"damage_healed":0,"gold_gain":0,"player_choice":"Offered Basic","damage_taken":0,"max_hp_gain":0,"max_hp_loss":0,"event_name":"Bonfire Elementals","floor":12,"gold_loss":0}],"is_beta":false,"boss_relics":[{"not_picked":["Pandora\u0027s Box","Astrolabe","Cursed Key"]}],"items_purged_floors":[10],"is_endless":false,"potions_floor_spawned":[6,16,20],"killed_by":"Gremlin Leader","ascension_level":4}}