{"host":"ya062ahhhuj9au1o","time":1609891020,"event":{"mods":["BaseMod","Better Third Choice","Downfall","Filter the Spire","Hermit","Minty Spire (QoL Compilation)","Random Character Button","Robot Space Explorer","Somnambulant","StSLib","The Bug Knight","The Cursed","The Marked","The Servant 0.9.4"],"gold_per_floor":[110,127,147,147,158,193,203,203,251,154,154,175,175,5,5,126,126,145,145,164,182,182,182,182,57,57,57,82,107,107,148,148,277,277,298,298,598,159,183,183,183,219,265,90,90,90,123,123,123,123],"floor_reached":51,"playtime":4481,"items_purged":["Shame","hermit:Defend_Hermit","Injury","Doubt","Writhe"],"score":1069,"play_id":"907a5c7a-c28f-41c3-9279-ae7dfc0040f0","local_time":"20210105185700","is_ascension_mode":true,"campfire_choices":[{"data":"hermit:Snapshot","floor":8.0,"key":"SMITH"},{"data":"hermit:LoneWolf","floor":13.0,"key":"SMITH"},{"data":"hermit:LuckOfTheDraw","floor":15.0,"key":"SMITH"},{"data":"hermit:HighNoon","floor":23.0,"key":"SMITH"},{"data":"hermit:FlashPowder","floor":27.0,"key":"SMITH"},{"data":"hermit:Desperado","floor":30.0,"key":"SMITH"},{"floor":32.0,"key":"REST"},{"data":"hermit:GoldenBullet","floor":41.0,"key":"SMITH"},{"data":"hermit:Determination","floor":45.0,"key":"SMITH"},{"floor":49,"key":"REST"}],"circlet_count":0,"master_deck":["hermit:Strike_Hermit+1","hermit:Strike_Hermit+1","hermit:Strike_Hermit+1","hermit:Strike_Hermit+1","hermit:Defend_Hermit+1","hermit:Defend_Hermit+1","hermit:Defend_Hermit+1","hermit:Snapshot+1","hermit:Covet","hermit:TakeCover+1","hermit:Determination+1","hermit:LuckOfTheDraw+1","hermit:GoldenBullet+1","hermit:Desperado+1","hermit:LoneWolf+1","hermit:FlashPowder+1","hermit:HighNoon+1","hermit:FlashPowder+1","hermit:LuckOfTheDraw+1","Parasite"],"relics":["Cursed Key","HollowMod:LifeEnderRelic","Tiny Chest","Golden Idol","Enchiridion","hermit:Horseshoe","Bottled Flame","Red Mask","hermit:BartenderGlass","Letter Opener","Old Coin","Torii","Whetstone","HollowMod:PaleOreRelic","Strawberry"],"acts_visited":["Exordium","TheCity","TheBeyond"],"potions_floor_usage":[47,47,50,50],"damage_taken":[{"damage":0.0,"enemies":"Cultist","floor":1.0,"turns":3.0},{"damage":0.0,"enemies":"2 Louse","floor":2.0,"turns":3.0},{"damage":0.0,"enemies":"Jaw Worm","floor":3.0,"turns":3.0},{"damage":3.0,"enemies":"Blue Slaver","floor":5.0,"turns":3.0},{"damage":17.0,"enemies":"3 Sentries","floor":6.0,"turns":11.0},{"damage":0.0,"enemies":"Large Slime","floor":7.0,"turns":6.0},{"damage":0.0,"enemies":"Exordium Wildlife","floor":12.0,"turns":3.0},{"damage":13.0,"enemies":"Hexaghost","floor":16.0,"turns":5.0},{"damage":4.0,"enemies":"Chosen","floor":18.0,"turns":3.0},{"damage":0.0,"enemies":"3 Byrds","floor":20.0,"turns":4.0},{"damage":1.0,"enemies":"3 Cultists","floor":21.0,"turns":4.0},{"damage":4.0,"enemies":"Shelled Parasite and Fungi","floor":28.0,"turns":4.0},{"damage":0.0,"enemies":"Cultist and Chosen","floor":29.0,"turns":4.0},{"damage":1.0,"enemies":"Masked Bandits","floor":31.0,"turns":4.0},{"damage":0.0,"enemies":"Collector","floor":33.0,"turns":4.0},{"damage":0.0,"enemies":"3 Shapes","floor":35.0,"turns":4.0},{"damage":0.0,"enemies":"Orb Walker","floor":39.0,"turns":3.0},{"damage":0.0,"enemies":"Giant Head","floor":42.0,"turns":4.0},{"damage":0.0,"enemies":"4 Shapes","floor":46.0,"turns":2.0},{"damage":0,"enemies":"Reptomancer","floor":47,"turns":6},{"damage":75,"enemies":"Time Eater","floor":50,"turns":9}],"seed_played":"3054828575786009333","potions_obtained":[{"floor":1.0,"key":"SkillPotion"},{"floor":5.0,"key":"SkillPotion"},{"floor":20.0,"key":"PowerPotion"}],"is_trial":false,"path_per_floor":["M","M","M","?","M","E","M","R","T","$","?","M","R","$","R","B",null,"M","?","M","M","?","R","T","$","T","R","M","M","R","?","R","B",null,"M","?","T","$","M","?","R","E","T","$","R","M","E","$","R","B",null],"character_chosen":"HERMIT","items_purchased":["hermit:Desperado","hermit:FlashPowder","Torii"],"campfire_rested":2,"item_purchase_floors":[10,14,38],"current_hp_per_floor":[68,68,68,53,50,33,33,33,33,33,33,33,33,33,33,20,57,53,37,37,36,36,36,36,36,36,36,32,32,32,31,51,51,65,65,65,65,65,65,65,65,65,65,65,65,65,72,72,76,1],"gold":123,"neow_bonus":"BOSS_RELIC","is_daily":false,"chose_seed":false,"campfire_upgraded":8,"win_rate":0.0,"timestamp":1609891020,"path_taken":["M","?","?","?","M","E","M","R","T","$","?","M","R","$","R","BOSS","M","?","M","M","?","R","?","$","T","R","M","?","R","?","R","BOSS","M","?","?","$","?","?","R","E","T","$","R","M","E","?","R","BOSS"],"items_purchased_type":["Card","Card","Relic"],"build_version":"2020-12-22","purchased_purges":5,"victory":true,"max_hp_per_floor":[75,75,75,75,75,75,75,75,75,75,69,69,69,69,69,69,69,69,69,69,69,69,69,69,69,69,69,69,69,69,69,69,69,69,69,69,69,69,69,69,69,69,69,69,69,69,76,76,76,76],"card_choices":[{"not_picked":["hermit:LowProfile","hermit:CalledShot"],"picked":"hermit:TakeCover","floor":1.0},{"not_picked":["hermit:Roulette","hermit:Ricochet"],"picked":"hermit:Determination","floor":2.0},{"not_picked":["hermit:Glare","hermit:Ricochet"],"picked":"hermit:LuckOfTheDraw","floor":3.0},{"not_picked":["hermit:Misfire","hermit:Quickdraw"],"picked":"hermit:GoldenBullet","floor":5.0},{"not_picked":["hermit:BigShot","hermit:Ricochet","hermit:FinalCanter"],"picked":"SKIP","floor":6.0},{"not_picked":["hermit:TakeAim","hermit:Dive","hermit:SprayPray"],"picked":"SKIP","floor":7.0},{"not_picked":["hermit:DeadMansHand","hermit:LuckOfTheDraw"],"picked":"hermit:LoneWolf","floor":12.0},{"not_picked":["hermit:Adapt","hermit:FatalDesire"],"picked":"hermit:HighNoon","floor":16.0},{"not_picked":["hermit:Coalescence","hermit:Determination+1","hermit:Quickdraw"],"picked":"SKIP","floor":18.0},{"not_picked":["hermit:Vantage","hermit:Malice"],"picked":"hermit:FlashPowder+1","floor":20.0},{"not_picked":["hermit:Coalescence","hermit:LowProfile","hermit:Virtue"],"picked":"SKIP","floor":21.0},{"not_picked":["hermit:Shortfuse","hermit:TrackingShot+1","hermit:Roulette"],"picked":"SKIP","floor":28.0},{"not_picked":["hermit:Quickdraw+1","hermit:Malice","hermit:EternalForm"],"picked":"SKIP","floor":29.0},{"not_picked":["hermit:Feint+1","hermit:Dive+1"],"picked":"hermit:LuckOfTheDraw+1","floor":35.0},{"not_picked":["hermit:Snipe+1","hermit:LuckOfTheDraw","hermit:TakeAim"],"picked":"SKIP","floor":39.0},{"not_picked":["hermit:SprayPray","hermit:Glare+1","hermit:Coalescence"],"picked":"SKIP","floor":42.0},{"not_picked":["hermit:LowProfile","hermit:Roulette+1","hermit:Desperado"],"picked":"SKIP","floor":47}],"player_experience":1770563,"relics_obtained":[{"floor":6.0,"key":"HollowMod:LifeEnderRelic"},{"floor":9.0,"key":"Tiny Chest"},{"floor":19.0,"key":"Enchiridion"},{"floor":24.0,"key":"hermit:Horseshoe"},{"floor":26.0,"key":"Bottled Flame"},{"floor":31.0,"key":"Red Mask"},{"floor":36.0,"key":"Letter Opener"},{"floor":37.0,"key":"Old Coin"},{"floor":42.0,"key":"Whetstone"},{"floor":43.0,"key":"HollowMod:PaleOreRelic"},{"floor":47,"key":"Strawberry"}],"event_choices":[{"damage_healed":68.0,"max_hp_gain":0.0,"max_hp_loss":75.0,"gold_gain":0.0,"event_name":"betterThird:BetterShining","player_choice":"Upgrade","floor":4.0,"gold_loss":0.0,"damage_taken":15.0,"cards_upgraded":["hermit:Defend_Hermit","hermit:TakeCover"]},{"damage_healed":0.0,"max_hp_gain":0.0,"max_hp_loss":6.0,"gold_gain":0.0,"event_name":"Golden Idol","player_choice":"Lose Max HP","floor":11.0,"gold_loss":0.0,"damage_taken":0.0,"relics_obtained":["Golden Idol"]},{"damage_healed":0.0,"max_hp_gain":0.0,"max_hp_loss":0.0,"gold_gain":0.0,"event_name":"Cursed Tome","player_choice":"Obtained Book","floor":19.0,"gold_loss":0.0,"damage_taken":16.0},{"damage_healed":0.0,"max_hp_gain":0.0,"max_hp_loss":6.0,"gold_gain":0.0,"event_name":"betterThird:BetterWriting","player_choice":"Simplicity","floor":22.0,"gold_loss":0.0,"damage_taken":0.0},{"damage_healed":0.0,"max_hp_gain":0.0,"max_hp_loss":0.0,"gold_gain":0.0,"event_name":"Masked Bandits","player_choice":"Fought Bandits","floor":31.0,"gold_loss":0.0,"damage_taken":0.0},{"damage_healed":0.0,"max_hp_gain":0.0,"max_hp_loss":0.0,"gold_gain":0.0,"event_name":"Wheel of Change","player_choice":"Relic","floor":36.0,"gold_loss":0.0,"damage_taken":0.0},{"damage_healed":0.0,"max_hp_gain":0.0,"max_hp_loss":0.0,"gold_gain":0.0,"event_name":"SensoryStone","player_choice":"Memory 1","floor":40.0,"gold_loss":0.0,"damage_taken":0.0}],"is_beta":false,"boss_relics":[{"not_picked":["Runic Dome","Fusion Hammer","Busted Crown"]},{"not_picked":["Coffee Dripper","Runic Pyramid"],"picked":"hermit:BartenderGlass"}],"items_purged_floors":[10,14,25,38,44],"is_endless":false,"potions_floor_spawned":[1,5,20,21,42,47],"ascension_level":6}}