{"host":"dgf4n6lo35jtjz0c","time":1609828378,"event":{"mods":["AchievementEnabler","BaseMod","Bestiary","Colored Powertips","Minty Spire (QoL Compilation)"],"gold_per_floor":[159,172,188,208,227,227,237,272,298,314,334,334,347,361,361,461,461,474,486,498,548,565,565,596,276,276,289,31,31,31,42,42,146,146,165,183,202,202,202],"floor_reached":38,"playtime":3498,"items_purged":[],"score":483,"play_id":"2a83890b-f6f9-462c-8c68-a51379ce0445","local_time":"20210105173258","is_ascension_mode":false,"campfire_choices":[{"data":"Bouncing Flask","floor":6.0,"key":"SMITH"},{"floor":12.0,"key":"REST"},{"data":"After Image","floor":15.0,"key":"SMITH"},{"floor":23.0,"key":"REST"},{"floor":29.0,"key":"REST"},{"floor":32.0,"key":"REST"}],"circlet_count":0,"master_deck":["Survivor","Neutralize","Quick Slash","Bouncing Flask+1","Leg Sweep","Dodge and Roll","Deadly Poison","After Image+1","Crippling Poison","Quick Slash","Infinite Blades","Infinite Blades","Slice","Phantasmal Killer","Dagger Spray+1","Infinite Blades+1","Backflip","Caltrops","Accuracy+1","Accuracy","Distraction","Panache","Catalyst+1","Footwork","Sadistic Nature","Dodge and Roll+1","Phantasmal Killer","Envenom","Deadly Poison","Envenom","Accuracy","Catalyst","Bullet Time","Die Die Die+1","Outmaneuver","Unload+1","Eviscerate+1","Finisher+1","Dagger Spray+1","Footwork+1"],"relics":["Tiny House","Boot","Anchor","Runic Dome","Ninja Scroll","Molten Egg 2","Pandora\u0027s Box"],"acts_visited":["Exordium","TheCity","TheBeyond"],"potions_floor_usage":[35,35,38],"damage_taken":[{"damage":2.0,"enemies":"Small Slimes","floor":1.0,"turns":3.0},{"damage":1.0,"enemies":"Cultist","floor":2.0,"turns":4.0},{"damage":2.0,"enemies":"Jaw Worm","floor":3.0,"turns":3.0},{"damage":0.0,"enemies":"Looter","floor":4.0,"turns":4.0},{"damage":0.0,"enemies":"Blue Slaver","floor":5.0,"turns":5.0},{"damage":3.0,"enemies":"Red Slaver","floor":7.0,"turns":3.0},{"damage":14.0,"enemies":"3 Sentries","floor":8.0,"turns":10.0},{"damage":11.0,"enemies":"Exordium Wildlife","floor":10.0,"turns":5.0},{"damage":0.0,"enemies":"2 Fungi Beasts","floor":11.0,"turns":3.0},{"damage":0.0,"enemies":"Blue Slaver","floor":13.0,"turns":4.0},{"damage":0.0,"enemies":"3 Louse","floor":14.0,"turns":3.0},{"damage":0.0,"enemies":"Hexaghost","floor":16.0,"turns":9.0},{"damage":10.0,"enemies":"Spheric Guardian","floor":18.0,"turns":4.0},{"damage":8.0,"enemies":"3 Byrds","floor":19.0,"turns":5.0},{"damage":3.0,"enemies":"Snake Plant","floor":20.0,"turns":5.0},{"damage":6.0,"enemies":"Cultist and Chosen","floor":22.0,"turns":5.0},{"damage":29.0,"enemies":"Slavers","floor":24.0,"turns":6.0},{"damage":1.0,"enemies":"Centurion and Healer","floor":27.0,"turns":6.0},{"damage":9.0,"enemies":"3 Cultists","floor":31.0,"turns":5.0},{"damage":52,"enemies":"Automaton","floor":33,"turns":8},{"damage":23,"enemies":"3 Shapes","floor":35,"turns":4},{"damage":14,"enemies":"3 Darklings","floor":36,"turns":5},{"damage":28,"enemies":"4 Shapes","floor":37,"turns":4},{"damage":37,"enemies":"2 Orb Walkers","floor":38,"turns":2}],"seed_played":"8137338563734312246","potions_obtained":[{"floor":0.0,"key":"Explosive Potion"},{"floor":2.0,"key":"LiquidBronze"},{"floor":4.0,"key":"Swift Potion"},{"floor":7.0,"key":"GhostInAJar"},{"floor":14.0,"key":"SmokeBomb"},{"floor":16.0,"key":"Block Potion"},{"floor":19.0,"key":"SteroidPotion"},{"floor":24.0,"key":"LiquidBronze"},{"floor":31.0,"key":"Weak Potion"},{"floor":35,"key":"FairyPotion"}],"is_trial":false,"path_per_floor":["M","M","M","M","M","R","M","E","T","M","M","R","M","M","R","B",null,"M","M","M","?","M","R","E","$","T","M","$","R","$","M","R","B",null,"M","M","M","?"],"character_chosen":"THE_SILENT","items_purchased":["Accuracy","Distraction","Panache","Footwork","Sadistic Nature"],"campfire_rested":4,"item_purchase_floors":[25,25,25,28,28],"current_hp_per_floor":[73,72,70,70,70,70,67,53,53,42,42,64,64,64,64,64,75,65,57,54,54,48,70,41,41,41,40,40,62,62,53,75,23,75,52,38,10,0,0],"gold":202,"neow_bonus":"BOSS_RELIC","is_daily":false,"chose_seed":false,"campfire_upgraded":2,"win_rate":0.0,"timestamp":1609828378,"path_taken":["M","M","M","M","M","R","M","E","T","M","M","R","M","M","R","BOSS","M","M","M","?","M","R","E","?","T","M","$","R","$","M","R","BOSS","M","M","M","?"],"items_purchased_type":["Card","Card","Card","Card","Card"],"build_version":"2020-12-22","purchased_purges":0,"victory":false,"max_hp_per_floor":[75,75,75,75,75,75,75,75,75,75,75,75,75,75,75,75,75,75,75,75,75,75,75,75,75,75,75,75,75,75,75,75,75,75,75,75,75,75,75],"card_choices":[{"not_picked":["Acrobatics","PiercingWail"],"picked":"Quick Slash","floor":0.0},{"not_picked":["Deadly Poison","Blade Dance"],"picked":"Bouncing Flask","floor":1.0},{"not_picked":["PiercingWail","Endless Agony","Reflex"],"picked":"SKIP","floor":2.0},{"not_picked":["Flechettes","Dagger Spray"],"picked":"Leg Sweep","floor":3.0},{"not_picked":["Flying Knee","Bane"],"picked":"Dodge and Roll","floor":4.0},{"not_picked":["Well Laid Plans","Deflect"],"picked":"Deadly Poison","floor":5.0},{"not_picked":["Outmaneuver","Riddle With Holes"],"picked":"After Image","floor":7.0},{"not_picked":["Escape Plan","Sucker Punch"],"picked":"Crippling Poison","floor":8.0},{"not_picked":["Bane","Reflex"],"picked":"Quick Slash","floor":10.0},{"not_picked":["Masterful Stab","Blade Dance"],"picked":"Infinite Blades","floor":11.0},{"not_picked":["Terror","Outmaneuver"],"picked":"Infinite Blades","floor":13.0},{"not_picked":["Prepared","PiercingWail"],"picked":"Slice","floor":14.0},{"not_picked":["Tools of the Trade","Glass Knife"],"picked":"Phantasmal Killer","floor":16.0},{"not_picked":["PiercingWail","Acrobatics+1"],"picked":"Dagger Spray+1","floor":18.0},{"not_picked":["Quick Slash+1","Slice+1"],"picked":"Infinite Blades+1","floor":19.0},{"not_picked":["Night Terror","PiercingWail+1"],"picked":"Backflip","floor":20.0},{"not_picked":["Slice","Prepared"],"picked":"Caltrops","floor":22.0},{"not_picked":["Crippling Poison","Leg Sweep"],"picked":"Accuracy+1","floor":24.0},{"not_picked":["Cloak And Dagger+1","Quick Slash+1"],"picked":"Catalyst+1","floor":27.0},{"not_picked":["Prepared","Malaise"],"picked":"Dodge and Roll+1","floor":31.0},{"not_picked":["Wraith Form v2","Tools of the Trade"],"picked":"Phantasmal Killer","floor":33},{"not_picked":["Predator+1","Flechettes+1"],"picked":"Finisher+1","floor":35},{"not_picked":["Tactician+1","Flechettes+1"],"picked":"Dagger Spray+1","floor":36},{"not_picked":["Bane+1","PiercingWail+1"],"picked":"Footwork+1","floor":37}],"player_experience":63147,"relics_obtained":[{"floor":8.0,"key":"Boot"},{"floor":9.0,"key":"Anchor"},{"floor":24.0,"key":"Ninja Scroll"},{"floor":26.0,"key":"Molten Egg 2"}],"event_choices":[{"damage_healed":0.0,"max_hp_gain":0.0,"max_hp_loss":0.0,"gold_gain":100.0,"event_name":"The Joust","player_choice":"Bet on Murderer","floor":21.0,"gold_loss":50.0,"damage_taken":0.0},{"damage_healed":0,"gold_gain":0,"player_choice":"Fight","damage_taken":0,"max_hp_gain":0,"max_hp_loss":0,"event_name":"Mysterious Sphere","floor":38,"gold_loss":0}],"is_beta":false,"boss_relics":[{"not_picked":["HoveringKite","Runic Pyramid"],"picked":"Runic Dome"},{"not_picked":["Empty Cage","Coffee Dripper"],"picked":"Pandora\u0027s Box"}],"items_purged_floors":[],"is_endless":false,"potions_floor_spawned":[2,4,7,14,16,19,24,31,35],"killed_by":"2 Orb Walkers","ascension_level":0}}