{"host":"f5n4tidiz2n5sooh","time":1609846954,"event":{"mods":["BaseMod","Bestiary","Colored Map","Minty Spire (QoL Compilation)","Relic Stats","StSLib"],"gold_per_floor":[111,125,139,149,74,105,105,123,123,123,36,65,80,103,103,182,182,202,51,51,51,51,51,51,51],"floor_reached":24,"playtime":792,"items_purged":["Strike_R"],"score":408,"play_id":"5ea2ff89-0b3a-4957-893c-862485569b71","local_time":"20210105054234","is_ascension_mode":true,"campfire_choices":[{"data":"Bash","floor":7,"key":"SMITH"},{"floor":15,"key":"REST"},{"data":"Inflame","floor":23,"key":"SMITH"}],"circlet_count":0,"master_deck":["AscendersBane","Strike_R","Strike_R","Defend_R","Defend_R","Defend_R","Defend_R","Bash+1","Wild Strike","Inflame+1","True Grit","Heavy Blade","Double Tap+1","Second Wind+1","Heavy Blade","Flame Barrier+1","Entrench+1","Headbutt","Fiend Fire","Disarm+1","Flame Barrier+1","RitualDagger"],"relics":["Philosopher\u0027s Stone","Toxic Egg 2","Eternal Feather","Sundial","Pen Nib","Black Star"],"acts_visited":["Exordium","TheCity"],"potions_floor_usage":[6,12,15,24],"damage_taken":[{"damage":11,"enemies":"Small Slimes","floor":1,"turns":3},{"damage":3,"enemies":"Jaw Worm","floor":2,"turns":2},{"damage":0,"enemies":"2 Louse","floor":3,"turns":2},{"damage":0,"enemies":"2 Fungi Beasts","floor":4,"turns":4},{"damage":18,"enemies":"3 Sentries","floor":6,"turns":4},{"damage":12,"enemies":"Looter","floor":8,"turns":2},{"damage":11,"enemies":"Gremlin Nob","floor":12,"turns":4},{"damage":8,"enemies":"Exordium Wildlife","floor":13,"turns":4},{"damage":38,"enemies":"Hexaghost","floor":16,"turns":9},{"damage":2,"enemies":"3 Byrds","floor":18,"turns":4},{"damage":69,"enemies":"Gremlin Leader","floor":24,"turns":5}],"seed_played":"-4169739202893901567","potions_obtained":[{"floor":4,"key":"ColorlessPotion"},{"floor":8,"key":"SkillPotion"},{"floor":12,"key":"Fruit Juice"},{"floor":18,"key":"FearPotion"}],"is_trial":false,"path_per_floor":["M","M","M","M","?","E","R","M","T","?","$","E","M","T","R","B",null,"M","$","?","?","?","R","E"],"character_chosen":"IRONCLAD","items_purchased":["Flame Barrier+1","Disarm+1"],"campfire_rested":1,"item_purchase_floors":[11,19],"current_hp_per_floor":[57,54,54,54,54,36,36,24,24,24,24,13,5,5,43,5,61,59,59,59,59,53,65,0,0],"gold":51,"neow_bonus":"BOSS_RELIC","is_daily":false,"chose_seed":false,"campfire_upgraded":2,"win_rate":0.0,"timestamp":1609846954,"path_taken":["M","M","M","M","?","E","R","M","T","?","$","E","M","?","R","BOSS","M","$","?","?","?","R","E"],"items_purchased_type":["Card","Card"],"build_version":"2020-12-22","purchased_purges":1,"victory":false,"max_hp_per_floor":[75,75,75,75,75,75,75,75,75,75,75,75,75,75,80,80,80,80,80,80,80,80,80,80,80],"relic_stats":{"counters":[11,43],"Sundial":[2],"Eternal Feather":21,"Pen Nib":[3],"Black Star":0,"obtain_stats":[{"Sundial":12,"Philosopher\u0027s Stone":0,"Eternal Feather":9,"Pen Nib":14,"Black Star":17,"Toxic Egg 2":6,"Burning Blood":0},{"Sundial":7,"Philosopher\u0027s Stone":0,"Eternal Feather":6,"Pen Nib":8,"Black Star":9,"Toxic Egg 2":5,"Burning Blood":0},{"Sundial":21,"Philosopher\u0027s Stone":0,"Eternal Feather":17,"Pen Nib":25,"Black Star":34,"Toxic Egg 2":15,"Burning Blood":0}]},"card_choices":[{"not_picked":["Havoc","Cleave"],"picked":"Wild Strike","floor":1},{"not_picked":["Clash","Clothesline"],"picked":"Inflame","floor":2},{"not_picked":["Clothesline","Anger"],"picked":"True Grit","floor":3},{"not_picked":["Perfected Strike","Clash"],"picked":"Heavy Blade","floor":4},{"not_picked":["Carnage","Headbutt"],"picked":"Double Tap+1","floor":6},{"not_picked":["Combust","Uppercut"],"picked":"Second Wind+1","floor":8},{"not_picked":["Clash","Heavy Blade"],"picked":"Entrench+1","floor":12},{"not_picked":["Heavy Blade","Clash"],"picked":"Headbutt","floor":13},{"not_picked":["Double Tap+1","Berserk"],"picked":"Fiend Fire","floor":16},{"not_picked":["Clothesline+1","Pommel Strike","Inflame"],"picked":"SKIP","floor":18}],"player_experience":1975664,"relics_obtained":[{"floor":6,"key":"Toxic Egg 2"},{"floor":9,"key":"Eternal Feather"},{"floor":12,"key":"Sundial"},{"floor":14,"key":"Pen Nib"}],"event_choices":[{"cards_removed":["Strike_R"],"damage_healed":0,"gold_gain":0,"player_choice":"Card Removal","damage_taken":0,"max_hp_gain":0,"max_hp_loss":0,"event_name":"The Cleric","floor":5,"gold_loss":75},{"damage_healed":0,"gold_gain":0,"cards_transformed":["Strike_R"],"player_choice":"Change","damage_taken":0,"max_hp_gain":0,"max_hp_loss":0,"event_name":"Living Wall","floor":10,"gold_loss":0,"cards_obtained":["Heavy Blade"]},{"damage_healed":0,"gold_gain":0,"player_choice":"Read","damage_taken":0,"max_hp_gain":0,"max_hp_loss":0,"event_name":"The Library","floor":20,"gold_loss":0,"cards_obtained":["Flame Barrier"]},{"damage_healed":0,"gold_gain":0,"player_choice":"Ignored","damage_taken":0,"max_hp_gain":0,"max_hp_loss":0,"event_name":"The Mausoleum","floor":21,"gold_loss":0},{"damage_healed":0,"gold_gain":0,"player_choice":"Joined the Cult","damage_taken":6,"max_hp_gain":0,"max_hp_loss":0,"event_name":"Nest","floor":22,"gold_loss":0,"cards_obtained":["RitualDagger"]}],"is_beta":false,"boss_relics":[{"not_picked":["Coffee Dripper","Busted Crown"],"picked":"Black Star"}],"items_purged_floors":[19],"is_endless":false,"potions_floor_spawned":[4,8,12,18],"killed_by":"Gremlin Leader","ascension_level":20}}