{"host":"qlj7f7zro8kbedlv","time":1609881176,"event":{"mods":["2.2 Compatiblity","Astrologer","Bard","BaseMod","Better Note","BetterRewards","Colored Map","Colored Powertips","Conspire","Downfall","Energized Spire","Friendly Minions","Hermit","Highlight Path","Hubris","Infinite Spire","Jorbs\u0027s Wanderer Trilogy","Mimic Mod","Minty Spire (QoL Compilation)","Rare Cards Sparkle","Replay The Spire","StSLib","The Bladedancer","The Cursed","The Elementalist","The Runesmith"],"gold_per_floor":[119,119,14,29,41,72,57,57,134,134,148,148,159,129,129,234,234,247,247,92,107,125,143,143,174,197,197,217,217,242,252,252,353,453,471,471,482,494,510,510,526,375,401,429,442,468,486,486,486,486,486],"floor_reached":50,"playtime":2494,"items_purged":["infinitespire:Oblivion"],"score":648,"play_id":"e2e0a098-2f7b-4183-ba0c-623936ec89fd","local_time":"20210105151256","is_ascension_mode":false,"campfire_choices":[{"data":"Loop","floor":8,"key":"SMITH"},{"data":"Consume","floor":10,"key":"SMITH"},{"floor":12,"key":"REST"},{"data":"Capacitor","floor":15,"key":"SMITH"},{"data":"Amplify","floor":24,"key":"SMITH"},{"data":"Hologram","floor":32,"key":"SMITH"},{"floor":40,"key":"REST"},{"floor":49,"key":"REST"}],"circlet_count":0,"master_deck":["Strike_B","Strike_B","Strike_B","Defend_B","Defend_B","Defend_B","Defend_B","Zap+1","Dualcast","Undo","Loop+1","Cold Snap","Leap","Consume+1","Auto Shields","Capacitor+1","Conserve Battery","Chill+1","Amplify+1","Go for the Eyes+1","hubris:Fate","Blizzard","Hologram+1","Reboot","FIFO Queue+1","Creative AI","Replay:Fractal Strike","ReplaySolidLightProjector"],"relics":["Cracked Core","CaptainsWheel","Matryoshka","conspire:SpecialSausage","hubris:BallOfYels","Anchor","hubris:CrystalStatue","Dream Catcher","Runesmith:Locket","energizedSpire:NeverEndingSparkler","Runesmith:Locket","Replay:Wanted Poster","Replay:Frozen Program","Art of War","Omamori","Onion Ring","ReplayTheSpireMod:Lightbulb"],"acts_visited":["Exordium","TheCity","TheBeyond"],"potions_floor_usage":[33,50,50],"damage_taken":[{"damage":0,"enemies":"conspire:RoseBush","floor":1,"turns":3},{"damage":1,"enemies":"Cultist","floor":4,"turns":4},{"damage":0,"enemies":"Small Slimes","floor":5,"turns":3},{"damage":23,"enemies":"Gremlin Nob","floor":6,"turns":6},{"damage":8,"enemies":"Exordium Thugs","floor":7,"turns":5},{"damage":8,"enemies":"Exordium Wildlife","floor":11,"turns":4},{"damage":3,"enemies":"3 Louse","floor":13,"turns":5},{"damage":0,"enemies":"Looter","floor":14,"turns":4},{"damage":6,"enemies":"Hexaghost","floor":16,"turns":13},{"damage":0,"enemies":"Chosen","floor":18,"turns":6},{"damage":0,"enemies":"conspire:FuzzyDice","floor":21,"turns":5},{"damage":0,"enemies":"Cultist and Chosen","floor":22,"turns":6},{"damage":0,"enemies":"Sentry and Sphere","floor":23,"turns":5},{"damage":5,"enemies":"Slavers","floor":25,"turns":18},{"damage":0,"enemies":"conspire:HollyBat","floor":28,"turns":10},{"damage":0,"enemies":"conspire:SneckoGhost","floor":30,"turns":8},{"damage":0,"enemies":"Centurion and Healer","floor":31,"turns":8},{"damage":0,"enemies":"Automaton","floor":33,"turns":8},{"damage":0,"enemies":"3 Shapes","floor":35,"turns":7},{"damage":1,"enemies":"Orb Walker","floor":37,"turns":5},{"damage":37,"enemies":"Maw","floor":38,"turns":11},{"damage":0,"enemies":"3 Darklings","floor":39,"turns":9},{"damage":0,"enemies":"Jaw Worm Horde","floor":41,"turns":6},{"damage":11,"enemies":"R_Hoarder","floor":44,"turns":8},{"damage":0,"enemies":"Maw","floor":45,"turns":7},{"damage":0,"enemies":"Reptomancer","floor":46,"turns":6},{"damage":0,"enemies":"4 Shapes","floor":47,"turns":5},{"damage":56,"enemies":"infinitespire:MassOfShapes","floor":50,"turns":4}],"seed_played":"1374386254199726724","potions_obtained":[{"floor":1,"key":"GamblersBrew"},{"floor":11,"key":"SpeedPotion"},{"floor":13,"key":"EssenceOfDarkness"},{"floor":16,"key":"LiquidMemories"},{"floor":21,"key":"CultistPotion"},{"floor":33,"key":"Dexterity Potion"},{"floor":41,"key":"FocusPotion"}],"is_trial":false,"path_per_floor":["M","?","$","M","M","E","M","R","T","R","M","R","M","M","R","B",null,"M","$","$","M","M","M","R","E","T","?","M","AVR","E","M","R","B",null,"M","?","M","M","M","R","M","$","T","E","M","E","M","?","R","B"],"character_chosen":"DEFECT","items_purchased":["Loop","Cold Snap","hubris:BallOfYels","Replay:Frozen Program"],"campfire_rested":3,"item_purchase_floors":[3,3,20,42],"current_hp_per_floor":[75,75,75,74,74,51,43,43,43,43,35,57,54,54,54,48,75,75,75,75,75,75,75,75,70,70,70,70,70,70,70,70,70,75,75,75,74,37,37,59,59,59,59,48,48,48,48,30,52,0,0],"gold":486,"neow_bonus":"UPGRADE_CARD","is_daily":false,"chose_seed":false,"campfire_upgraded":5,"win_rate":0.0,"timestamp":1609881176,"path_taken":["M","?","$","M","M","E","?","R","T","R","M","R","M","M","R","BOSS","M","?","$","?","M","M","R","E","T","?","M","AVR","E","M","R","BOSS","M","?","M","M","M","R","M","$","T","E","?","E","M","?","R","BOSS"],"items_purchased_type":["Card","Card","Relic","Relic"],"build_version":"2020-12-22","purchased_purges":1,"victory":false,"max_hp_per_floor":[75,75,75,75,75,75,75,75,75,75,75,75,75,75,75,75,75,75,75,75,75,75,75,75,75,75,75,75,75,75,75,75,75,75,75,75,75,75,75,75,75,75,75,75,75,75,75,75,75,75,75],"card_choices":[{"not_picked":["Barrage","Turbo"],"picked":"Undo","floor":1},{"not_picked":["Reprogram","Compile Driver"],"picked":"Leap","floor":4},{"not_picked":["Rebound","Recycle"],"picked":"Consume","floor":5},{"not_picked":["Redo","Panic Button"],"picked":"Auto Shields","floor":6},{"not_picked":["Aggregate","Hologram"],"picked":"Capacitor","floor":7},{"not_picked":["Auto Shields","ReplayTheSpireMod:Dual Polarity"],"picked":"Conserve Battery","floor":11},{"not_picked":["Reprogram","Beam Cell"],"picked":"Chill","floor":13},{"not_picked":["Stack","Force Field","Reinforced Body"],"picked":"SKIP","floor":14},{"not_picked":["hubris:SpecializedCircuitry","hubris:DoWhile"],"picked":"Amplify","floor":16},{"not_picked":["Compile Driver","conspire:Rain","ReplaySort+1"],"picked":"SKIP","floor":18},{"not_picked":["Glacier+1","Recycle","Gash"],"picked":"SKIP","floor":21},{"not_picked":["Reprogram+1","Cold Snap","Barrage"],"picked":"SKIP","floor":22},{"not_picked":["Auto Shields","Beam Cell","Cold Snap"],"picked":"SKIP","floor":23},{"not_picked":["Cold Snap","Machine Learning"],"picked":"Go for the Eyes+1","floor":25},{"not_picked":["hubris:PowerSurge","Coolheaded","Chill"],"picked":"SKIP","floor":28},{"not_picked":["Rebound+1","Darkness"],"picked":"Blizzard","floor":30},{"not_picked":["Beam Cell","BasicCrystalCard"],"picked":"Hologram","floor":31},{"not_picked":["Redo","Conserve Battery+1","Hologram+1"],"picked":"SKIP","floor":35},{"not_picked":["Sweeping Beam+1","Panic Button","Stack"],"picked":"SKIP","floor":37},{"not_picked":["Gash+1","Turbo+1"],"picked":"Reboot","floor":38},{"not_picked":["Streamline","Redo+1"],"picked":"FIFO Queue+1","floor":39},{"not_picked":["ReplayTheSpireMod:Calculation Training","Genetic Algorithm","Go for the Eyes+1"],"picked":"SKIP","floor":41},{"not_picked":["Go for the Eyes+1","ReplayTheSpireMod:GoodbyeWorld+1","Melter"],"picked":"SKIP","floor":44},{"not_picked":["FIFO Queue+1","Streamline"],"picked":"Creative AI","floor":45},{"not_picked":["Coolheaded","Hologram","hubris:Ukulele"],"picked":"SKIP","floor":46},{"not_picked":["Hologram","ReplayTheSpireMod:Reroute Power","Coolheaded"],"picked":"SKIP","floor":47},{"not_picked":["infinitespire:TheBestDefense","infinitespire:Starlight"],"picked":"Replay:Fractal Strike","floor":48},{"not_picked":["Gash+1","Turbo"],"picked":"ReplaySolidLightProjector","floor":49}],"player_experience":111571,"relics_obtained":[{"floor":6,"key":"CaptainsWheel"},{"floor":9,"key":"Matryoshka"},{"floor":25,"key":"Anchor"},{"floor":26,"key":"hubris:CrystalStatue"},{"floor":26,"key":"Dream Catcher"},{"floor":30,"key":"Runesmith:Locket"},{"floor":43,"key":"Art of War"},{"floor":43,"key":"Omamori"},{"floor":44,"key":"Onion Ring"},{"floor":46,"key":"ReplayTheSpireMod:Lightbulb"}],"event_choices":[{"cards_removed":["Strike_B"],"damage_healed":0,"gold_gain":0,"player_choice":"Purged","damage_taken":0,"max_hp_gain":0,"max_hp_loss":0,"event_name":"Purifier","floor":2,"gold_loss":0},{"damage_healed":0,"gold_gain":0,"player_choice":"Upgraded","damage_taken":0,"max_hp_gain":0,"max_hp_loss":0,"event_name":"Upgrade Shrine","floor":27,"gold_loss":0,"cards_upgraded":["Chill"]},{"damage_healed":0,"gold_gain":0,"player_choice":"Ignored","damage_taken":0,"max_hp_gain":0,"max_hp_loss":0,"event_name":"betterNote:BetterNote","floor":36,"gold_loss":0,"cards_obtained":["Strike_R"]}],"is_beta":false,"boss_relics":[{"not_picked":["Snecko Eye","Coffee Dripper"],"picked":"conspire:SpecialSausage"},{"not_picked":["energizedSpire:MagnifyingGlass","Empty Cage"],"picked":"Replay:Wanted Poster"}],"items_purged_floors":[29],"is_endless":false,"potions_floor_spawned":[1,11,13,16,21,25,31,33,35,38,41,47],"killed_by":"infinitespire:MassOfShapes","ascension_level":0}}