{"host":"appz8zkad29u9482","time":1609810754,"event":{"mods":["2.2 Compatiblity","Act Like it!","Aspiration","BaseMod","Beaked The Cultist","Better Altar","Better Match","Better Note","Better Skull","Better Third Choice","BetterRewards","CapriCore","Conspire","Disable Question Mark Monsters","Energized Spire","Gensokyo","GifTheSpireLib","Gold Saver","Halation","Hermit","Hubris","Infinite Spire","Jedi Mod","Jorbs\u0027s Wanderer Trilogy","Koishi","Marisa????????","Minty Spire (QoL Compilation)","Permanent Neow","Reimu??????","Replay The Spire","Spicy Shops","StSLib","Strawberry Spire","Stuff the Spire","The Administrix","The Cursed","The Hierophant","The Immortal","The Marked","The Servant 0.9.4","yUi"],"gold_per_floor":[130,143,68,85,101,101,119,136,136,154,170,170,204,219,219,323,323,340,354,304,304,152,152,152],"floor_reached":23,"playtime":1274,"items_purged":[],"score":207,"play_id":"e90497bc-76d5-4e4c-8ac9-887a17ff4940","local_time":"20210104153914","is_ascension_mode":true,"campfire_choices":[{"data":"StuffTheSpire:LoadUp","floor":6.0,"key":"SMITH"},{"floor":15.0,"key":"REST"}],"circlet_count":0,"master_deck":["Zap","Dualcast+1","Redo","StuffTheSpire:LoadUp+1","Leap+1","Defragment+1","Coolheaded","jedi:blockon","jedi:BurstFrost","Amplify","Crystallizer","jedi:BurstFrost","jedi:BurstDark","Melter","Compile Driver","StuffTheSpire:Synthwave","Conserve Battery","strawberrySpire:ReturnNull","jedi:bruteforce","Rebound","StuffTheSpire:Coldhearted","jedi:markofdeath","Strike_B","Fusion","StuffTheSpire:Harmony"],"relics":["Cracked Core","Iron Hammer","infinitespire:Freezer","Pandora\u0027s Box","Gremlin Food","energizedSpire:HugeHouse","StuffTheSpire:Experiment12"],"acts_visited":["Exordium","TheCity"],"potions_floor_usage":[16,16,23,23],"damage_taken":[{"damage":1.0,"enemies":"Cultist","floor":1.0,"turns":4.0},{"damage":1.0,"enemies":"Jaw Worm","floor":2.0,"turns":3.0},{"damage":3.0,"enemies":"Small Slimes","floor":4.0,"turns":3.0},{"damage":7.0,"enemies":"Looter","floor":5.0,"turns":4.0},{"damage":14.0,"enemies":"3 Louse","floor":7.0,"turns":2.0},{"damage":4.0,"enemies":"Exordium Thugs","floor":8.0,"turns":4.0},{"damage":0.0,"enemies":"2 Fungi Beasts","floor":10.0,"turns":2.0},{"damage":8.0,"enemies":"Large Slime","floor":11.0,"turns":4.0},{"damage":30.0,"enemies":"Gremlin Nob","floor":13.0,"turns":5.0},{"damage":0.0,"enemies":"Blue Slaver","floor":14.0,"turns":2.0},{"damage":1,"enemies":"Slime Boss","floor":16,"turns":10},{"damage":16,"enemies":"2 Thieves","floor":18,"turns":3},{"damage":0,"enemies":"Spheric Guardian","floor":19,"turns":1},{"damage":68,"enemies":"Gremlin Leader","floor":23,"turns":8}],"seed_played":"4437909187659698164","potions_obtained":[{"floor":1.0,"key":"jedi:coolantleak"},{"floor":2.0,"key":"Strength Potion"},{"floor":8.0,"key":"jedi:tentaclejuice"},{"floor":13.0,"key":"DuplicationPotion"},{"floor":14.0,"key":"Flashbang"},{"floor":16,"key":"PowerPotion"},{"floor":18,"key":"jedi:StrikingPotion"}],"is_trial":false,"path_per_floor":["M","M","?","M","M","R","M","M","T","M","M","?","E","M","R","B",null,"M","M","AVR","?","?","E"],"character_chosen":"DEFECT","items_purchased":[],"campfire_rested":1,"item_purchase_floors":[],"current_hp_per_floor":[74,73,73,70,63,63,49,45,45,45,37,37,7,7,29,28,75,59,59,59,59,59,0,0],"gold":152,"neow_bonus":"UPGRADE_CARD","is_daily":false,"chose_seed":false,"campfire_upgraded":1,"win_rate":0.0,"timestamp":1609810754,"path_taken":["M","M","?","M","M","R","?","M","T","?","M","?","E","M","R","BOSS","M","M","AVR","?","?","E"],"items_purchased_type":[],"build_version":"2020-12-22","purchased_purges":0,"victory":false,"max_hp_per_floor":[75,75,75,75,75,75,75,75,75,75,75,75,75,75,75,75,75,75,75,70,70,70,70,70],"card_choices":[{"not_picked":["Turbo","StuffTheSpire:NuclearReactor"],"picked":"Redo","floor":1.0},{"not_picked":["Steam Power","Sweeping Beam"],"picked":"StuffTheSpire:LoadUp","floor":2.0},{"not_picked":["strawberrySpire:NeonFlight+1","Compile Driver+1"],"picked":"Leap+1","floor":3.0},{"not_picked":["Reprogram+1","jedi:sharpshooter+1"],"picked":"Defragment+1","floor":3.0},{"not_picked":["Reprogram","strawberrySpire:DataDump","Double Energy"],"picked":"SKIP","floor":4.0},{"not_picked":["Stack","Chill"],"picked":"Coolheaded","floor":5.0},{"not_picked":["jedi:BurstLightning","strawberrySpire:FocalLaser"],"picked":"jedi:blockon","floor":7.0},{"not_picked":["StuffTheSpire:Plugnplay","Stack"],"picked":"jedi:BurstFrost","floor":8.0},{"not_picked":["Beam Cell","Go for the Eyes"],"picked":"aspiration:Polymerization","floor":10.0},{"not_picked":["jedi:BurstLightning","Beam Cell"],"picked":"Amplify","floor":11.0},{"not_picked":["BasicCrystalCard","Beam Cell"],"picked":"Crystallizer","floor":13.0},{"not_picked":["Streamline","Conserve Battery"],"picked":"jedi:BurstFrost","floor":14.0},{"not_picked":["Reboot","Amplify"],"picked":"jedi:BurstDark","floor":16},{"not_picked":["Streamline","Steam Power+1"],"picked":"jedi:markofdeath","floor":18},{"not_picked":["Beam Cell","Gash+1","ReplayTheSpireMod:System Scan"],"picked":"SKIP","floor":19}],"player_experience":464930,"relics_obtained":[{"floor":9.0,"key":"Iron Hammer"},{"floor":13.0,"key":"infinitespire:Freezer"},{"floor":21,"key":"StuffTheSpire:Experiment12"}],"event_choices":[{"damage_healed":0.0,"max_hp_gain":0.0,"max_hp_loss":0.0,"gold_gain":0.0,"event_name":"betterMatch:BetterMatch","player_choice":"2","floor":3.0,"gold_loss":0.0,"damage_taken":0.0,"cards_obtained":["betterMatch:CommonCard","betterMatch:UncommonCard"]}],"is_beta":false,"boss_relics":[{"not_picked":["aspiration:FutureDiary","Empty Cage"],"picked":"Pandora\u0027s Box"}],"items_purged_floors":[],"is_endless":false,"potions_floor_spawned":[1,2,8,13,14,16,18],"killed_by":"Gremlin Leader","ascension_level":1}}