{"host":"o6577qjz5o18w0y8","time":1609838303,"event":{"mods":["AchievementEnabler","BaseMod","BetterRewards","Downfall","Minty Spire (QoL Compilation)","StSLib"],"gold_per_floor":[111,77,91,103,178,210,210,210,210,210,28,203,203,203,203,303,303,319,319,331,255,354,388,388,588,660,151,171,171,171,182,182,280,280,292,204,254,254,218,218,235,235,235,235,125,136,136,136,136,136],"floor_reached":51,"playtime":3047,"items_purged":["Doubt"],"score":730,"play_id":"940519be-3c76-45ce-97f0-14392209bb81","local_time":"20210105101823","is_ascension_mode":false,"campfire_choices":[{"floor":8.0,"key":"REST"},{"data":"Apotheosis","floor":13.0,"key":"SMITH"},{"floor":15.0,"key":"REST"},{"floor":24.0,"key":"REST"},{"floor":30.0,"key":"REST"},{"floor":32.0,"key":"REST"},{"floor":40.0,"key":"REST"},{"data":"Hello World","floor":42.0,"key":"SMITH"},{"floor":49,"key":"REST"}],"circlet_count":0,"master_deck":["Strike_B","Strike_B","Strike_B","Strike_B","Defend_B+1","Defend_B","Defend_B","Defend_B+1","Zap","Dualcast","Gash","Melter","Chaos+1","Hello World+1","Hello World+1","Apotheosis+1","Core Surge","Gash","Gash","Auto Shields","Gash","Electrodynamics","Metamorphosis","Capacitor","Gash","Rainbow","Scrape","Gash","Chill","Coolheaded+1","Secret Weapon","Discovery","Go for the Eyes"],"relics":["Cracked Core","Lizard Tail","Mercury Hourglass","WingedGreaves","SacredBark","HornCleat","Pear","Membership Card","Lantern","Question Card","Nilry\u0027s Codex","Nuclear Battery","HandDrill","Thread and Needle","Bottled Lightning","Strawberry"],"acts_visited":["Exordium","TheCity","TheBeyond"],"potions_floor_usage":[50,50,50],"damage_taken":[{"damage":0.0,"enemies":"Cultist","floor":1.0,"turns":4.0},{"damage":3.0,"enemies":"Jaw Worm","floor":3.0,"turns":3.0},{"damage":0.0,"enemies":"2 Louse","floor":4.0,"turns":3.0},{"damage":24.0,"enemies":"Lagavulin","floor":6.0,"turns":6.0},{"damage":27.0,"enemies":"The Guardian","floor":16.0,"turns":8.0},{"damage":2.0,"enemies":"Spheric Guardian","floor":18.0,"turns":3.0},{"damage":17.0,"enemies":"3 Byrds","floor":20.0,"turns":4.0},{"damage":20.0,"enemies":"Gremlin Leader","floor":23.0,"turns":6.0},{"damage":10.0,"enemies":"Snake Plant","floor":28.0,"turns":4.0},{"damage":30.0,"enemies":"Centurion and Healer","floor":31.0,"turns":5.0},{"damage":20.0,"enemies":"Automaton","floor":33.0,"turns":10.0},{"damage":22.0,"enemies":"3 Shapes","floor":35.0,"turns":3.0},{"damage":0.0,"enemies":"Mind Bloom Boss Battle","floor":37.0,"turns":4.0},{"damage":11.0,"enemies":"Orb Walker","floor":41.0,"turns":3.0},{"damage":28,"enemies":"Spire Growth","floor":46,"turns":5},{"damage":70,"enemies":"Time Eater","floor":50,"turns":7}],"seed_played":"1037346652363559846","potions_obtained":[{"floor":0.0,"key":"Weak Potion"},{"floor":0.0,"key":"EssenceOfDarkness"},{"floor":0.0,"key":"Strength Potion"},{"floor":4.0,"key":"Fruit Juice"},{"floor":6.0,"key":"FocusPotion"},{"floor":18.0,"key":"ColorlessPotion"},{"floor":37.0,"key":"CultistPotion"}],"is_trial":false,"path_per_floor":["M","$","M","M","?","E","?","R","T","?","$","?","R","T","R","B",null,"M","?","M","$","?","E","R","?","T","$","M","?","R","M","R","B",null,"M","$","?","?","$","R","M","R","T","?","$","M","?","$","R","B",null],"character_chosen":"DEFECT","items_purchased":["Melter","Apotheosis","Auto Shields","Membership Card","Electrodynamics","Metamorphosis","Lantern","Question Card","Gash","HandDrill","Chill","Strawberry"],"campfire_rested":7,"item_purchase_floors":[2,11,21,27,27,27,27,27,36,36,39,45],"current_hp_per_floor":[75,75,72,77,66,42,26,50,50,50,50,50,50,50,74,47,80,78,78,61,61,61,41,65,65,75,75,65,49,76,46,73,53,90,68,68,68,68,68,90,79,79,79,74,81,53,53,53,82,12],"gold":136,"neow_bonus":"THREE_SMALL_POTIONS","is_daily":false,"chose_seed":false,"campfire_upgraded":2,"win_rate":0.0,"timestamp":1609838303,"path_taken":["M","$","?","M","?","E","?","R","T","?","?","?","R","?","R","BOSS","M","?","?","$","?","E","R","?","T","$","?","?","R","M","R","BOSS","M","$","?","?","$","R","?","R","T","?","$","M","?","?","R","BOSS"],"items_purchased_type":["Card","Card","Card","Relic","Card","Card","Relic","Relic","Card","Relic","Card","Relic"],"build_version":"2020-12-22","purchased_purges":1,"victory":true,"max_hp_per_floor":[75,75,75,80,80,80,80,80,80,80,80,80,80,80,80,80,80,80,80,80,80,80,80,80,80,90,90,90,90,90,90,90,90,90,90,90,90,90,90,90,90,90,90,90,97,97,97,97,97,97],"card_choices":[{"not_picked":["Compile Driver","Coolheaded"],"picked":"Gash","floor":1.0},{"not_picked":["Doom and Gloom","Rebound"],"picked":"Chaos","floor":3.0},{"not_picked":["Consume","Darkness"],"picked":"Hello World","floor":4.0},{"not_picked":["Hologram","Sunder"],"picked":"Hello World","floor":6.0},{"not_picked":["Echo Form","Buffer"],"picked":"Core Surge","floor":16.0},{"not_picked":["Barrage","Hologram"],"picked":"Gash","floor":18.0},{"not_picked":["Aggregate","Turbo+1"],"picked":"Gash","floor":20.0},{"not_picked":["Aggregate","Core Surge"],"picked":"Gash","floor":23.0},{"not_picked":["Reprogram","Heatsinks","Leap"],"picked":"Capacitor","floor":28.0},{"not_picked":["Ball Lightning+1","Sweeping Beam+1","Compile Driver"],"picked":"Gash","floor":31.0},{"not_picked":["Core Surge","Fission","Machine Learning"],"picked":"Rainbow","floor":33.0},{"not_picked":["Ball Lightning+1","Stack","Cold Snap"],"picked":"Scrape","floor":35.0},{"not_picked":["Conserve Battery+1","Genetic Algorithm+1","Glacier"],"picked":"Coolheaded+1","floor":41.0},{"not_picked":["Panache","expansioncontent:DefensiveStance","expansioncontent:DecasProtection"],"picked":"Secret Weapon","floor":44.0},{"not_picked":["expansioncontent:FaceSlap","expansioncontent:Collect","Mayhem"],"picked":"Discovery","floor":44.0},{"not_picked":["Steam+1","Turbo","Consume+1"],"picked":"Go for the Eyes","floor":46}],"player_experience":79238,"relics_obtained":[{"floor":6.0,"key":"Lizard Tail"},{"floor":9.0,"key":"Mercury Hourglass"},{"floor":14.0,"key":"WingedGreaves"},{"floor":23.0,"key":"HornCleat"},{"floor":26.0,"key":"Pear"},{"floor":29.0,"key":"Nilry\u0027s Codex"},{"floor":37.0,"key":"Thread and Needle"},{"floor":43.0,"key":"Bottled Lightning"}],"event_choices":[{"damage_healed":0.0,"max_hp_gain":0.0,"max_hp_loss":0.0,"gold_gain":75.0,"event_name":"World of Goop","player_choice":"Gather Gold","floor":5.0,"gold_loss":0.0,"damage_taken":11.0},{"damage_healed":0.0,"max_hp_gain":0.0,"max_hp_loss":0.0,"gold_gain":0.0,"event_name":"Shining Light","player_choice":"Entered Light","floor":7.0,"gold_loss":0.0,"damage_taken":16.0,"cards_upgraded":["Defend_B","Defend_B"]},{"damage_healed":0.0,"max_hp_gain":0.0,"max_hp_loss":0.0,"gold_gain":0.0,"event_name":"Living Wall","player_choice":"Grow","floor":10.0,"gold_loss":0.0,"damage_taken":0.0,"cards_upgraded":["Chaos"]},{"damage_healed":0.0,"max_hp_gain":0.0,"max_hp_loss":0.0,"gold_gain":175.0,"event_name":"Liars Game","player_choice":"AGREE","floor":12.0,"gold_loss":0.0,"damage_taken":0.0,"cards_obtained":["Doubt"]},{"damage_healed":0.0,"max_hp_gain":0.0,"max_hp_loss":0.0,"gold_gain":0.0,"event_name":"Upgrade Shrine","player_choice":"Upgraded","floor":19.0,"gold_loss":0.0,"damage_taken":0.0,"cards_upgraded":["Hello World"]},{"damage_healed":0.0,"max_hp_gain":0.0,"max_hp_loss":0.0,"gold_gain":99.0,"event_name":"Nest","player_choice":"Stole From Cult","floor":22.0,"gold_loss":0.0,"damage_taken":0.0},{"damage_healed":0.0,"max_hp_gain":0.0,"max_hp_loss":0.0,"gold_gain":200.0,"event_name":"Wheel of Change","player_choice":"Gold","floor":25.0,"gold_loss":0.0,"damage_taken":0.0},{"damage_healed":0.0,"max_hp_gain":0.0,"max_hp_loss":0.0,"gold_gain":0.0,"event_name":"Cursed Tome","player_choice":"Obtained Book","floor":29.0,"gold_loss":0.0,"damage_taken":16.0},{"damage_healed":0.0,"max_hp_gain":0.0,"max_hp_loss":0.0,"gold_gain":0.0,"event_name":"MindBloom","player_choice":"Fight","floor":37.0,"gold_loss":0.0,"damage_taken":0.0},{"damage_healed":0.0,"max_hp_gain":0.0,"max_hp_loss":0.0,"gold_gain":0.0,"event_name":"Mysterious Sphere","player_choice":"Ignored","floor":38.0,"gold_loss":0.0,"damage_taken":0.0},{"damage_healed":0.0,"max_hp_gain":0.0,"max_hp_loss":0.0,"gold_gain":0.0,"event_name":"SensoryStone","player_choice":"Memory 2","floor":44.0,"gold_loss":0.0,"damage_taken":5.0},{"damage_healed":0,"gold_gain":0,"player_choice":"Ignored","damage_taken":0,"max_hp_gain":0,"max_hp_loss":0,"event_name":"Tomb of Lord Red Mask","floor":47,"gold_loss":0}],"is_beta":false,"boss_relics":[{"not_picked":["Inserter","Runic Dome"],"picked":"SacredBark"},{"not_picked":["Runic Pyramid","Calling Bell"],"picked":"Nuclear Battery"}],"items_purged_floors":[45],"is_endless":false,"potions_floor_spawned":[4,6,18,37],"ascension_level":0}}