{"host":"w9yruvs4bqht6bhw","time":1609818642,"event":{"mods":["BaseMod","Colored Powertips","Minty Spire (QoL Compilation)"],"gold_per_floor":[115,126,44,44,64,96,110,124,178,178,178,205,205,239,239,239,239],"floor_reached":16,"playtime":530,"items_purged":[],"score":157,"play_id":"83775f24-1ebc-4183-b63e-dbd2c54c609b","local_time":"20210104225042","is_ascension_mode":true,"campfire_choices":[{"data":"Rampage","floor":10,"key":"SMITH"},{"data":"Infernal Blade","floor":13,"key":"SMITH"},{"floor":15,"key":"REST"}],"circlet_count":0,"master_deck":["Strike_R","Strike_R","Strike_R","Strike_R","Strike_R","Defend_R","Defend_R","Defend_R","Defend_R","Bash","Clash","Rampage+1","Inflame","Uppercut+1","Shrug It Off","Infernal Blade+1"],"relics":["Burning Blood","NeowsBlessing","Du-Vu Doll","CeramicFish","The Courier"],"acts_visited":["Exordium"],"potions_floor_usage":[16,16,16],"damage_taken":[{"damage":0,"enemies":"Small Slimes","floor":1,"turns":1},{"damage":0,"enemies":"Cultist","floor":2,"turns":1},{"damage":0,"enemies":"Jaw Worm","floor":5,"turns":1},{"damage":40,"enemies":"3 Sentries","floor":6,"turns":10},{"damage":19,"enemies":"Exordium Thugs","floor":7,"turns":5},{"damage":0,"enemies":"Exordium Wildlife","floor":8,"turns":3},{"damage":1,"enemies":"2 Fungi Beasts","floor":12,"turns":3},{"damage":35,"enemies":"Lagavulin","floor":14,"turns":5},{"damage":45,"enemies":"The Guardian","floor":16,"turns":11}],"seed_played":"3901577548717219878","potions_obtained":[{"floor":6,"key":"SteroidPotion"},{"floor":8,"key":"Energy Potion"},{"floor":12,"key":"Block Potion"}],"is_trial":false,"path_per_floor":["M","M","$","?","M","E","M","M","T","R","?","M","R","E","R","B"],"character_chosen":"IRONCLAD","items_purchased":["Rampage"],"campfire_rested":1,"item_purchase_floors":[3],"current_hp_per_floor":[78,80,80,80,80,46,33,39,39,39,39,44,44,15,39,0,0],"gold":239,"neow_bonus":"THREE_ENEMY_KILL","is_daily":false,"chose_seed":false,"campfire_upgraded":2,"win_rate":0.0,"timestamp":1609818642,"path_taken":["M","M","$","?","?","E","M","M","T","R","?","M","R","E","R","BOSS"],"items_purchased_type":["Card"],"build_version":"2020-12-22","purchased_purges":0,"victory":false,"max_hp_per_floor":[80,80,80,80,80,80,80,80,80,80,80,80,80,80,80,80,80],"card_choices":[{"not_picked":["Pommel Strike","Havoc","Iron Wave"],"picked":"SKIP","floor":1},{"not_picked":["Dual Wield","Warcry"],"picked":"Clash","floor":2},{"not_picked":["Body Slam","Searing Blow"],"picked":"Inflame","floor":5},{"not_picked":["Pommel Strike","Limit Break"],"picked":"Uppercut","floor":6},{"not_picked":["Armaments","Iron Wave"],"picked":"Shrug It Off","floor":7},{"not_picked":["Twin Strike","Sword Boomerang","Entrench"],"picked":"SKIP","floor":8},{"not_picked":["Dark Embrace","Body Slam"],"picked":"Infernal Blade","floor":12},{"not_picked":["Burning Pact","Inflame","Dark Embrace"],"picked":"SKIP","floor":14}],"player_experience":334704,"relics_obtained":[{"floor":6,"key":"Du-Vu Doll"},{"floor":9,"key":"CeramicFish"},{"floor":14,"key":"The Courier"}],"event_choices":[{"damage_healed":0,"gold_gain":0,"player_choice":"Ignored","damage_taken":0,"max_hp_gain":0,"max_hp_loss":0,"event_name":"WeMeetAgain","floor":4,"gold_loss":0},{"damage_healed":0,"gold_gain":0,"player_choice":"Upgraded","damage_taken":0,"max_hp_gain":0,"max_hp_loss":0,"event_name":"Upgrade Shrine","floor":11,"gold_loss":0,"cards_upgraded":["Uppercut"]}],"is_beta":false,"boss_relics":[],"items_purged_floors":[],"is_endless":false,"potions_floor_spawned":[6,8,12],"killed_by":"The Guardian","ascension_level":8}}