{"host":"zcz0awyw9el3eccp","time":1609886855,"event":{"mods":["AchievementEnabler","BaseMod","Colored Powertips","Minty Spire (QoL Compilation)","Quick Restart"],"gold_per_floor":[115,115,128,53,3,3,37,14,14,14,14],"floor_reached":10,"playtime":279,"items_purged":["Strike_R"],"score":70,"play_id":"cb97b156-12af-4d37-b2e9-e9d410a19f8e","local_time":"20210105234735","is_ascension_mode":true,"campfire_choices":[],"circlet_count":0,"master_deck":["Strike_R","Strike_R","Strike_R","Defend_R","Defend_R","Defend_R","Defend_R","Bash","Enlightenment+1","Headbutt","Sword Boomerang","Evolve","Thunderclap"],"relics":["Burning Blood","Incense Burner","Bottled Lightning"],"acts_visited":["Exordium"],"potions_floor_usage":[],"damage_taken":[{"damage":7,"enemies":"Small Slimes","floor":1,"turns":3},{"damage":1,"enemies":"Cultist","floor":3,"turns":4},{"damage":31,"enemies":"Gremlin Nob","floor":7,"turns":4},{"damage":21,"enemies":"Lagavulin","floor":10,"turns":5}],"seed_played":"-442209016269068036","potions_obtained":[{"floor":6,"key":"Explosive Potion"},{"floor":6,"key":"LiquidBronze"},{"floor":6,"key":"FairyPotion"}],"is_trial":false,"path_per_floor":["M","?","M","$","?","?","E","$","T","E"],"character_chosen":"IRONCLAD","items_purchased":["Thunderclap"],"campfire_rested":0,"item_purchase_floors":[8],"current_hp_per_floor":[79,79,80,80,80,80,55,55,55,34,34],"gold":14,"neow_bonus":"RANDOM_COLORLESS","is_daily":false,"chose_seed":false,"campfire_upgraded":0,"win_rate":0.0,"timestamp":1609886855,"path_taken":["M","?","?","$","?","?","E","$","T","E"],"items_purchased_type":["Card"],"build_version":"2020-12-22","purchased_purges":1,"victory":false,"max_hp_per_floor":[80,80,80,80,80,80,80,80,80,80,80],"card_choices":[{"not_picked":["Madness","Purity"],"picked":"Enlightenment","floor":0},{"not_picked":["Clash","Iron Wave"],"picked":"Headbutt","floor":1},{"not_picked":["Perfected Strike","Cleave"],"picked":"Sword Boomerang","floor":3},{"not_picked":["Brutality","Feed"],"picked":"Evolve","floor":7}],"player_experience":86789,"relics_obtained":[{"floor":7,"key":"Incense Burner"},{"floor":9,"key":"Bottled Lightning"}],"event_choices":[{"damage_healed":0,"gold_gain":0,"player_choice":"Forge","damage_taken":0,"max_hp_gain":0,"max_hp_loss":0,"event_name":"Accursed Blacksmith","floor":2,"gold_loss":0,"cards_upgraded":["Enlightenment"]},{"cards_removed":["Strike_R"],"damage_healed":0,"gold_gain":0,"player_choice":"Card Removal","damage_taken":0,"max_hp_gain":0,"max_hp_loss":0,"event_name":"The Cleric","floor":5,"gold_loss":50},{"damage_healed":0,"gold_gain":0,"player_choice":"Got Potions","damage_taken":0,"max_hp_gain":0,"max_hp_loss":0,"event_name":"Lab","floor":6,"gold_loss":0}],"is_beta":false,"boss_relics":[],"items_purged_floors":[4],"is_endless":false,"potions_floor_spawned":[],"killed_by":"Lagavulin","ascension_level":2}}