{"host":"9hmnsypyq1c5u7i3","time":1609825389,"event":{"mods":["BaseMod","Minty Spire (QoL Compilation)","StSLib"],"gold_per_floor":[112,122,122,140,154,154,182,202,229,254,274,150,150,188,188,274,274,284,19,44,68,95,95,95],"floor_reached":23,"playtime":3214,"items_purged":["Strike_R","Strike_R"],"score":460,"play_id":"880789df-a266-4aa9-9a60-cb8b7fc589d8","local_time":"20210104234309","is_ascension_mode":true,"campfire_choices":[{"data":"Dual Wield","floor":6.0,"key":"SMITH"},{"data":"Searing Blow","floor":13.0,"key":"SMITH"},{"data":"Searing Blow+1","floor":15.0,"key":"SMITH"}],"circlet_count":0,"master_deck":["AscendersBane","Strike_R","Strike_R","Strike_R","Defend_R","Defend_R","Defend_R","Defend_R","Bash+1","Feed+1","True Grit","Iron Wave+1","Dual Wield+1","Ghostly Armor","Searing Blow+2","Cleave","Spot Weakness","Offering","Pummel","Disarm","Combust"],"relics":["Burning Blood","Whetstone","Bag of Preparation","CeramicFish","Odd Mushroom","Velvet Choker","Frozen Eye"],"acts_visited":["Exordium","TheCity"],"potions_floor_usage":[23],"damage_taken":[{"damage":2.0,"enemies":"Small Slimes","floor":1.0,"turns":5.0},{"damage":7.0,"enemies":"Cultist","floor":2.0,"turns":5.0},{"damage":2.0,"enemies":"2 Louse","floor":4.0,"turns":3.0},{"damage":6.0,"enemies":"Looter","floor":5.0,"turns":4.0},{"damage":53.0,"enemies":"3 Sentries","floor":7.0,"turns":10.0},{"damage":1.0,"enemies":"Exordium Wildlife","floor":8.0,"turns":3.0},{"damage":25.0,"enemies":"Gremlin Nob","floor":10.0,"turns":4.0},{"damage":19.0,"enemies":"3 Louse","floor":11.0,"turns":6.0},{"damage":5.0,"enemies":"The Mushroom Lair","floor":14.0,"turns":4.0},{"damage":36.0,"enemies":"Slime Boss","floor":16.0,"turns":11.0},{"damage":33.0,"enemies":"Chosen","floor":18.0,"turns":5.0},{"damage":25.0,"enemies":"Shell Parasite","floor":20.0,"turns":5.0},{"damage":22.0,"enemies":"3 Cultists","floor":21.0,"turns":5.0},{"damage":28.0,"enemies":"Centurion and Healer","floor":22.0,"turns":6.0},{"damage":38,"enemies":"Book of Stabbing","floor":23,"turns":3}],"seed_played":"-2118060229802549653","potions_obtained":[{"floor":2.0,"key":"ColorlessPotion"},{"floor":5.0,"key":"Explosive Potion"},{"floor":8.0,"key":"LiquidMemories"},{"floor":11.0,"key":"PowerPotion"},{"floor":16.0,"key":"LiquidBronze"},{"floor":21.0,"key":"Fire Potion"}],"is_trial":false,"path_per_floor":["M","M","?","M","M","R","E","M","T","E","M","$","R","?","R","B",null,"M","$","M","M","M","E"],"character_chosen":"IRONCLAD","items_purchased":["Cleave","Frozen Eye"],"campfire_rested":0,"item_purchase_floors":[12,19],"current_hp_per_floor":[71,73,73,78,78,78,35,48,48,33,32,32,32,37,37,19,96,69,69,54,46,32,0,0],"gold":95,"neow_bonus":"THREE_RARE_CARDS","is_daily":false,"chose_seed":false,"campfire_upgraded":3,"win_rate":0.0,"timestamp":1609825389,"path_taken":["M","M","?","M","M","R","E","M","T","E","M","$","R","?","R","BOSS","M","$","M","M","M","E"],"items_purchased_type":["Card","Relic"],"build_version":"2020-12-22","purchased_purges":2,"victory":false,"max_hp_per_floor":[71,74,74,78,78,78,82,90,90,94,106,106,106,110,110,122,122,122,122,126,134,142,142,142],"card_choices":[{"not_picked":["Double Tap","Juggernaut"],"picked":"Feed","floor":0.0},{"not_picked":["Heavy Blade","Clash"],"picked":"True Grit","floor":1.0},{"not_picked":["Havoc","Wild Strike"],"picked":"Iron Wave","floor":2.0},{"not_picked":["Rampage","Headbutt","Perfected Strike"],"picked":"SKIP","floor":4.0},{"not_picked":["Rage","Thunderclap"],"picked":"Dual Wield","floor":5.0},{"not_picked":["Double Tap","Iron Wave"],"picked":"Ghostly Armor","floor":7.0},{"not_picked":["Shockwave","Iron Wave"],"picked":"Searing Blow","floor":8.0},{"not_picked":["Body Slam","Shrug It Off","Twin Strike"],"picked":"SKIP","floor":10.0},{"not_picked":["Feel No Pain","Dark Embrace","Hemokinesis"],"picked":"SKIP","floor":11.0},{"not_picked":["Whirlwind","Havoc"],"picked":"Spot Weakness","floor":14.0},{"not_picked":["Juggernaut","Reaper"],"picked":"Offering","floor":16.0},{"not_picked":["Spot Weakness","Anger","Armaments"],"picked":"SKIP","floor":18.0},{"not_picked":["Cleave","Hemokinesis"],"picked":"Pummel","floor":20.0},{"not_picked":["Clash","Clothesline"],"picked":"Disarm","floor":21.0},{"not_picked":["Pommel Strike","Clash"],"picked":"Combust","floor":22.0}],"player_experience":792156,"relics_obtained":[{"floor":7.0,"key":"Whetstone"},{"floor":9.0,"key":"Bag of Preparation"},{"floor":10.0,"key":"CeramicFish"},{"floor":14.0,"key":"Odd Mushroom"}],"event_choices":[{"damage_healed":0.0,"max_hp_gain":0.0,"max_hp_loss":0.0,"gold_gain":0.0,"event_name":"Living Wall","player_choice":"Grow","floor":3.0,"gold_loss":0.0,"damage_taken":0.0,"cards_upgraded":["Feed"]},{"damage_healed":0.0,"max_hp_gain":0.0,"max_hp_loss":0.0,"gold_gain":0.0,"event_name":"Mushrooms","player_choice":"Fought Mushrooms","floor":14.0,"gold_loss":0.0,"damage_taken":0.0}],"is_beta":false,"boss_relics":[{"not_picked":["Empty Cage","Calling Bell"],"picked":"Velvet Choker"}],"items_purged_floors":[12,19],"is_endless":false,"potions_floor_spawned":[2,5,8,11,16,21],"killed_by":"Book of Stabbing","ascension_level":20}}