{"host":"ydb2tj77qwtn71sy","time":1609865734,"event":{"mods":["2.2 Compatiblity","AchievementEnabler","Aspiration","BaseMod","Bestiary","Better Note","Better Skull","Better Third Choice","BetterRewards","Colored Map","Colored Powertips","Conspire","DeckTracker","Displayed Cursed Tome","Infinite Spire","Lobotomy","Minty Spire (QoL Compilation)","Relic Stats","Replay The Spire","Spicy Shops","StSLib","The Blue Laboratory","Uncapped"],"gold_per_floor":[111,123,298,314,314,314,339,339,413,447,465,477,508,518,518,622,622,632,646,659,659,738,763,763,763,834,374,390,418,428,458,545,648,648,658,673,689,701,531,559,559,569,569,569,582,598,614,641,694,694],"floor_reached":51,"playtime":2603,"items_purged":[],"score":2265,"play_id":"74306179-f8e7-4fbd-b33b-4a2f28a242ab","local_time":"20210106015534","is_ascension_mode":true,"campfire_choices":[{"data":"Accuracy","floor":8,"key":"SMITH"},{"data":"ReplayTheSpireMod:Chaos Vortex","floor":24,"key":"SMITH"},{"data":"Acrobatics","floor":41,"key":"SMITH"},{"data":"Accuracy","floor":44,"key":"SMITH"}],"circlet_count":0,"master_deck":["AscendersBane","Strike_G","Strike_G","Strike_G+1","Strike_G","Strike_G","Defend_G","Defend_G","Defend_G","Defend_G","Defend_G","Survivor","Neutralize","Finisher+1","Blade Dance","Master of Strategy","All Out Attack","Infinite Blades","Deflect","Deflect","Hidden Blade","Concentrate","Quick Slash","Violence","Backflip","Sucker Punch","Sucker Punch","Accuracy+1","Sadistic Nature+1","Dagger Spray+1","Apotheosis+1","Blade Dance+1","Footwork+1","Deflect+1","conspire:Banana+1","Acrobatics+1","Doubt","JustLucky","Accuracy+1","Dash","Flying Knee","PiercingWail","Burst+1","ReplayTheSpireMod:Tripwire","Well Laid Plans","Choke","Cloak And Dagger+1","ReplayTheSpireMod:Chaos Vortex+1","Prepared+1","After Image+1","Accuracy+1","Bullet Time+1","After Image+1","PiercingWail+1","Escape Plan+1","Noxious Fumes+1","Phantasmal Killer+1","Dagger Spray+1","Accuracy+1","Backstab+1","Panache+1","Distraction+1","Escape Plan+1","Parasite","Cloak And Dagger+1","Accuracy+1","A Thousand Cuts+1","Dagger Throw"],"relics":["Ring of the Snake","Sling","infinitespire:Golems Mask","conspire:Dentures","infinitespire:BottledMercury","InkBottle","Whetstone","Iron Hammer","ClockworkSouvenir","Mirror","Garlic","BargainBundle","Golden Egg","aspiration:AnachronicSnailShell","Thread and Needle","Calipers","Replay:Ringing Soul","infinitespire:Bottled Soul","Du-Vu Doll","conspire:BottledYoYo","infinitespire:Joker Card","aspiration:Nostalgia","Replay:M_StaffOfTheSnake","aspiration:HummingbirdHeart","Ring of Fangs","ReplayTheSpireMod:Ring of Addiction","Potion Belt","White Beast Statue","Turnip","Onion Ring","Omamori","Coffee Dripper","aspiration:StickyExplosives","Strawberry","Bottled Flame","Membership Card","Paper Crane","TwistedFunnel","Toxic Egg 2","Tingsha","conspire:RoyalGoblet","Replay:Baseball","Ancient Tea Set","Mummified Hand","Mercury Hourglass"],"acts_visited":["Exordium","TheCity","TheBeyond"],"potions_floor_usage":[],"damage_taken":[{"damage":0,"enemies":"Jaw Worm","floor":1,"turns":2},{"damage":0,"enemies":"Small Slimes","floor":2,"turns":1},{"damage":0,"enemies":"2 Louse","floor":4,"turns":1},{"damage":0,"enemies":"Lagavulin","floor":7,"turns":1},{"damage":0,"enemies":"Gremlin Nob","floor":10,"turns":1},{"damage":0,"enemies":"Looter","floor":11,"turns":2},{"damage":0,"enemies":"Exordium Wildlife","floor":12,"turns":2},{"damage":0,"enemies":"3 Sentries","floor":13,"turns":2},{"damage":0,"enemies":"Large Slime","floor":14,"turns":2},{"damage":0,"enemies":"Hexaghost","floor":16,"turns":4},{"damage":0,"enemies":"3 Byrds","floor":18,"turns":2},{"damage":0,"enemies":"Spheric Guardian","floor":19,"turns":1},{"damage":0,"enemies":"Snecko","floor":20,"turns":2},{"damage":0,"enemies":"Book of Stabbing","floor":23,"turns":4},{"damage":0,"enemies":"Cultist and Chosen","floor":28,"turns":2},{"damage":0,"enemies":"Slavers","floor":29,"turns":3},{"damage":0,"enemies":"Snake Plant","floor":30,"turns":4},{"damage":0,"enemies":"Gremlin Leader","floor":31,"turns":2},{"damage":0,"enemies":"Champ","floor":33,"turns":6},{"damage":0,"enemies":"Orb Walker","floor":35,"turns":2},{"damage":0,"enemies":"3 Shapes","floor":36,"turns":2},{"damage":0,"enemies":"Spire Growth","floor":37,"turns":3},{"damage":0,"enemies":"Maw","floor":38,"turns":5},{"damage":8,"enemies":"Nemesis","floor":40,"turns":5},{"damage":0,"enemies":"Transient","floor":42,"turns":5},{"damage":0,"enemies":"Writhing Mass","floor":45,"turns":3},{"damage":0,"enemies":"Sphere and 2 Shapes","floor":46,"turns":3},{"damage":0,"enemies":"Maw","floor":47,"turns":3},{"damage":0,"enemies":"Giant Head","floor":48,"turns":3},{"damage":0,"enemies":"Time Eater","floor":50,"turns":4}],"seed_played":"-1677457960886896697","potions_obtained":[{"floor":5,"key":"blueLaboratory:NinjaPotion"},{"floor":5,"key":"blueLaboratory:HorrorPotion"},{"floor":7,"key":"Energy Potion"}],"is_trial":false,"path_per_floor":["M","M","?","M","?","?","E","R","T","E","M","M","E","M","R_BF","B",null,"M","M","M","?","T","E","R","?","T","$","M","E","M","E","R_BF","B",null,"M","M","M","M","$","E","R","M","T","R","M","M","M","E","R_BF","B",null],"character_chosen":"THE_SILENT","items_purchased":["Sling","infinitespire:Golems Mask","Finisher","Blade Dance","Master of Strategy","All Out Attack","Infinite Blades","conspire:Dentures","infinitespire:BottledMercury","InkBottle","Deflect","Whetstone","Hidden Blade","Iron Hammer","ClockworkSouvenir","Mirror","Garlic","BargainBundle","Concentrate","Quick Slash","Violence","Adrenaline Potion","Adrenaline Potion","blueLaboratory:Virophage","Backflip","Sucker Punch","Golden Egg","aspiration:AnachronicSnailShell","Thread and Needle","Calipers","Accuracy","Sadistic Nature","Dagger Spray+1","Replay:Ringing Soul","infinitespire:Bottled Soul","Apotheosis","Du-Vu Doll","conspire:BottledYoYo","Blade Dance","Footwork","Deflect","infinitespire:Joker Card","aspiration:Nostalgia","aspiration:HummingbirdHeart","conspire:Banana","Membership Card","Paper Crane","TwistedFunnel","Accuracy","Bullet Time","Replay:Baseball","Panache"],"campfire_rested":0,"item_purchase_floors":[0,0,0,0,0,0,0,0,0,0,0,0,0,0,0,0,0,0,0,0,0,0,0,0,0,0,0,0,0,0,0,0,0,0,0,0,0,0,0,0,0,0,0,0,0,27,27,27,27,27,39,39],"current_hp_per_floor":[66,73,76,81,81,81,84,84,84,87,92,95,100,103,106,108,109,107,112,115,116,116,126,124,127,127,128,131,138,141,146,146,149,149,149,150,157,164,165,164,164,169,169,169,172,175,178,181,181,185],"gold":694,"neow_bonus":"","is_daily":false,"chose_seed":false,"campfire_upgraded":4,"win_rate":0.0,"timestamp":1609865734,"path_taken":["M","M","?","M","?","?","E","R","T","E","M","M","E","M","R_BF","BOSS","M","M","M","?","?","E","R","?","T","?","M","E","M","E","R_BF","BOSS","M","M","M","M","$","E","R","M","T","R","M","M","M","E","R_BF","BOSS"],"items_purchased_type":["Relic","Relic","Card","Card","Card","Card","Card","Relic","Relic","Relic","Card","Relic","Card","Relic","Relic","Relic","Relic","Relic","Card","Card","Card","Potion","Potion","Potion","Card","Card","Relic","Relic","Relic","Relic","Card","Card","Card","Relic","Relic","Card","Relic","Relic","Card","Card","Card","Relic","Relic","Relic","Card","Relic","Relic","Relic","Card","Card","Relic","Card"],"build_version":"2020-12-22","purchased_purges":0,"victory":true,"max_hp_per_floor":[73,80,83,88,88,88,91,91,89,92,97,98,103,106,107,109,109,107,112,115,116,116,126,124,127,127,128,131,138,141,146,146,149,149,149,150,157,164,165,172,172,175,175,175,176,179,182,183,183,187],"relic_stats":{"counters":[313,1133],"Mummified Hand":[32],"Tingsha":[47],"Turnip":[11],"Whetstone":["Finisher","Strike_G"],"obtain_stats":[{"TwistedFunnel":0,"infinitespire:BottledMercury":9,"Golden Egg":45,"aspiration:SneckoTail":108,"Spirit Poop":20,"Whetstone":44,"Sling":0,"Old Coin":7,"Replay:Ringing Soul":0,"infinitespire:ShieldingShard":26,"MealTicket":9,"infinitespire:Golems Mask":0,"Fusion Hammer":17,"HandDrill":0,"Replay:Bottled Flurry":23,"Kunai":38,"Replay:Wax Seal":0,"Replay:Bottled Steam":78,"aspiration:StickyExplosives":47,"Pear":142,"Blue Candle":40,"ReplayTheSpireMod:Ring of Addiction":5,"Eternal Feather":6,"Tingsha":30,"ReplayTheSpireMod:SealedPack":17,"Pen Nib":26,"Replay:Ancient Bell":85,"Paper Crane":0,"aspiration:IroncladSkillbook":17,"SlaversCollar":17,"infinitespire:Broken Mirror":24,"conspire:BottledYoYo":147,"infinitespire:PuzzleCube":23,"Ring of the Serpent":153,"conspire:Flyswatter":81,"Lantern":0,"Torii":0,"Singing Bowl":128,"Blue Doll":9,"StoneCalendar":95,"Replay:Multitool":45,"Bag of Preparation":28,"Cursed Key":21,"Ancient Tea Set":14,"Burning Blood":21,"conspire:InfiniteJournal":6,"Matryoshka":26,"Ring of Fangs":5,"WristBlade":17,"infinitespire:Bottled Soul":93,"aspiration:AnachronicSnailShell":26,"infinitespire:Eraser":40,"Replay:Bottled Eggs":43,"InkBottle":0,"Ring of the Snake":0,"aspiration:VileToxins":8,"Potion Belt":8,"Lee\u0027s Waffle":0,"Replay:M_StaffOfTheSnake":24,"Basket Of Snakes":0,"conspire:RunicOctahedron":119,"Thread and Needle":0,"PreservedInsect":24,"infinitespire:Joker Card":27,"The Courier":9,"Omamori":48,"infinitespire:Lucky Rock":9,"infinitespire:CheckeredPen":43,"MawBank":41,"Busted Crown":17,"Ornamental Fan":0,"Turnip":42,"Ectoplasm":17,"Art of War":23,"Garlic":31,"Bottled Lightning":114,"conspire:DeflatedDodgeball":21,"ReplayTheSpireMod:Lightbulb":26,"Toy Ornithopter":43,"Ice Cream":46,"Divine Protection":43,"Calipers":85,"Gremlin Horn":85,"conspire:RoyalGoblet":34,"Vajra":0,"conspire:SeveredTorchhead":34,"Sozu":17,"Centennial Puzzle":47,"HornCleat":3,"DollysMirror":0,"Strawberry":11,"conspire:DecoderRing":112,"Philosopher\u0027s Stone":68,"Iron Hammer":77,"Toxic Egg 2":4,"conspire:Dentures":129,"Happy Flower":5,"aspiration:Nostalgia":24,"infinitespire:Beetle Shell":111,"Letter Opener":9,"War Paint":95,"aspiration:HiddenCompartment":12,"Du-Vu Doll":0,"Replay:Baseball":0,"conspire:GiftBox":47,"Bottled Flame":26,"Bronze Scales":44,"Onion Ring":24,"Simple Rune":0,"Molten Egg 2":0,"infinitespire:EmpoweringShard":25,"Black Star":51,"ReplayTheSpireMod:TigerMarble":144,"Mirror":0,"aspiration:HatOfInfinitePower":78,"Darkstone Periapt":26,"ReplayFunnel":144,"Replay:PocketPolymizer":24,"SacredBark":34,"conspire:SpecialSausage":34,"aspiration:TomeofQuesting":9,"Snake Skull":155,"Juzu Bracelet":25,"Incense Burner":0,"Replay:Mystery Machine":81,"PrismaticShard":29,"conspire:TopHat":43,"ClockworkSouvenir":38,"Nunchaku":14,"Replay:Bandana":23,"TheAbacus":20,"Mummified Hand":43,"Pantograph":28,"Runic Pyramid":34,"BargainBundle":0,"ReplayTheSpireMod:Ninjato":0,"Replay:Towering Pillar of Hats":8,"aspiration:FetidBarrel":43,"infinitespire:CursedDice":37,"Quantum Egg":74,"Replay:WaspNest":29,"infinitespire:FocusingShard":47,"aspiration:HummingbirdHeart":28,"Orichalcum":44,"White Beast Statue":5,"Mercury Hourglass":48,"Peace Pipe":74,"CaptainsWheel":13,"Anchor":0,"infinitespire:WardingShard":57,"infinitespire:Satchel":21,"ChewingGum":102,"Snack Pack":0,"Coffee Dripper":17,"Membership Card":24,"FossilizedHelix":31},{"TwistedFunnel":46,"infinitespire:BottledMercury":52,"Golden Egg":96,"aspiration:SneckoTail":254,"Spirit Poop":17,"Whetstone":125,"Sling":34,"Old Coin":193,"Replay:Ringing Soul":283,"infinitespire:ShieldingShard":61,"MealTicket":5,"infinitespire:Golems Mask":283,"Fusion Hammer":137,"HandDrill":99,"Replay:Bottled Flurry":203,"Kunai":94,"Replay:Wax Seal":34,"Replay:Bottled Steam":236,"aspiration:StickyExplosives":71,"Pear":275,"Blue Candle":95,"ReplayTheSpireMod:Ring of Addiction":286,"Eternal Feather":10,"Tingsha":143,"ReplayTheSpireMod:SealedPack":15,"Pen Nib":173,"Replay:Ancient Bell":239,"Paper Crane":99,"aspiration:IroncladSkillbook":108,"SlaversCollar":83,"infinitespire:Broken Mirror":141,"conspire:BottledYoYo":277,"infinitespire:PuzzleCube":114,"Ring of the Serpent":281,"conspire:Flyswatter":238,"Lantern":6,"Torii":73,"Singing Bowl":266,"Blue Doll":11,"StoneCalendar":245,"Replay:Multitool":71,"Bag of Preparation":175,"Cursed Key":17,"Ancient Tea Set":82,"Burning Blood":201,"conspire:InfiniteJournal":132,"Matryoshka":20,"Ring of Fangs":286,"WristBlade":56,"infinitespire:Bottled Soul":244,"aspiration:AnachronicSnailShell":205,"infinitespire:Eraser":69,"Replay:Bottled Eggs":95,"InkBottle":283,"Ring of the Snake":0,"aspiration:VileToxins":52,"Potion Belt":163,"Lee\u0027s Waffle":73,"Replay:M_StaffOfTheSnake":60,"Basket Of Snakes":73,"conspire:RunicOctahedron":259,"Thread and Needle":283,"PreservedInsect":60,"infinitespire:Joker Card":116,"The Courier":133,"Omamori":72,"infinitespire:Lucky Rock":105,"infinitespire:CheckeredPen":213,"MawBank":183,"Busted Crown":43,"Ornamental Fan":188,"Turnip":153,"Ectoplasm":167,"Art of War":141,"Garlic":176,"Bottled Lightning":257,"conspire:DeflatedDodgeball":201,"ReplayTheSpireMod:Lightbulb":142,"Toy Ornithopter":124,"Ice Cream":33,"Divine Protection":31,"Calipers":239,"Gremlin Horn":239,"conspire:RoyalGoblet":302,"Vajra":73,"conspire:SeveredTorchhead":119,"Sozu":198,"Centennial Puzzle":97,"HornCleat":1,"DollysMirror":157,"Strawberry":53,"conspire:DecoderRing":256,"Philosopher\u0027s Stone":229,"Iron Hammer":235,"Toxic Egg 2":8,"conspire:Dentures":267,"Happy Flower":50,"aspiration:Nostalgia":60,"infinitespire:Beetle Shell":255,"Letter Opener":79,"War Paint":245,"aspiration:HiddenCompartment":135,"Du-Vu Doll":283,"Replay:Baseball":128,"conspire:GiftBox":217,"Bottled Flame":297,"Bronze Scales":154,"Onion Ring":60,"Simple Rune":73,"Molten Egg 2":99,"infinitespire:EmpoweringShard":205,"Black Star":219,"ReplayTheSpireMod:TigerMarble":276,"Mirror":34,"aspiration:HatOfInfinitePower":236,"Darkstone Periapt":88,"ReplayFunnel":276,"Replay:PocketPolymizer":19,"SacredBark":92,"conspire:SpecialSausage":25,"aspiration:TomeofQuesting":41,"Snake Skull":281,"Juzu Bracelet":88,"Incense Burner":188,"Replay:Mystery Machine":238,"PrismaticShard":62,"conspire:TopHat":31,"ClockworkSouvenir":94,"Nunchaku":14,"Replay:Bandana":60,"TheAbacus":84,"Mummified Hand":308,"Pantograph":116,"Runic Pyramid":145,"BargainBundle":283,"ReplayTheSpireMod:Ninjato":157,"Replay:Towering Pillar of Hats":79,"aspiration:FetidBarrel":69,"infinitespire:CursedDice":148,"Quantum Egg":234,"Replay:WaspNest":90,"infinitespire:FocusingShard":126,"aspiration:HummingbirdHeart":21,"Orichalcum":32,"White Beast Statue":286,"Mercury Hourglass":312,"Peace Pipe":234,"CaptainsWheel":107,"Anchor":128,"infinitespire:WardingShard":224,"infinitespire:Satchel":17,"ChewingGum":249,"Snack Pack":188,"Coffee Dripper":293,"Membership Card":60,"FossilizedHelix":63},{"TwistedFunnel":207,"infinitespire:BottledMercury":231,"Golden Egg":414,"aspiration:SneckoTail":999,"Spirit Poop":81,"Whetstone":534,"Sling":148,"Old Coin":778,"Replay:Ringing Soul":1051,"infinitespire:ShieldingShard":271,"MealTicket":12,"infinitespire:Golems Mask":1051,"Fusion Hammer":575,"HandDrill":435,"Replay:Bottled Flurry":830,"Kunai":402,"Replay:Wax Seal":148,"Replay:Bottled Steam":950,"aspiration:StickyExplosives":308,"Pear":1031,"Blue Candle":408,"ReplayTheSpireMod:Ring of Addiction":1055,"Eternal Feather":41,"Tingsha":596,"ReplayTheSpireMod:SealedPack":69,"Pen Nib":705,"Replay:Ancient Bell":960,"Paper Crane":435,"aspiration:IroncladSkillbook":468,"SlaversCollar":352,"infinitespire:Broken Mirror":590,"conspire:BottledYoYo":1034,"infinitespire:PuzzleCube":495,"Ring of the Serpent":1043,"conspire:Flyswatter":957,"Lantern":19,"Torii":315,"Singing Bowl":1020,"Blue Doll":44,"StoneCalendar":978,"Replay:Multitool":308,"Bag of Preparation":712,"Cursed Key":81,"Ancient Tea Set":343,"Burning Blood":814,"conspire:InfiniteJournal":557,"Matryoshka":89,"Ring of Fangs":1055,"WristBlade":251,"infinitespire:Bottled Soul":975,"aspiration:AnachronicSnailShell":838,"infinitespire:Eraser":301,"Replay:Bottled Eggs":408,"InkBottle":1051,"Ring of the Snake":0,"aspiration:VileToxins":231,"Potion Belt":674,"Lee\u0027s Waffle":315,"Replay:M_StaffOfTheSnake":267,"Basket Of Snakes":315,"conspire:RunicOctahedron":1012,"Thread and Needle":1051,"PreservedInsect":267,"infinitespire:Joker Card":501,"The Courier":559,"Omamori":310,"infinitespire:Lucky Rock":452,"infinitespire:CheckeredPen":876,"MawBank":738,"Busted Crown":190,"Ornamental Fan":762,"Turnip":637,"Ectoplasm":690,"Art of War":590,"Garlic":715,"Bottled Lightning":1005,"conspire:DeflatedDodgeball":814,"ReplayTheSpireMod:Lightbulb":593,"Toy Ornithopter":528,"Ice Cream":145,"Divine Protection":134,"Calipers":960,"Gremlin Horn":960,"conspire:RoyalGoblet":1095,"Vajra":315,"conspire:SeveredTorchhead":513,"Sozu":798,"Centennial Puzzle":419,"HornCleat":2,"DollysMirror":660,"Strawberry":238,"conspire:DecoderRing":1003,"Philosopher\u0027s Stone":929,"Iron Hammer":946,"Toxic Egg 2":27,"conspire:Dentures":1021,"Happy Flower":221,"aspiration:Nostalgia":267,"infinitespire:Beetle Shell":1001,"Letter Opener":332,"War Paint":978,"aspiration:HiddenCompartment":565,"Du-Vu Doll":1051,"Replay:Baseball":548,"conspire:GiftBox":892,"Bottled Flame":1078,"Bronze Scales":641,"Onion Ring":267,"Simple Rune":315,"Molten Egg 2":435,"infinitespire:EmpoweringShard":838,"Black Star":905,"ReplayTheSpireMod:TigerMarble":1033,"Mirror":148,"aspiration:HatOfInfinitePower":950,"Darkstone Periapt":373,"ReplayFunnel":1033,"Replay:PocketPolymizer":86,"SacredBark":393,"conspire:SpecialSausage":109,"aspiration:TomeofQuesting":175,"Snake Skull":1043,"Juzu Bracelet":373,"Incense Burner":762,"Replay:Mystery Machine":957,"PrismaticShard":274,"conspire:TopHat":134,"ClockworkSouvenir":402,"Nunchaku":53,"Replay:Bandana":267,"TheAbacus":359,"Mummified Hand":1117,"Pantograph":501,"Runic Pyramid":604,"BargainBundle":1051,"ReplayTheSpireMod:Ninjato":660,"Replay:Towering Pillar of Hats":332,"aspiration:FetidBarrel":301,"infinitespire:CursedDice":614,"Quantum Egg":943,"Replay:WaspNest":381,"infinitespire:FocusingShard":539,"aspiration:HummingbirdHeart":96,"Orichalcum":142,"White Beast Statue":1055,"Mercury Hourglass":1129,"Peace Pipe":943,"CaptainsWheel":459,"Anchor":548,"infinitespire:WardingShard":915,"infinitespire:Satchel":81,"ChewingGum":993,"Snack Pack":762,"Coffee Dripper":1069,"Membership Card":267,"FossilizedHelix":277}],"InkBottle":[55],"Ring of the Snake":[60],"Mercury Hourglass":[9]},"card_choices":[{"not_picked":["Crescendo","Deadly Poison","Dagger Throw"],"picked":"SKIP","floor":1},{"not_picked":["Sucker Punch","PiercingWail"],"picked":"Acrobatics","floor":2},{"not_picked":["Blur","Quick Slash"],"picked":"JustLucky","floor":4},{"not_picked":["Dash","Underhanded Strike"],"picked":"Accuracy","floor":7},{"not_picked":["Crescendo","Riddle With Holes"],"picked":"Dash","floor":10},{"not_picked":["Bane","Dagger Throw"],"picked":"Flying Knee","floor":11},{"not_picked":["Reflex","Backflip"],"picked":"PiercingWail","floor":12},{"not_picked":["Dagger Spray","Well Laid Plans"],"picked":"Burst","floor":13},{"not_picked":["ClearTheMind","Sneak Up"],"picked":"ReplayTheSpireMod:Tripwire","floor":14},{"not_picked":["All Out Attack","Deadly Poison","Underhanded Strike"],"picked":"SKIP","floor":18},{"not_picked":["Quick Slash","Riddle With Holes+1"],"picked":"Choke","floor":19},{"not_picked":["Deadly Poison+1","Replay:Poison Smokescreen+1"],"picked":"Cloak And Dagger+1","floor":20},{"not_picked":["infinitespire:Starlight","infinitespire:SealOfDarkness+"],"picked":"ReplayTheSpireMod:Chaos Vortex","floor":21},{"not_picked":["All Out Attack+1","Dagger Throw+1"],"picked":"Prepared+1","floor":23},{"not_picked":["Dagger Spray","Dagger Throw"],"picked":"After Image","floor":28},{"not_picked":["Predator","Poisoned Stab"],"picked":"PiercingWail+1","floor":29},{"not_picked":["Hidden Blade+1","Flying Knee"],"picked":"Escape Plan+1","floor":30},{"not_picked":["Finisher","Eviscerate"],"picked":"Noxious Fumes+1","floor":31},{"not_picked":["Envenom","Unload"],"picked":"Phantasmal Killer+1","floor":33},{"not_picked":["Acrobatics+1","Underhanded Strike","Dagger Throw"],"picked":"SKIP","floor":35},{"not_picked":["Deflect+1","Setup+1"],"picked":"Dagger Spray+1","floor":36},{"not_picked":["Deflect+1","Bouncing Flask+1"],"picked":"Accuracy","floor":37},{"not_picked":["Finisher+1","Underhanded Strike+1"],"picked":"Backstab+1","floor":38},{"not_picked":["Crippling Poison+1","Deadly Poison+1"],"picked":"Distraction+1","floor":40},{"not_picked":["Underhanded Strike+1","Flying Knee"],"picked":"Escape Plan+1","floor":42},{"not_picked":["PiercingWail+1","Bane+1"],"picked":"Cloak And Dagger+1","floor":45},{"not_picked":["ReplayTheSpireMod:Tripwire+1","Sucker Punch"],"picked":"Accuracy+1","floor":46},{"not_picked":["PiercingWail+1","Flying Knee"],"picked":"A Thousand Cuts","floor":47},{"not_picked":["Deflect+1","Draining Mist+1"],"picked":"Dagger Throw","floor":48}],"player_experience":400458,"relics_obtained":[{"floor":5,"key":"Ring of Fangs"},{"floor":5,"key":"ReplayTheSpireMod:Ring of Addiction"},{"floor":5,"key":"Potion Belt"},{"floor":5,"key":"White Beast Statue"},{"floor":7,"key":"Turnip"},{"floor":9,"key":"Onion Ring"},{"floor":10,"key":"Omamori"},{"floor":22,"key":"aspiration:StickyExplosives"},{"floor":23,"key":"Strawberry"},{"floor":26,"key":"Bottled Flame"},{"floor":29,"key":"Toxic Egg 2"},{"floor":31,"key":"Tingsha"},{"floor":40,"key":"Ancient Tea Set"},{"floor":43,"key":"Mummified Hand"},{"floor":48,"key":"Mercury Hourglass"}],"event_choices":[{"damage_healed":0,"gold_gain":175,"player_choice":"AGREE","damage_taken":123,"max_hp_gain":0,"max_hp_loss":0,"event_name":"betterThird:BetterSerpent","floor":3,"gold_loss":0},{"damage_healed":0,"gold_gain":0,"player_choice":"Read","damage_taken":0,"max_hp_gain":0,"max_hp_loss":0,"event_name":"The Library","floor":25,"gold_loss":0,"cards_obtained":["After Image"]}],"is_beta":false,"boss_relics":[{"not_picked":["SacredBark","Snecko Eye"],"picked":"Coffee Dripper"},{"not_picked":["Replay:Grab Bag","Replay:Ancient Bell"],"picked":"conspire:RoyalGoblet"}],"items_purged_floors":[],"is_endless":false,"potions_floor_spawned":[1,7,10,11,12,13,14,16,18,19,20,23,28,29,30,31,33,35,36,37,38,40,42,45,46,47,48],"ascension_level":10}}