{"host":"uikxj58mzlixykyi","time":1609806090,"event":{"mods":["AchievementEnabler","BaseMod","BetterRewards","Colored Map","Colored Powertips","Downfall","Highlight Path","Minty Spire (QoL Compilation)","Rare Cards Sparkle","Replay The Spire","Shop Mod","StSLib"],"gold_per_floor":[99,99,99,199,124,124,124,124,224,237,237,162,162,178,190,291,291,291,301,301,93,93,108,177,193,203,203,203,203,203,15,35,132,132,132,147,147,166,185,185,185,185,205,205,225,241,241,252,264,264],"floor_reached":51,"playtime":1804,"items_purged":["Slimebound:Defend_Slimebound","Slimebound:LeechingTouch","Slimebound:Defend_Slimebound"],"score":897,"play_id":"6c0aeda1-0f08-4b86-8603-e3d8517f2c3f","local_time":"20210105022130","is_ascension_mode":true,"campfire_choices":[{"data":"Slimebound:CorrosiveSpit","floor":1.0,"key":"SMITH"},{"data":"Slimebound:Split","floor":6.0,"key":"SMITH"},{"floor":8.0,"key":"RECALL"},{"data":"Slimebound:SplitMire","floor":12.0,"key":"SMITH"},{"data":"Slimebound:SplitBruiser","floor":18.0,"key":"SMITH"},{"data":"Slimebound:Overexert","floor":27.0,"key":"SMITH"},{"data":"Slimebound:LeadByExample","floor":29.0,"key":"SMITH"},{"data":"Slimebound:MassRepurpose","floor":35,"key":"SMITH"},{"data":"Secret Technique","floor":40,"key":"SMITH"},{"data":"Slimebound:OozeBath","floor":42,"key":"SMITH"},{"data":"Slimebound:SplitMire","floor":44,"key":"SMITH"},{"data":"Slimebound:LevelUp","floor":47,"key":"SMITH"}],"circlet_count":0,"master_deck":["Slimebound:Strike_Slimebound","Slimebound:Strike_Slimebound","Slimebound:Tackle+1","Slimebound:Defend_Slimebound","Slimebound:Split+1","Slimebound:CorrosiveSpit+1","Slimebound:SplitMire+1","Slimebound:LevelUp+1","Slimebound:SplitBruiser+1","Slimebound:OneTwoCombo","Slimebound:PressTheAttack+1","Slimebound:Overexert+1","Replay:SS_fish_2","Slimebound:SplitLeeching+1","Slimebound:LeadByExample+1","Slimebound:SplitMire+1","Secret Technique+1","Slimebound:OozeBath+1","Slimebound:Replication+1","Slimebound:MassRepurpose+1","Slimebound:DivideAndConquer+1","Slimebound:Repurpose+1"],"relics":["Slimebound:AbsorbEndCombat","downfall:HeartsMalice","InkBottle","FossilizedHelix","downfall:HeartBlessingRed","Painkiller Herb","BargainBundle","Sundial","Enchiridion","Busted Crown","Snack Pack"],"acts_visited":["Exordium","TheCity","TheBeyond"],"potions_floor_usage":[33,39,43,45],"damage_taken":[{"damage":0.0,"enemies":"Small Slimes","floor":2.0,"turns":1.0},{"damage":0.0,"enemies":"Jaw Worm","floor":3.0,"turns":1.0},{"damage":0.0,"enemies":"downfall:FleeingMerchant","floor":5.0,"turns":1.0},{"damage":3.0,"enemies":"2 Louse","floor":10.0,"turns":2.0},{"damage":8.0,"enemies":"Red Slaver","floor":14.0,"turns":3.0},{"damage":8.0,"enemies":"3 Louse","floor":15.0,"turns":2.0},{"damage":62.0,"enemies":"downfall:Ironclad","floor":16.0,"turns":5.0},{"damage":19.0,"enemies":"Spheric Guardian","floor":19.0,"turns":3.0},{"damage":25.0,"enemies":"downfall:FleeingMerchant","floor":21.0,"turns":4.0},{"damage":31.0,"enemies":"Shell Parasite","floor":23.0,"turns":3.0},{"damage":17.0,"enemies":"3 Cultists","floor":25.0,"turns":3.0},{"damage":15.0,"enemies":"Snecko","floor":26.0,"turns":2.0},{"damage":20.0,"enemies":"downfall:FleeingMerchant","floor":31.0,"turns":2.0},{"damage":42,"enemies":"Centurion and Healer","floor":32,"turns":3},{"damage":30,"enemies":"downfall:Defect","floor":33,"turns":3},{"damage":19,"enemies":"3 Shapes","floor":36,"turns":2},{"damage":22,"enemies":"Orb Walker","floor":38,"turns":2},{"damage":24,"enemies":"Transient","floor":39,"turns":5},{"damage":27,"enemies":"Writhing Mass","floor":43,"turns":2},{"damage":28,"enemies":"Maw","floor":45,"turns":3},{"damage":22,"enemies":"3 Darklings","floor":46,"turns":3},{"damage":46,"enemies":"4 Shapes","floor":48,"turns":2},{"damage":29,"enemies":"Spire Growth","floor":49,"turns":3},{"damage":49,"enemies":"downfall:Silent","floor":50,"turns":4}],"seed_played":"-5817318731014227573","potions_obtained":[{"floor":14.0,"key":"SteroidPotion"},{"floor":16.0,"key":"Elixir"},{"floor":19.0,"key":"SteroidPotion"},{"floor":36,"key":"Fire Potion"},{"floor":39,"key":"SkillPotion"},{"floor":48,"key":"FairyPotion"}],"is_trial":false,"path_per_floor":["R","M","M","?","$","R","T","R","?","M","T","R","?","M","M","B",null,"T","?","?","T","?","?","T","?","?","T","?","T","?","T","?","B",null,"T","?","T","?","?","T","T","T","?","T","?","?","T","?","?","B",null],"character_chosen":"SLIMEBOUND","items_purchased":["BargainBundle","DistilledChaos","SkillPotion","PowerPotion","Replay:SS_fish_2","Secret Technique","Slimebound:OozeBath","Block Potion"],"campfire_rested":0,"item_purchase_floors":[21,21,21,21,21,31,31,31],"current_hp_per_floor":[54,54,54,54,54,54,54,54,54,55,55,55,55,60,60,32,53,53,42,42,59,59,53,53,52,60,60,44,44,44,60,50,52,58,58,60,60,60,60,60,60,60,56,56,60,60,60,30,53,60],"gold":264,"neow_bonus":"THREE_ENEMY_KILL","is_daily":false,"chose_seed":false,"campfire_upgraded":11,"win_rate":0.0,"timestamp":1609806090,"path_taken":["R","M","M","?","$","R","T","R","?","M","?","R","?","?","M","BOSS","T","?","?","T","?","?","T","?","?","T","?","T","?","T","?","BOSS","T","?","T","?","?","T","T","T","?","T","?","?","T","?","?","BOSS"],"items_purchased_type":["Relic","Potion","Potion","Potion","Card","Card","Card","Potion"],"build_version":"2020-12-22","purchased_purges":3,"victory":true,"max_hp_per_floor":[60,60,60,60,60,60,60,60,60,60,60,60,60,60,60,60,60,60,60,60,60,60,60,60,60,60,60,60,60,60,60,60,60,60,60,60,60,60,60,60,60,60,60,60,60,60,60,60,60,60],"card_choices":[{"not_picked":["Slimebound:RollThrough","Slimebound:LeechEnergy","Slimebound:SlimeSpikes"],"picked":"SKIP","floor":2.0},{"not_picked":["Slimebound:PressTheAttack","Slimebound:ViciousTackle","Slimebound:DivideAndConquer"],"picked":"SKIP","floor":3.0},{"not_picked":["Slimebound:SamplingLick","Slimebound:RollThrough","Slimebound:DisruptingSlam"],"picked":"SKIP","floor":5.0},{"not_picked":["Slimebound:AcidTongue","Slimebound:FinishingTackle"],"picked":"Slimebound:SplitMire","floor":10.0},{"not_picked":["Slimebound:PressTheAttack","Slimebound:SamplingLick"],"picked":"Slimebound:LevelUp","floor":14.0},{"not_picked":["Slimebound:Nibble","Slimebound:RollThrough"],"picked":"Slimebound:SplitBruiser","floor":15.0},{"not_picked":["Slimebound:WasteNot","Slimebound:MinionMaster"],"picked":"Slimebound:OneTwoCombo","floor":16.0},{"not_picked":["Slimebound:SamplingLick","Slimebound:SplitAcid"],"picked":"Slimebound:PressTheAttack+1","floor":19.0},{"not_picked":["Slimebound:SlimeSlap","Slimebound:PressTheAttack","Slimebound:SlimeSpikes"],"picked":"SKIP","floor":21.0},{"not_picked":["Slimebound:DivideAndConquer","Slimebound:ComboTackle"],"picked":"Slimebound:LeadByExample","floor":23.0},{"not_picked":["Slimebound:SpikyOuterGoop+1","Slimebound:AcidTongue"],"picked":"Slimebound:SplitMire","floor":25.0},{"not_picked":["Slimebound:SlimeSpikes","Slimebound:ForwardTackle","Slimebound:Schlurp"],"picked":"SKIP","floor":26.0},{"not_picked":["Slimebound:Gluttony","Slimebound:BestDefense"],"picked":"Slimebound:Replication+1","floor":32},{"not_picked":["Slimebound:Recycling","Slimebound:RallyTheTroops"],"picked":"Slimebound:MassRepurpose","floor":33},{"not_picked":[],"picked":"Slimebound:DivideAndConquer+1","floor":36},{"not_picked":["Slimebound:LivingWall"],"picked":"SKIP","floor":38},{"not_picked":["Slimebound:DivideAndConquer"],"picked":"SKIP","floor":39},{"not_picked":["Slimebound:PressTheAttack"],"picked":"SKIP","floor":43},{"not_picked":[],"picked":"Slimebound:Repurpose+1","floor":45},{"not_picked":["Slimebound:Schlurp+1"],"picked":"SKIP","floor":46},{"not_picked":["Slimebound:GrowthPunch+1"],"picked":"SKIP","floor":48},{"not_picked":["Slimebound:Chomp"],"picked":"SKIP","floor":49}],"player_experience":107445,"relics_obtained":[{"floor":7.0,"key":"InkBottle"},{"floor":11.0,"key":"FossilizedHelix"},{"floor":24.0,"key":"Sundial"},{"floor":28.0,"key":"Enchiridion"},{"floor":41,"key":"Snack Pack"}],"event_choices":[{"damage_healed":0.0,"max_hp_gain":0.0,"max_hp_loss":0.0,"gold_gain":0.0,"event_name":"Accursed Blacksmith","player_choice":"Forge","floor":13.0,"gold_loss":0.0,"damage_taken":0.0,"cards_upgraded":["Slimebound:Tackle"]},{"damage_healed":0.0,"max_hp_gain":0.0,"max_hp_loss":0.0,"gold_gain":0.0,"cards_transformed":["Slimebound:Strike_Slimebound","Slimebound:Defend_Slimebound"],"event_name":"Drug Dealer","player_choice":"Became Test Subject","floor":20.0,"gold_loss":0.0,"damage_taken":0.0,"cards_obtained":["Slimebound:Overexert","Slimebound:LeechingTouch"]},{"damage_healed":0.0,"max_hp_gain":0.0,"max_hp_loss":0.0,"gold_gain":0.0,"event_name":"The Library","player_choice":"Read","floor":22.0,"gold_loss":0.0,"damage_taken":0.0,"cards_obtained":["Slimebound:SplitLeeching"]},{"damage_healed":0.0,"max_hp_gain":0.0,"max_hp_loss":0.0,"gold_gain":0.0,"event_name":"Upgrade Shrine","player_choice":"Upgraded","floor":30.0,"gold_loss":0.0,"damage_taken":0.0,"cards_upgraded":["Slimebound:SplitLeeching"]}],"is_beta":false,"boss_relics":[{"not_picked":["Sozu","Honey Jar"],"picked":"Painkiller Herb"},{"not_picked":["Replay:Grab Bag","Ring of Chaos"],"picked":"Busted Crown"}],"items_purged_floors":[5,21,31],"is_endless":false,"potions_floor_spawned":[14,16,19,23,36,38,39,48],"ascension_level":8}}