{"host":"a0paspe0zwqgzttz","time":1609876081,"event":{"mods":["AchievementEnabler","Act Like it!","BaseMod","BetterRewards","Colored Powertips","Conspire","Downfall","GifTheSpireLib","Hermit","Highlight Path","Lobotomy","Marisa????????","Minty Spire (QoL Compilation)","Quick Restart","Replay The Spire","Robot Space Explorer","Shop Mod","StSLib","SuperFastMode","The Bug Knight","The Construct","The Cursed","The Hierophant","The Jungle","The Mystic","The Necromancer","The Runesmith","The Senshi","The Servant 0.9.4"],"gold_per_floor":[111,125,176,76,110,110,145,156,156,211,253,253,296,332,332,443,443,494,494,494,419,437,437,437,437],"floor_reached":24,"playtime":987,"items_purged":[],"score":265,"play_id":"8d4ad51c-f9d4-424e-8740-634de2f5e8cf","local_time":"20210105144801","is_ascension_mode":false,"campfire_choices":[{"data":"Replay:SS_hec_4","floor":6,"key":"SMITH"},{"data":"hermit:GhostlyPresence","floor":15,"key":"SMITH"},{"data":"hermit:Dive","floor":23,"key":"SMITH"}],"circlet_count":0,"master_deck":["hermit:Snapshot","hermit:Covet","Replay:SS_hec_4+1","hermit:Coalescence","hermit:Midnight","conspire:SpireCoStock","conspire:SpireCoStock","hermit:LoneWolf","hermit:Dive+1","hermit:ItchyTrigger","ReplayTheSpireMod:Splinters","hermit:TakeCover","hermit:Coalescence","hermit:GhostlyPresence+1","hermit:ItchyTrigger","hermit:Purgatory","hermit:Adapt","hermit:Ricochet","hermit:CalledShot","hermit:BodyArmor","hermit:Horror","hermit:LowProfile","hermit:Brawl","hermit:FlashPowder","Ghostly","Ghostly","Ghostly","Ghostly","Ghostly","Bite","Bite","Bite","Bite","Bite","hermit:BodyArmor"],"relics":["hermit:Momento","theSenshi:FeatherClipsRelic","HollowMod:StagPassRelic","Pandora\u0027s Box"],"acts_visited":["Exordium","TheCity"],"potions_floor_usage":[13,16,16,16],"damage_taken":[{"damage":4,"enemies":"Small Slimes","floor":1,"turns":3},{"damage":0,"enemies":"2 Louse","floor":2,"turns":2},{"damage":2,"enemies":"Jaw Worm","floor":5,"turns":4},{"damage":13,"enemies":"3 Louse","floor":7,"turns":4},{"damage":6,"enemies":"Red Slaver","floor":8,"turns":4},{"damage":6,"enemies":"Looter","floor":11,"turns":5},{"damage":1,"enemies":"2 Fungi Beasts","floor":13,"turns":3},{"damage":6,"enemies":"Blue Slaver","floor":14,"turns":4},{"damage":40,"enemies":"Fading Forest","floor":16,"turns":11},{"damage":21,"enemies":"Shell Parasite","floor":18,"turns":6},{"damage":16,"enemies":"Chosen","floor":22,"turns":6},{"damage":23,"enemies":"Masked Bandits","floor":24,"turns":4}],"seed_played":"-766848267402053131","potions_obtained":[{"floor":1,"key":"Weak Potion"},{"floor":5,"key":"hermit:BlackBile"},{"floor":8,"key":"Dexterity Potion"},{"floor":10,"key":"ColorlessPotion"},{"floor":13,"key":"PowerPotion"},{"floor":22,"key":"champ:CounterPotion"}],"is_trial":false,"path_per_floor":["M","M","?","?","M","R","M","M","T","?","M","?","M","M","R","B",null,"M","?","?","?","M","R","?"],"character_chosen":"HERMIT","items_purchased":[],"campfire_rested":0,"item_purchase_floors":[],"current_hp_per_floor":[71,71,71,71,69,69,56,50,50,50,50,50,55,55,55,27,75,60,37,25,25,19,19,0,0],"gold":437,"neow_bonus":"RANDOM_COLORLESS","is_daily":false,"chose_seed":false,"campfire_upgraded":3,"win_rate":0.0,"timestamp":1609876081,"path_taken":["M","M","?","?","M","R","M","M","T","?","M","?","M","M","R","BOSS","M","?","?","?","M","R","?"],"items_purchased_type":[],"build_version":"2020-12-22","purchased_purges":0,"victory":false,"max_hp_per_floor":[75,75,75,75,75,75,75,75,75,75,75,75,75,75,75,75,75,75,37,25,25,25,25,25,25],"card_choices":[{"not_picked":["expansioncontent:PolyBeam","Replay:Bootleg Shield Generator"],"picked":"Replay:SS_hec_4","floor":0},{"not_picked":["hermit:SprayPray","hermit:HighCaliber"],"picked":"hermit:Coalescence","floor":1},{"not_picked":["hermit:Roulette","hermit:Malice"],"picked":"hermit:Midnight","floor":2},{"not_picked":["hermit:Desperado","hermit:Showdown"],"picked":"hermit:LoneWolf","floor":5},{"not_picked":["hermit:Adapt","hermit:TrackingShot"],"picked":"hermit:Dive","floor":7},{"not_picked":["hermit:Brawl","hermit:Roulette"],"picked":"hermit:ItchyTrigger","floor":8},{"not_picked":["hermit:Vantage","hermit:Virtue"],"picked":"hermit:TakeCover","floor":10},{"not_picked":["hermit:Maintenance","hermit:Ricochet"],"picked":"hermit:Coalescence","floor":11},{"not_picked":["hermit:Virtue","hermit:EyeOfTheStorm"],"picked":"hermit:GhostlyPresence","floor":13},{"not_picked":["hermit:TakeCover","hermit:NoHoldsBarred"],"picked":"hermit:ItchyTrigger","floor":14},{"not_picked":["hermit:RoundhouseKick","hermit:FatalDesire"],"picked":"hermit:Purgatory","floor":16},{"not_picked":["hermit:Snipe","hermit:Showdown"],"picked":"hermit:FlashPowder","floor":18},{"not_picked":["hermit:Coalescence","hermit:FullyLoaded+1"],"picked":"hermit:BodyArmor","floor":22}],"player_experience":388298,"relics_obtained":[{"floor":9,"key":"theSenshi:FeatherClipsRelic"},{"floor":10,"key":"HollowMod:StagPassRelic"}],"event_choices":[{"damage_healed":0,"gold_gain":51,"player_choice":"Gained Gold","damage_taken":0,"max_hp_gain":0,"max_hp_loss":0,"event_name":"Golden Wing","floor":3,"gold_loss":0},{"damage_healed":0,"gold_gain":0,"player_choice":"Invest 2","damage_taken":0,"max_hp_gain":0,"max_hp_loss":0,"event_name":"conspire:Investor","floor":4,"gold_loss":0},{"damage_healed":0,"gold_gain":0,"player_choice":"Ignored","damage_taken":0,"max_hp_gain":0,"max_hp_loss":0,"event_name":"Fountain of Cleansing","floor":12,"gold_loss":0},{"damage_healed":0,"gold_gain":0,"player_choice":"Became a Ghost","damage_taken":0,"max_hp_gain":0,"max_hp_loss":38,"event_name":"Ghosts","floor":19,"gold_loss":0,"cards_obtained":["Ghostly","Ghostly","Ghostly","Ghostly","Ghostly"]},{"damage_healed":0,"gold_gain":0,"player_choice":"Became a vampire","damage_taken":0,"max_hp_gain":0,"max_hp_loss":12,"event_name":"Vampires","floor":20,"gold_loss":0,"cards_obtained":["Bite","Bite","Bite","Bite","Bite"]},{"cards_removed":["hermit:Showdown"],"damage_healed":0,"gold_gain":0,"player_choice":"Gave Gold","damage_taken":0,"max_hp_gain":0,"max_hp_loss":0,"event_name":"Beggar","floor":21,"gold_loss":75},{"damage_healed":0,"gold_gain":0,"player_choice":"Fought Bandits","damage_taken":0,"max_hp_gain":0,"max_hp_loss":0,"event_name":"Masked Bandits","floor":24,"gold_loss":0}],"is_beta":false,"boss_relics":[{"not_picked":["Black Star","Replay:Drink Me"],"picked":"Pandora\u0027s Box"}],"items_purged_floors":[],"is_endless":false,"potions_floor_spawned":[1,5,8,11,13,22],"killed_by":"Masked Bandits","ascension_level":0}}