{"host":"126yiuos2nq86se7","time":1609825764,"event":{"mods":["AchievementEnabler","Act Like it!","BaseMod","Colored Map","Colored Powertips","Downfall","Friendly Minions","Halation","Highlight Path","Jorbs\u0027s Wanderer Trilogy","Minty Spire (QoL Compilation)","StSLib","SuperFastMode","The Animator"],"gold_per_floor":[129,145,16,36,36,36,62,79,79,79,79,44,59,71,71,167,167,167,167,182,182,197,197,10,109,135,135,185,205,205,221,221,325,325,341,357,357,376,395,395,395,395,395,395,44,44,144,144,144],"floor_reached":48,"playtime":2157,"items_purged":["stsjorbsmod:Strike_Wanderer","stsjorbsmod:Strike_Wanderer","Parasite"],"score":430,"play_id":"cb307592-0b3e-4c9c-b3f2-f725fde8422e","local_time":"20210105164924","is_ascension_mode":false,"campfire_choices":[{"floor":6,"key":"REST"},{"floor":15,"key":"REST"},{"data":"stsjorbsmod:ArcaneForm","floor":23,"key":"SMITH"},{"floor":32,"key":"REST"},{"floor":40,"key":"REST"},{"floor":42,"key":"REST"},{"data":"stsjorbsmod:ArcaneWeapon","floor":44,"key":"SMITH"},{"data":"stsjorbsmod:Entangle","floor":46,"key":"SMITH"}],"circlet_count":0,"master_deck":["stsjorbsmod:ForbiddenGrimoire+1","stsjorbsmod:Strike_Wanderer","stsjorbsmod:Defend_Wanderer","stsjorbsmod:Defend_Wanderer","stsjorbsmod:Defend_Wanderer","stsjorbsmod:Defend_Wanderer","stsjorbsmod:FreshAdventure","stsjorbsmod:EyeOfTheStorm","stsjorbsmod:MagicMirror","stsjorbsmod:FaerieFire","stsjorbsmod:Message","stsjorbsmod:LoseGrip","stsjorbsmod:MistyStep","stsjorbsmod:ColorSpray","stsjorbsmod:ArcaneForm+1","stsjorbsmod:BookOfTongues","Necronomicurse","stsjorbsmod:BurningFlask+1","stsjorbsmod:TinyHut","stsjorbsmod:Materialize","stsjorbsmod:ArcaneWeapon+1","stsjorbsmod:Hibernate","stsjorbsmod:Entangle+1","stsjorbsmod:FreshAdventure","stsjorbsmod:Will+1","stsjorbsmod:Prestidigitation","stsjorbsmod:Pyromancy"],"relics":["stsjorbsmod:GrimoireRelic","Calipers","Torii","stsjorbsmod:AlchemistsFireRelic","SlaversCollar","Necronomicon","Centennial Puzzle","halation:EternalFortune","halation:Prosthetics","Unceasing Top","Juzu Bracelet"],"acts_visited":["Exordium","TheCity","TheBeyond"],"potions_floor_usage":[16,18,22,33,33],"damage_taken":[{"damage":0,"enemies":"Jaw Worm","floor":1,"turns":6},{"damage":8,"enemies":"Small Slimes","floor":2,"turns":3},{"damage":0,"enemies":"2 Louse","floor":4,"turns":4},{"damage":21,"enemies":"Gremlin Nob","floor":7,"turns":5},{"damage":1,"enemies":"Lots of Slimes","floor":8,"turns":6},{"damage":0,"enemies":"2 Fungi Beasts","floor":13,"turns":2},{"damage":1,"enemies":"Exordium Wildlife","floor":14,"turns":4},{"damage":12,"enemies":"The Guardian","floor":16,"turns":10},{"damage":0,"enemies":"2 Thieves","floor":18,"turns":1},{"damage":0,"enemies":"Chosen","floor":20,"turns":6},{"damage":2,"enemies":"Centurion and Healer","floor":22,"turns":7},{"damage":10,"enemies":"Cultist and Chosen","floor":29,"turns":6},{"damage":18,"enemies":"Colosseum Slavers","floor":30,"turns":4},{"damage":2,"enemies":"Snake Plant","floor":31,"turns":5},{"damage":13,"enemies":"Collector","floor":33,"turns":6},{"damage":19,"enemies":"3 Shapes","floor":35,"turns":7},{"damage":13,"enemies":"Orb Walker","floor":36,"turns":5},{"damage":18,"enemies":"3 Darklings","floor":38,"turns":7},{"damage":7,"enemies":"Writhing Mass","floor":39,"turns":7},{"damage":52,"enemies":"Jaw Worm Horde","floor":48,"turns":4}],"seed_played":"-254658998755555398","potions_obtained":[{"floor":2,"key":"FairyPotion"},{"floor":8,"key":"FearPotion"},{"floor":14,"key":"SpeedPotion"},{"floor":16,"key":"SmokeBomb"},{"floor":22,"key":"ColorlessPotion"},{"floor":29,"key":"Dexterity Potion"},{"floor":35,"key":"DistilledChaos"}],"is_trial":false,"path_per_floor":["M","M","$","M","$","R","E","M","T","?","?","$","M","M","R","B",null,"M","?","M","?","M","R","$","?","T","?","?","M","?","M","R","B",null,"M","M","?","M","M","R","?","R","T","R","$","R","?","M"],"character_chosen":"WANDERER","items_purchased":["stsjorbsmod:Message","stsjorbsmod:ColorSpray","stsjorbsmod:TinyHut","stsjorbsmod:Materialize","stsjorbsmod:Pyromancy","Juzu Bracelet"],"campfire_rested":5,"item_purchase_floors":[3,12,24,24,45,45],"current_hp_per_floor":[55,48,48,48,48,69,49,52,52,45,50,50,51,51,74,62,77,77,77,77,61,64,64,64,64,64,67,67,62,45,47,71,63,45,29,20,20,2,15,29,29,43,43,43,43,43,43,0,0],"gold":144,"neow_bonus":"ONE_RARE_RELIC","is_daily":false,"chose_seed":false,"campfire_upgraded":3,"win_rate":0.0,"timestamp":1609825764,"path_taken":["M","M","$","M","$","R","E","M","T","?","?","$","M","M","R","BOSS","M","?","M","?","M","R","$","?","T","?","?","?","?","M","R","BOSS","M","M","?","?","M","R","?","R","T","R","$","R","?","M"],"items_purchased_type":["Card","Card","Card","Card","Card","Relic"],"build_version":"2020-12-22","purchased_purges":3,"victory":false,"max_hp_per_floor":[70,70,70,70,70,70,70,72,72,72,77,77,77,77,77,77,77,77,77,77,77,77,77,77,77,77,80,80,80,80,80,80,80,45,48,48,48,48,48,48,48,48,48,48,45,45,45,45,45],"card_choices":[{"not_picked":["stsjorbsmod:ChainLightning","stsjorbsmod:WeightOfMemory"],"picked":"stsjorbsmod:MagicMirror","floor":1},{"not_picked":["stsjorbsmod:Mania","stsjorbsmod:Mending"],"picked":"stsjorbsmod:FaerieFire","floor":2},{"not_picked":["stsjorbsmod:TrueStrike","stsjorbsmod:Thorns","stsjorbsmod:DoubleCheck"],"picked":"SKIP","floor":4},{"not_picked":["stsjorbsmod:Will","stsjorbsmod:ChatteringStrike"],"picked":"stsjorbsmod:LoseGrip","floor":7},{"not_picked":["stsjorbsmod:Mending","stsjorbsmod:BlackTentacles"],"picked":"stsjorbsmod:MistyStep","floor":8},{"not_picked":["stsjorbsmod:Mania","stsjorbsmod:TrueStrike","stsjorbsmod:BlackTentacles"],"picked":"SKIP","floor":13},{"not_picked":["stsjorbsmod:Will","stsjorbsmod:Prepare","stsjorbsmod:DeathThroes"],"picked":"SKIP","floor":14},{"not_picked":["stsjorbsmod:HoldMonster","stsjorbsmod:Withdraw"],"picked":"stsjorbsmod:ArcaneForm","floor":16},{"not_picked":["stsjorbsmod:Channel","stsjorbsmod:ChainLightning+1"],"picked":"stsjorbsmod:BookOfTongues","floor":20},{"not_picked":["stsjorbsmod:HedgeWizard","stsjorbsmod:TollTheDead"],"picked":"stsjorbsmod:BurningFlask+1","floor":22},{"not_picked":["stsjorbsmod:UnseenServant","stsjorbsmod:Thorns"],"picked":"stsjorbsmod:ArcaneWeapon","floor":29},{"not_picked":["stsjorbsmod:TrueStrike+1","stsjorbsmod:BlackTentacles"],"picked":"stsjorbsmod:Hibernate","floor":31},{"not_picked":["stsjorbsmod:HoldMonster","stsjorbsmod:GatherPower"],"picked":"stsjorbsmod:Entangle","floor":33},{"not_picked":["stsjorbsmod:Materialize","stsjorbsmod:UnseenServant+1","stsjorbsmod:ChatteringStrike"],"picked":"SKIP","floor":35},{"not_picked":["stsjorbsmod:MagicMirror+1","stsjorbsmod:BlackTentacles","stsjorbsmod:OldPocket"],"picked":"SKIP","floor":36},{"not_picked":["stsjorbsmod:TinyHut","stsjorbsmod:TollTheDead"],"picked":"stsjorbsmod:Will+1","floor":38},{"not_picked":["stsjorbsmod:ParryingBlow+1","stsjorbsmod:BurningFlask"],"picked":"stsjorbsmod:Prestidigitation","floor":39}],"player_experience":1605221,"relics_obtained":[{"floor":7,"key":"Torii"},{"floor":9,"key":"stsjorbsmod:AlchemistsFireRelic"},{"floor":21,"key":"Necronomicon"},{"floor":26,"key":"Centennial Puzzle"},{"floor":35,"key":"halation:EternalFortune"},{"floor":43,"key":"Unceasing Top"}],"event_choices":[{"cards_removed":["stsjorbsmod:Strike_Wanderer"],"damage_healed":0,"gold_gain":0,"player_choice":"Card Removal","damage_taken":7,"max_hp_gain":0,"max_hp_loss":0,"event_name":"Golden Wing","floor":10,"gold_loss":0},{"damage_healed":0,"gold_gain":0,"player_choice":"Donut","damage_taken":0,"max_hp_gain":5,"max_hp_loss":0,"event_name":"Big Fish","floor":11,"gold_loss":0},{"damage_healed":0,"gold_gain":0,"player_choice":"Ignored","damage_taken":0,"max_hp_gain":0,"max_hp_loss":0,"event_name":"The Mausoleum","floor":19,"gold_loss":0},{"damage_healed":0,"gold_gain":0,"player_choice":"Obtained Book","damage_taken":16,"max_hp_gain":0,"max_hp_loss":0,"event_name":"Cursed Tome","floor":21,"gold_loss":0},{"damage_healed":0,"gold_gain":99,"player_choice":"Stole From Cult","damage_taken":0,"max_hp_gain":0,"max_hp_loss":0,"event_name":"Nest","floor":25,"gold_loss":0},{"damage_healed":0,"gold_gain":100,"player_choice":"Bet on Murderer","damage_taken":0,"max_hp_gain":0,"max_hp_loss":0,"event_name":"The Joust","floor":28,"gold_loss":50},{"damage_healed":0,"gold_gain":0,"player_choice":"Fight","damage_taken":0,"max_hp_gain":0,"max_hp_loss":0,"event_name":"Colosseum","floor":30,"gold_loss":0},{"damage_healed":0,"gold_gain":0,"player_choice":"Fled From Nobs","damage_taken":0,"max_hp_gain":0,"max_hp_loss":0,"event_name":"Colosseum","floor":30,"gold_loss":0},{"damage_healed":0,"gold_gain":0,"player_choice":"1 cards matched","damage_taken":0,"max_hp_gain":0,"max_hp_loss":0,"event_name":"Match and Keep!","floor":37,"gold_loss":0,"cards_obtained":["stsjorbsmod:FreshAdventure"]},{"damage_healed":0,"gold_gain":0,"player_choice":"Ignored","damage_taken":0,"max_hp_gain":0,"max_hp_loss":0,"event_name":"Mysterious Sphere","floor":41,"gold_loss":0},{"damage_healed":0,"gold_gain":100,"player_choice":"Pray","damage_taken":0,"max_hp_gain":0,"max_hp_loss":0,"event_name":"Golden Shrine","floor":47,"gold_loss":0}],"is_beta":false,"boss_relics":[{"not_picked":["Empty Cage","Tiny House"],"picked":"SlaversCollar"},{"not_picked":["Runic Pyramid","Runic Dome"],"picked":"halation:Prosthetics"}],"items_purged_floors":[3,24,45],"is_endless":false,"potions_floor_spawned":[2,8,14,16,22,29,31,35],"killed_by":"Jaw Worm Horde","ascension_level":0}}