{"host":"iyvjjqtjrywxqc57","time":1609835683,"event":{"mods":["AchievementEnabler","BaseMod","Bestiary","Better Altar","Better Match","Better Note","Better Sensory Stone","Better Skull","Better Third Choice","Colored Map","Colored Powertips","Displayed Cursed Tome","Downfall","Jorbs\u0027s Wanderer Trilogy","Minty Spire (QoL Compilation)","Quick Restart","Rare Cards Sparkle","Relic Stats","StSLib"],"gold_per_floor":[112,112,112,112,112,112,87,148,148,174,189,207,7,19,19,117,117,134,122,122,122,122],"floor_reached":21,"playtime":1731,"items_purged":[],"score":202,"play_id":"4a330d7c-52d7-438b-8ea0-1c8a585f38d1","local_time":"20210105023443","is_ascension_mode":false,"campfire_choices":[{"data":"Omniscience","floor":6,"key":"SMITH"},{"data":"expansioncontent:Corrupt","floor":15,"key":"SMITH"}],"circlet_count":0,"master_deck":["Strike_G","Strike_G","Strike_G","Strike_G","Defend_G","Defend_G","Defend_G","Defend_G+1","Defend_G","Survivor","Neutralize","Poisoned Stab","Finesse","Omniscience+1","Quick Slash","Slice","Deadly Poison+1","Predator","Blade Dance","expansioncontent:Corrupt+1","Dash","Bouncing Flask","Envenom","CurseOfTheBell","Poisoned Stab","Blade Dance+1"],"relics":["Ring of the Snake","NeowsBlessing","Boot","Centennial Puzzle","Question Card","MealTicket","Calling Bell","Nunchaku","Toxic Egg 2","Girya","War Paint","Anchor"],"acts_visited":["Exordium","TheCity"],"potions_floor_usage":[16,19],"damage_taken":[{"damage":0,"enemies":"Cultist","floor":1,"turns":1},{"damage":0,"enemies":"3 Sentries","floor":8,"turns":1},{"damage":0,"enemies":"3 Sentries","floor":10,"turns":1},{"damage":0,"enemies":"2 Louse","floor":11,"turns":2},{"damage":0,"enemies":"Small Slimes","floor":12,"turns":2},{"damage":0,"enemies":"3 Louse","floor":14,"turns":2},{"damage":26,"enemies":"The Guardian","floor":16,"turns":8},{"damage":24,"enemies":"Spheric Guardian","floor":18,"turns":4},{"damage":5,"enemies":"2 Thieves","floor":19,"turns":4},{"damage":11,"enemies":"3 Cultists","floor":21,"turns":2}],"seed_played":"-6235627748920643873","potions_obtained":[{"floor":11,"key":"Guardian:BlockOnCardUsePotion"},{"floor":12,"key":"FearPotion"},{"floor":16,"key":"sneckomod:MuddlingPotion"}],"is_trial":false,"path_per_floor":["M","?","?","?","?","R","$","?","T","E","M","M","$","M","R","B",null,"M","M","?","M"],"character_chosen":"THE_SILENT","items_purchased":["Quick Slash","expansioncontent:Corrupt","Dash"],"campfire_rested":0,"item_purchase_floors":[7,13,13],"current_hp_per_floor":[70,70,63,63,36,36,36,36,36,36,36,36,51,51,51,25,70,46,41,6,0,0],"gold":122,"neow_bonus":"THREE_ENEMY_KILL","is_daily":false,"chose_seed":false,"campfire_upgraded":2,"win_rate":0.0,"timestamp":1609835683,"path_taken":["M","?","?","?","?","R","$","?","T","E","?","M","$","M","R","BOSS","M","?","?","M"],"items_purchased_type":["Card","Card","Card"],"build_version":"2020-12-22","purchased_purges":0,"victory":false,"max_hp_per_floor":[70,70,70,70,70,70,70,70,70,70,70,70,70,70,70,70,70,70,70,70,70,70],"relic_stats":{"Centennial Puzzle":[12],"Nunchaku":[2],"counters":[10,27],"MealTicket":15,"War Paint":["Deadly Poison","Defend_G"],"Boot":[25],"Question Card":8,"obtain_stats":[{"Calling Bell":17,"Girya":17,"Centennial Puzzle":8,"Nunchaku":17,"Anchor":20,"NeowsBlessing":0,"MealTicket":10,"Toxic Egg 2":17,"War Paint":20,"Boot":5,"Question Card":9,"Ring of the Snake":0},{"Calling Bell":7,"Girya":7,"Centennial Puzzle":1,"Nunchaku":7,"Anchor":9,"NeowsBlessing":0,"MealTicket":3,"Toxic Egg 2":7,"War Paint":9,"Boot":1,"Question Card":2,"Ring of the Snake":0},{"Calling Bell":17,"Girya":17,"Centennial Puzzle":1,"Nunchaku":17,"Anchor":25,"NeowsBlessing":0,"MealTicket":3,"Toxic Egg 2":17,"War Paint":25,"Boot":1,"Question Card":2,"Ring of the Snake":0}],"Ring of the Snake":[20]},"card_choices":[{"not_picked":["Dodge and Roll","Bane"],"picked":"Poisoned Stab","floor":1},{"not_picked":["Purity","expansioncontent:CaCaw"],"picked":"Finesse","floor":2},{"not_picked":["Dodge and Roll","Tactician"],"picked":"Slice","floor":8},{"not_picked":["Burst","Outmaneuver","Blade Dance"],"picked":"Deadly Poison","floor":10},{"not_picked":["Slice","Calculated Gamble","Prepared"],"picked":"Predator","floor":11},{"not_picked":["Bane","Flying Knee","Underhanded Strike"],"picked":"Blade Dance","floor":12},{"not_picked":["Leg Sweep","Choke","Slice"],"picked":"Bouncing Flask","floor":14},{"not_picked":["Phantasmal Killer","Glass Knife","Bullet Time"],"picked":"Envenom","floor":16},{"not_picked":["Dodge and Roll+1","Choke","Riddle With Holes"],"picked":"Poisoned Stab","floor":18},{"not_picked":["Outmaneuver+1","Underhanded Strike","Bullet Time+1"],"picked":"Blade Dance+1","floor":19}],"player_experience":77574,"relics_obtained":[{"floor":9,"key":"Question Card"},{"floor":10,"key":"MealTicket"},{"floor":17,"key":"Nunchaku"},{"floor":17,"key":"Toxic Egg 2"},{"floor":17,"key":"Girya"}],"event_choices":[{"damage_healed":0,"gold_gain":1,"player_choice":"1","damage_taken":0,"max_hp_gain":0,"max_hp_loss":0,"event_name":"betterStone:BetterStone","floor":2,"gold_loss":0},{"cards_removed":["Strike_G"],"damage_healed":0,"gold_gain":0,"player_choice":"Card Removal","damage_taken":7,"max_hp_gain":0,"max_hp_loss":0,"event_name":"Golden Wing","floor":3,"gold_loss":0},{"damage_healed":0,"gold_gain":0,"player_choice":"Leave","damage_taken":0,"max_hp_gain":0,"max_hp_loss":0,"event_name":"The Cleric","floor":4,"gold_loss":0},{"damage_healed":0,"gold_gain":0,"player_choice":"Searched \u00272\u0027 times","damage_taken":0,"relics_obtained":["Centennial Puzzle"],"max_hp_gain":0,"max_hp_loss":0,"event_name":"Dead Adventurer","floor":8,"gold_loss":0},{"damage_healed":0,"gold_gain":0,"player_choice":"RE RE ","damage_taken":39,"relics_obtained":["War Paint","Anchor"],"max_hp_gain":0,"max_hp_loss":0,"event_name":"betterSkull:BetterSkull","floor":20,"gold_loss":0,"cards_upgraded":[]}],"is_beta":false,"boss_relics":[{"not_picked":["Snecko Eye","Ectoplasm"],"picked":"Calling Bell"}],"items_purged_floors":[],"is_endless":false,"potions_floor_spawned":[11,12,16],"killed_by":"3 Cultists","ascension_level":0}}