{"host":"ikjt6v4q6zrcj3if","time":1609861193,"event":{"mods":["BaseMod","CapriCore","Colored Map","Downfall","Luminous","Minty Spire (QoL Compilation)","Permanent Neow","Quick Restart","Replay The Spire","Robot Space Explorer","Somnambulant","Spicy Shops","StSLib","SuperFastMode","The Exalted","The Marked","The Runesmith","TheSwordswoman","WarShipGirlsR/??è≠èóR mod"],"gold_per_floor":[110,110,129,142,165,165,11,11,11,11,11,11,62,82,82,82,82],"floor_reached":16,"playtime":388,"items_purged":[],"score":90,"play_id":"0ee5fccf-6e1a-41d7-afe2-b2709c911a57","local_time":"20210106003953","is_ascension_mode":false,"campfire_choices":[{"data":"theMarked:ChannelForce","floor":6,"key":"SMITH"},{"data":"theMarked:SoldierOfQuellstein","floor":8,"key":"SMITH"},{"data":"theMarked:HeritageOfTheMarked","floor":15,"key":"SMITH"}],"circlet_count":0,"master_deck":["theMarked:Strike","theMarked:Strike","theMarked:Strike","theMarked:Strike","theMarked:Strike","theMarked:Defend","theMarked:Defend","theMarked:Defend","theMarked:SoldierOfQuellstein+1","theMarked:ChannelForce+1","theMarked:HeritageOfTheMarked+1"],"relics":["theMarked:ArtifactOfAir","Golden Idol","Bromod:ArcaneGuardian","Gremlin Food"],"acts_visited":["Exordium"],"potions_floor_usage":[16],"damage_taken":[{"damage":10,"enemies":"Small Slimes","floor":1,"turns":2},{"damage":6,"enemies":"Jaw Worm","floor":3,"turns":3},{"damage":0,"enemies":"2 Louse","floor":4,"turns":3},{"damage":10,"enemies":"Looter","floor":5,"turns":2},{"damage":16,"enemies":"Large Slime","floor":14,"turns":5},{"damage":22,"enemies":"The Guardian","floor":16,"turns":2}],"seed_played":"-5554869091530805892","potions_obtained":[{"floor":4,"key":"Explosive Potion"},{"floor":5,"key":"Toxic Potion"}],"is_trial":false,"path_per_floor":["M","?","M","M","M","R","$","R","T","$","?","?","T","M","R","B"],"character_chosen":"THE_DEFAULT","items_purchased":["theMarked:HeritageOfTheMarked"],"campfire_rested":0,"item_purchase_floors":[7],"current_hp_per_floor":[60,43,37,37,27,27,27,27,27,27,27,27,27,11,11,0,0],"gold":82,"neow_bonus":"ONE_RANDOM_RARE_CARD","is_daily":false,"chose_seed":false,"campfire_upgraded":3,"win_rate":0.0,"timestamp":1609861193,"path_taken":["M","?","M","M","M","R","$","R","T","$","?","?","?","M","R","BOSS"],"items_purchased_type":["Card"],"build_version":"2020-12-22","purchased_purges":0,"victory":false,"max_hp_per_floor":[70,70,70,70,70,70,70,70,70,70,70,70,70,70,70,70,70],"card_choices":[{"not_picked":["theMarked:HeightenedSenses","theMarked:Aftermath","theMarked:WastefulAttack"],"picked":"SKIP","floor":1},{"not_picked":["theMarked:ElectricStrings","theMarked:BanishingStrike","theMarked:GodGivenPower"],"picked":"SKIP","floor":3},{"not_picked":["theMarked:SwordAndMagic","theMarked:Parkour","theMarked:Aftermath"],"picked":"SKIP","floor":4},{"not_picked":["theMarked:ReduceFriction","theMarked:StartUp","theMarked:Electrocute"],"picked":"SKIP","floor":5},{"not_picked":["theMarked:EnhanceMovement","theMarked:ResourceFulStrike","theMarked:WastefulDefense"],"picked":"SKIP","floor":14}],"player_experience":352857,"relics_obtained":[{"floor":9,"key":"Bromod:ArcaneGuardian"},{"floor":13,"key":"Gremlin Food"}],"event_choices":[{"damage_healed":0,"gold_gain":0,"player_choice":"Take Damage","damage_taken":17,"relics_obtained":["Golden Idol"],"max_hp_gain":0,"max_hp_loss":0,"event_name":"Golden Idol","floor":2,"gold_loss":0}],"is_beta":false,"boss_relics":[],"items_purged_floors":[],"is_endless":false,"potions_floor_spawned":[4,5],"killed_by":"The Guardian","ascension_level":0}}