{"host":"w9yruvs4bqht6bhw","time":1609814348,"event":{"mods":["BaseMod","Colored Powertips","Minty Spire (QoL Compilation)"],"gold_per_floor":[117,117,117,117,91,110,145,145,145,19,19,32,42,54,54,54,54],"floor_reached":16,"playtime":429,"items_purged":["Defend_R"],"score":140,"play_id":"acae1f61-6bd9-4070-a686-be486076ab83","local_time":"20210104213908","is_ascension_mode":true,"campfire_choices":[{"data":"Bash","floor":15,"key":"SMITH"}],"circlet_count":0,"master_deck":["Strike_R+1","Strike_R","Strike_R","Strike_R","Strike_R","Defend_R","Defend_R","Defend_R+1","Bash+1","Double Tap","Shrug It Off","Shrug It Off","Perfected Strike","Carnage"],"relics":["Burning Blood","HornCleat","Potion Belt","Peace Pipe","Dead Branch"],"acts_visited":["Exordium"],"potions_floor_usage":[7,16,16],"damage_taken":[{"damage":0,"enemies":"Small Slimes","floor":1,"turns":3},{"damage":7,"enemies":"Jaw Worm","floor":6,"turns":4},{"damage":40,"enemies":"Gremlin Nob","floor":7,"turns":5},{"damage":2,"enemies":"2 Louse","floor":12,"turns":4},{"damage":3,"enemies":"Looter","floor":13,"turns":3},{"damage":0,"enemies":"2 Fungi Beasts","floor":14,"turns":4},{"damage":56,"enemies":"Hexaghost","floor":16,"turns":9}],"seed_played":"-8673566345266759854","potions_obtained":[{"floor":1,"key":"SpeedPotion"},{"floor":7,"key":"Dexterity Potion"}],"is_trial":false,"path_per_floor":["M","?","?","?","$","M","E","T","T","$","?","M","M","M","R","B"],"character_chosen":"IRONCLAD","items_purchased":["Shrug It Off","ColorlessPotion"],"campfire_rested":0,"item_purchase_floors":[5,10],"current_hp_per_floor":[78,62,62,80,80,79,45,45,45,45,42,46,49,55,55,0,0],"gold":54,"neow_bonus":"ONE_RANDOM_RARE_CARD","is_daily":false,"chose_seed":false,"campfire_upgraded":1,"win_rate":0.0,"timestamp":1609814348,"path_taken":["M","?","?","?","$","M","E","?","T","?","?","M","?","M","R","BOSS"],"items_purchased_type":["Card","Potion"],"build_version":"2020-12-22","purchased_purges":1,"victory":false,"max_hp_per_floor":[80,80,80,80,80,80,80,80,80,80,80,80,80,80,80,80,80],"card_choices":[{"not_picked":["Burning Pact","Reckless Charge"],"picked":"Shrug It Off","floor":1},{"not_picked":["Dropkick","Warcry","Armaments"],"picked":"SKIP","floor":6},{"not_picked":["Metallicize","Clothesline"],"picked":"Perfected Strike","floor":7},{"not_picked":["Whirlwind","Armaments","Headbutt"],"picked":"SKIP","floor":12},{"not_picked":["Juggernaut","Heavy Blade"],"picked":"Carnage","floor":13},{"not_picked":["Clash","Bloodletting","Twin Strike"],"picked":"SKIP","floor":14}],"player_experience":330642,"relics_obtained":[{"floor":7,"key":"HornCleat"},{"floor":8,"key":"Potion Belt"},{"floor":9,"key":"Peace Pipe"}],"event_choices":[{"damage_healed":0,"gold_gain":0,"player_choice":"Entered Light","damage_taken":16,"max_hp_gain":0,"max_hp_loss":0,"event_name":"Shining Light","floor":2,"gold_loss":0,"cards_upgraded":["Defend_R","Strike_R"]},{"damage_healed":0,"gold_gain":0,"player_choice":"Leave","damage_taken":0,"max_hp_gain":0,"max_hp_loss":0,"event_name":"The Cleric","floor":3,"gold_loss":0},{"damage_healed":26,"gold_gain":0,"player_choice":"Banana","damage_taken":0,"max_hp_gain":0,"max_hp_loss":0,"event_name":"Big Fish","floor":4,"gold_loss":0},{"damage_healed":0,"gold_gain":0,"player_choice":"Success","damage_taken":3,"relics_obtained":["Dead Branch"],"max_hp_gain":0,"max_hp_loss":0,"event_name":"Scrap Ooze","floor":11,"gold_loss":0}],"is_beta":false,"boss_relics":[],"items_purged_floors":[10],"is_endless":false,"potions_floor_spawned":[1,7],"killed_by":"Hexaghost","ascension_level":8}}