{"host":"sum4dy402bbv9y4o","time":1609874937,"event":{"mods":["Aspiration","BaseMod","Conspire","Highlight Path","Minty Spire (QoL Compilation)","StSLib"],"gold_per_floor":[112,112,27,27,41,75,75,106,151,151,166,166,180,207,207,279,279,299,59,72,92,7,32,32,61,61,61,92,111,137,187,187,259,259,276,294,310,324,172,172,7,32,77,89,121,36,36,36,36,36,36,36],"floor_reached":51,"playtime":2446,"items_purged":["Strike_B","Strike_B","Strike_B"],"score":1827,"play_id":"bcb69135-e3bc-4d11-9bab-534c3269e136","local_time":"20210105222857","is_ascension_mode":true,"campfire_choices":[{"data":"Defragment","floor":10,"key":"SMITH"},{"data":"Dualcast","floor":12,"key":"SMITH"},{"data":"Zap","floor":15,"key":"SMITH"},{"floor":24,"key":"REST"},{"data":"Redo","floor":27,"key":"SMITH"},{"floor":32,"key":"REST"},{"data":"Buffer","floor":40,"key":"SMITH"},{"data":"Redo","floor":47,"key":"SMITH"},{"floor":49,"key":"REST"}],"circlet_count":0,"master_deck":["AscendersBane","Strike_B","Defend_B","Defend_B","Defend_B","Zap+1","Dualcast+1","Chill","Defragment+1","Self Repair","Beam Cell","Melter","Ball Lightning","Sweeping Beam","Coolheaded","Streamline","Core Surge","Redo+1","Redo+1","Go for the Eyes","Ball Lightning+1","Cold Snap","Chill","Buffer+1","Cold Snap","aspiration:Polymerization+1","Fission+1","Redo+1","Redo+1","aspiration:Polymerization+1","Machine Learning"],"relics":["Cracked Core","NeowsBlessing","Omamori","aspiration:FaultyCoupler","aspiration:EnhancedActuators","Strawberry","conspire:DeflatedDodgeball","Black Star","conspire:Flyswatter","aspiration:Nostalgia","Ring of the Snake","Art of War","Toxic Egg 2","Darkstone Periapt","HornCleat","Bag of Marbles","Akabeko","Ornamental Fan","Bottled Tornado","Calling Bell","Vajra","Singing Bowl","Incense Burner","conspire:IceCreamScoop","Meat on the Bone","aspiration:HiddenCompartment","Mercury Hourglass","Letter Opener"],"acts_visited":["Exordium","TheCity","TheBeyond"],"potions_floor_usage":[8,14,16,25,33,33,38,50],"damage_taken":[{"damage":0,"enemies":"Jaw Worm","floor":1,"turns":1},{"damage":0,"enemies":"conspire:RoseBush","floor":5,"turns":1},{"damage":0,"enemies":"Lagavulin","floor":6,"turns":2},{"damage":33,"enemies":"Gremlin Nob","floor":8,"turns":4},{"damage":0,"enemies":"Small Slimes","floor":11,"turns":2},{"damage":0,"enemies":"2 Fungi Beasts","floor":13,"turns":2},{"damage":19,"enemies":"3 Sentries","floor":14,"turns":5},{"damage":4,"enemies":"The Guardian","floor":16,"turns":8},{"damage":0,"enemies":"Spheric Guardian","floor":18,"turns":1},{"damage":17,"enemies":"2 Thieves","floor":20,"turns":3},{"damage":0,"enemies":"Snake Plant","floor":21,"turns":3},{"damage":18,"enemies":"conspire:Head Lice","floor":23,"turns":10},{"damage":32,"enemies":"Gremlin Leader","floor":25,"turns":8},{"damage":11,"enemies":"conspire:SneckoGhost","floor":28,"turns":7},{"damage":0,"enemies":"3 Cultists","floor":29,"turns":4},{"damage":11,"enemies":"Gremlin Leader","floor":30,"turns":6},{"damage":0,"enemies":"Champ","floor":33,"turns":16},{"damage":5,"enemies":"3 Shapes","floor":35,"turns":4},{"damage":2,"enemies":"Orb Walker","floor":36,"turns":2},{"damage":4,"enemies":"Sphere and 2 Shapes","floor":37,"turns":6},{"damage":37,"enemies":"Transient","floor":38,"turns":6},{"damage":0,"enemies":"Giant Head","floor":42,"turns":9},{"damage":0,"enemies":"Spire Growth","floor":44,"turns":5},{"damage":0,"enemies":"Nemesis","floor":45,"turns":7},{"damage":72,"enemies":"conspire:OrnateMirror","floor":50,"turns":10},{"damage":77,"enemies":"Awakened One","floor":51,"turns":16}],"seed_played":"5954461823543110051","potions_obtained":[{"floor":1,"key":"EntropicBrew"},{"floor":16,"key":"PowerPotion"},{"floor":29,"key":"SkillPotion"},{"floor":33,"key":"Ancient Potion"},{"floor":36,"key":"EssenceOfSteel"},{"floor":37,"key":"LiquidMemories"},{"floor":38,"key":"FairyPotion"}],"is_trial":false,"path_per_floor":["M","?","$","?","M","E","?","E","T","R","M","R","M","E","R","B",null,"M","$","M","M","?","E","R","E","T","R","E","M","E","?","R","B",null,"M","M","M","M","$","R","$","E","T","M","E","$","R","?","R","B","B"],"character_chosen":"DEFECT","items_purchased":["Defragment","Redo","Strength Potion","Go for the Eyes","Redo+1","aspiration:Polymerization+1","PotionOfCapacity"],"campfire_rested":3,"item_purchase_floors":[3,19,19,19,39,41,46],"current_hp_per_floor":[64,60,60,60,60,67,67,41,48,48,55,55,55,43,43,46,70,70,70,53,60,60,49,72,40,40,40,36,36,32,25,48,55,72,69,67,72,37,37,37,37,46,46,55,62,62,62,62,88,35,0,0],"gold":36,"neow_bonus":"THREE_ENEMY_KILL","is_daily":false,"chose_seed":false,"campfire_upgraded":6,"win_rate":0.0,"timestamp":1609874937,"path_taken":["M","?","$","?","M","E","?","E","T","R","M","R","?","E","R","BOSS","M","$","M","M","?","E","R","E","T","R","E","M","E","?","R","BOSS","M","?","?","M","$","R","$","E","T","M","E","$","R","?","R","BOSS","BOSS"],"items_purchased_type":["Card","Card","Potion","Card","Card","Card","Potion"],"build_version":"2020-12-22","purchased_purges":3,"victory":false,"max_hp_per_floor":[71,71,71,71,71,71,71,71,78,78,78,78,78,78,78,78,78,78,78,78,78,78,78,78,78,78,78,78,78,78,78,78,78,78,80,80,82,84,84,84,84,86,86,88,88,88,88,88,88,88,88,88],"card_choices":[{"not_picked":["Sweeping Beam","Barrage"],"picked":"Chill","floor":1},{"not_picked":["Turbo","Stack"],"picked":"Beam Cell","floor":5},{"not_picked":["Reinforced Body","Streamline"],"picked":"Melter","floor":6},{"not_picked":["Chaos","conspire:SharedLibrary"],"picked":"Ball Lightning","floor":8},{"not_picked":["Leap","Steam"],"picked":"Sweeping Beam","floor":11},{"not_picked":["Rebound","Steam"],"picked":"Coolheaded","floor":13},{"not_picked":["Gash","Scrape"],"picked":"Streamline","floor":14},{"not_picked":["Fission","Creative AI"],"picked":"Core Surge","floor":16},{"not_picked":["Stack","Compile Driver"],"picked":"Redo","floor":18},{"not_picked":["Compile Driver","Hologram"],"picked":"Ball Lightning+1","floor":20},{"not_picked":["Stack","FTL"],"picked":"Cold Snap","floor":21},{"not_picked":["Redo","FTL"],"picked":"Chill","floor":23},{"not_picked":["Sunder","Gash"],"picked":"Buffer","floor":25},{"not_picked":["Creative AI","Chill+1"],"picked":"Cold Snap","floor":28},{"not_picked":["Sweeping Beam","Gash","Scrape"],"picked":"SKIP","floor":29},{"not_picked":["Storm","Reprogram+1"],"picked":"aspiration:Polymerization+1","floor":30},{"not_picked":["Seek+1","All For One"],"picked":"Fission+1","floor":33},{"not_picked":["Stack+1","Go for the Eyes","Conserve Battery+1"],"picked":"Singing Bowl","floor":35},{"not_picked":["Leap+1","Steam+1"],"picked":"Redo+1","floor":36},{"not_picked":["Lockon","Turbo+1","Glacier+1"],"picked":"Singing Bowl","floor":37},{"not_picked":["Streamline","Doom and Gloom+1","Chill+1"],"picked":"Singing Bowl","floor":38},{"not_picked":["Coolheaded+1","Conserve Battery+1","Beam Cell"],"picked":"Singing Bowl","floor":42},{"not_picked":["Rebound","Hologram+1","Gash"],"picked":"Singing Bowl","floor":44},{"not_picked":["Streamline","BootSequence+1"],"picked":"Machine Learning","floor":45}],"player_experience":2907732,"relics_obtained":[{"floor":6,"key":"Omamori"},{"floor":8,"key":"aspiration:EnhancedActuators"},{"floor":9,"key":"Strawberry"},{"floor":14,"key":"conspire:DeflatedDodgeball"},{"floor":23,"key":"aspiration:Nostalgia"},{"floor":23,"key":"Art of War"},{"floor":25,"key":"Toxic Egg 2"},{"floor":25,"key":"Darkstone Periapt"},{"floor":26,"key":"HornCleat"},{"floor":28,"key":"Bag of Marbles"},{"floor":28,"key":"Akabeko"},{"floor":30,"key":"Ornamental Fan"},{"floor":30,"key":"Bottled Tornado"},{"floor":34,"key":"Vajra"},{"floor":34,"key":"Singing Bowl"},{"floor":34,"key":"Incense Burner"},{"floor":42,"key":"conspire:IceCreamScoop"},{"floor":42,"key":"Meat on the Bone"},{"floor":43,"key":"aspiration:HiddenCompartment"},{"floor":45,"key":"Mercury Hourglass"},{"floor":45,"key":"Letter Opener"}],"event_choices":[{"damage_healed":0,"gold_gain":0,"player_choice":"Leave","damage_taken":0,"max_hp_gain":0,"max_hp_loss":0,"event_name":"conspire:Investor","floor":2,"gold_loss":0},{"damage_healed":0,"gold_gain":0,"cards_transformed":["Defend_B"],"player_choice":"Change","damage_taken":0,"max_hp_gain":0,"max_hp_loss":0,"event_name":"Living Wall","floor":4,"gold_loss":0,"cards_obtained":["Self Repair"]},{"damage_healed":0,"gold_gain":0,"player_choice":"Box","damage_taken":0,"relics_obtained":["aspiration:FaultyCoupler"],"max_hp_gain":0,"max_hp_loss":0,"event_name":"Big Fish","floor":7,"gold_loss":0,"cards_obtained":["Regret"]},{"damage_healed":0,"gold_gain":0,"player_choice":"Obtained Relic","damage_taken":0,"relics_obtained":["conspire:Flyswatter"],"max_hp_gain":0,"max_hp_loss":0,"event_name":"Addict","floor":22,"gold_loss":85},{"damage_healed":0,"gold_gain":50,"player_choice":"Touch","damage_taken":7,"max_hp_gain":0,"max_hp_loss":0,"event_name":"FaceTrader","floor":31,"gold_loss":0}],"is_beta":false,"boss_relics":[{"not_picked":["Ectoplasm","aspiration:RandomNobGenerator"],"picked":"Black Star"},{"not_picked":["Sozu","Cursed Key"],"picked":"Calling Bell"}],"items_purged_floors":[19,39,41],"is_endless":false,"potions_floor_spawned":[1,8,11,16,20,29,33,36,37,38,44,45],"killed_by":"Awakened One","ascension_level":20}}