{"host":"7o30bgpqouqblh42","time":1609810138,"event":{"mods":["AchievementEnabler","Aspiration","BaseMod","Colored Map","Downfall","Highlight Path","Minty Spire (QoL Compilation)","StSLib","SuperFastMode"],"gold_per_floor":[111,111,111,111,126,126,150,150,150,183,206,222,236,256,256,385,385,385,385,385,103,103,103,103,103,103,3,3,3,3,3,3,3,3,3,3,3,3,3,3,3,3,3,3,3,3,3,0,0,0,0,0,0,0,0],"floor_reached":56,"playtime":2933,"items_purged":["Injury","Injury"],"score":1418,"play_id":"438358a2-8885-4bda-85ba-1a7762e461c9","local_time":"20210104202858","is_ascension_mode":true,"campfire_choices":[{"data":"Neutralize","floor":6,"key":"SMITH"},{"floor":8,"key":"REST"},{"floor":15,"key":"REST"},{"floor":25,"key":"REST"},{"floor":32,"key":"REST"},{"floor":40,"key":"RECALL"},{"floor":46,"key":"REST"},{"floor":49,"key":"REST"},{"data":"Poisoned Stab","floor":52,"key":"SMITH"}],"circlet_count":0,"master_deck":["Survivor","Neutralize+1","Reflex+1","Backflip+1","PiercingWail+1","Corpse Explosion+1","Prepared+1","Bouncing Flask+1","Dash","Adrenaline+1","Crippling Poison+1","Bouncing Flask+1","Outmaneuver+1","Catalyst+1","RitualDagger","Leg Sweep+1","Caltrops+1","Burst+1","Terror+1","Infinite Blades","Poisoned Stab+1","Heel Hook","Accuracy","Malaise+1","Dash","Catalyst+1","Deadly Poison+1","Blind+1","Parasite","Prepared+1"],"relics":["Ring of the Snake","Toxic Egg 2","Golden Idol","Paper Crane","MealTicket","Ectoplasm","GremlinMask","Snake Skull","White Beast Statue","aspiration:Stabinomicon","Bronze Scales","Pandora\u0027s Box","Prayer Wheel","Singing Bowl","Letter Opener","aspiration:Lifesprig","Red Mask","Lantern"],"acts_visited":["Exordium","TheCity","TheBeyond","TheEnding"],"potions_floor_usage":[10,10,14,20,30,31,33,33,41,50,50,50,50,50,50,55],"damage_taken":[{"damage":3,"enemies":"Small Slimes","floor":1,"turns":6},{"damage":1,"enemies":"Jaw Worm","floor":5,"turns":5},{"damage":0,"enemies":"2 Louse","floor":7,"turns":4},{"damage":38,"enemies":"Gremlin Nob","floor":10,"turns":6},{"damage":0,"enemies":"Lots of Slimes","floor":11,"turns":2},{"damage":0,"enemies":"2 Fungi Beasts","floor":12,"turns":2},{"damage":2,"enemies":"Blue Slaver","floor":13,"turns":4},{"damage":0,"enemies":"Exordium Wildlife","floor":14,"turns":2},{"damage":22,"enemies":"Slime Boss","floor":16,"turns":11},{"damage":0,"enemies":"3 Byrds","floor":18,"turns":3},{"damage":8,"enemies":"Shell Parasite","floor":20,"turns":3},{"damage":8,"enemies":"Slavers","floor":23,"turns":3},{"damage":0,"enemies":"Snake Plant","floor":29,"turns":2},{"damage":13,"enemies":"Gremlin Leader","floor":30,"turns":5},{"damage":23,"enemies":"Centurion and Healer","floor":31,"turns":2},{"damage":29,"enemies":"Automaton","floor":33,"turns":7},{"damage":29,"enemies":"3 Darklings","floor":35,"turns":3},{"damage":0,"enemies":"Mind Bloom Boss Battle","floor":36,"turns":2},{"damage":3,"enemies":"Orb Walker","floor":39,"turns":2},{"damage":8,"enemies":"Giant Head","floor":41,"turns":6},{"damage":3,"enemies":"Sphere and 2 Shapes","floor":42,"turns":3},{"damage":2,"enemies":"Maw","floor":44,"turns":3},{"damage":2,"enemies":"Writhing Mass","floor":45,"turns":3},{"damage":0,"enemies":"Nemesis","floor":47,"turns":3},{"damage":24,"enemies":"Donu and Deca","floor":50,"turns":4},{"damage":44,"enemies":"Shield and Spear","floor":54,"turns":4},{"damage":27,"enemies":"The Heart","floor":55,"turns":3}],"seed_played":"-3680774764997013385","potions_obtained":[{"floor":5,"key":"Strength Potion"},{"floor":7,"key":"ColorlessPotion"},{"floor":11,"key":"CunningPotion"},{"floor":16,"key":"Swift Potion"},{"floor":18,"key":"Strength Potion"},{"floor":29,"key":"Fire Potion"},{"floor":30,"key":"ColorlessPotion"},{"floor":31,"key":"DistilledChaos"},{"floor":33,"key":"CultistPotion"},{"floor":35,"key":"champ:CounterPotion"},{"floor":36,"key":"Dexterity Potion"},{"floor":41,"key":"FearPotion"},{"floor":47,"key":"EntropicBrew"},{"floor":54,"key":"Poison Potion"}],"is_trial":false,"path_per_floor":["M","?","?","?","M","R","M","R","T","E","M","M","M","M","R","B",null,"M","?","M","$","?","E","?","R","T","$","?","M","E","M","R","B",null,"M","?","?","?","M","R","E","M","T","M","M","R","E","?","R","B",null,"R","$","E","B",null],"character_chosen":"THE_SILENT","items_purchased":["Snake Skull","Outmaneuver+1"],"campfire_rested":6,"item_purchase_floors":[21,21],"current_hp_per_floor":[46,32,32,32,31,31,31,52,52,14,14,14,12,12,33,11,70,70,70,62,70,57,49,33,55,55,70,64,64,51,28,50,21,75,46,46,46,46,43,43,37,38,38,40,42,68,68,68,89,65,89,89,89,47,20],"gold":0,"neow_bonus":"REMOVE_TWO","is_daily":false,"chose_seed":false,"campfire_upgraded":2,"win_rate":0.0,"timestamp":1609810138,"path_taken":["M","?","?","?","M","R","M","R","T","E","M","M","M","M","R","BOSS","M","?","?","$","?","E","?","R","T","$","?","?","E","M","R","BOSS","M","?","?","?","M","R","E","M","T","?","M","R","E","?","R","BOSS","R","$","E","BOSS"],"items_purchased_type":["Relic","Card"],"build_version":"2020-12-22","purchased_purges":2,"victory":true,"max_hp_per_floor":[70,70,70,70,70,70,70,70,70,70,70,70,70,70,70,70,70,70,70,70,70,75,75,75,75,75,75,75,75,75,75,75,75,75,75,75,75,75,75,75,77,81,81,85,89,89,89,89,89,89,89,89,89,91,91],"card_choices":[{"not_picked":["Dagger Spray","Dagger Throw"],"picked":"Reflex","floor":1},{"not_picked":["Prepared+1","Slice"],"picked":"Backflip+1","floor":5},{"not_picked":["Finisher","Skewer"],"picked":"PiercingWail+1","floor":7},{"not_picked":["Eviscerate","Quick Slash"],"picked":"Corpse Explosion+1","floor":10},{"not_picked":["Tactician+1","Quick Slash"],"picked":"Prepared+1","floor":11},{"not_picked":["Noxious Fumes","Heel Hook"],"picked":"Bouncing Flask+1","floor":12},{"not_picked":["Predator","Slice","Dodge and Roll+1"],"picked":"SKIP","floor":13},{"not_picked":["Dagger Throw","Dagger Spray"],"picked":"Dash","floor":14},{"not_picked":["Envenom","Glass Knife"],"picked":"Adrenaline+1","floor":16},{"not_picked":["Quick Slash+1","Blade Dance+1"],"picked":"Crippling Poison+1","floor":18},{"not_picked":["Dagger Throw","Underhanded Strike"],"picked":"Bouncing Flask+1","floor":20},{"not_picked":["Burst+1","All Out Attack"],"picked":"Catalyst+1","floor":23},{"not_picked":["Poisoned Stab","Sucker Punch"],"picked":"Leg Sweep+1","floor":29},{"not_picked":["Grand Finale","Cloak And Dagger+1"],"picked":"Caltrops+1","floor":30},{"not_picked":["Calculated Gamble+1","Dagger Throw","Sucker Punch"],"picked":"SKIP","floor":31},{"not_picked":["Grand Finale","Adrenaline+1"],"picked":"Burst+1","floor":33},{"not_picked":["PiercingWail+1","Underhanded Strike+1","Quick Slash+1"],"picked":"SKIP","floor":35},{"not_picked":["Accuracy","Bane+1"],"picked":"Deadly Poison+1","floor":36},{"not_picked":["expansioncontent:SlimeTackle","Forethought+1"],"picked":"Blind+1","floor":37},{"not_picked":["Flying Knee+1","Quick Slash","Concentrate+1"],"picked":"SKIP","floor":39},{"not_picked":["Terror+1","Dodge and Roll+1","Deadly Poison+1"],"picked":"SKIP","floor":39},{"not_picked":["Blur+1","Concentrate+1","Bane+1"],"picked":"Singing Bowl","floor":41},{"not_picked":["Flying Knee+1","Bane+1","Endless Agony+1"],"picked":"Singing Bowl","floor":42},{"not_picked":["Flying Knee+1","Quick Slash","Bane"],"picked":"Singing Bowl","floor":42},{"not_picked":["Reflex+1","Terror+1","PiercingWail+1"],"picked":"Singing Bowl","floor":44},{"not_picked":["Bane+1","PiercingWail+1","Sucker Punch+1"],"picked":"Singing Bowl","floor":44},{"not_picked":["Malaise+1","Deflect+1","Dash"],"picked":"Singing Bowl","floor":45},{"not_picked":["Underhanded Strike","Poisoned Stab+1","Quick Slash+1"],"picked":"Singing Bowl","floor":45},{"not_picked":["Masterful Stab+1","Backstab"],"picked":"Prepared+1","floor":47},{"not_picked":["Deflect+1","Bane","Poisoned Stab+1"],"picked":"Singing Bowl","floor":54}],"player_experience":239800,"relics_obtained":[{"floor":9,"key":"Paper Crane"},{"floor":10,"key":"MealTicket"},{"floor":23,"key":"White Beast Statue"},{"floor":24,"key":"aspiration:Stabinomicon"},{"floor":30,"key":"Bronze Scales"},{"floor":36,"key":"Prayer Wheel"},{"floor":41,"key":"Singing Bowl"},{"floor":43,"key":"Letter Opener"},{"floor":47,"key":"aspiration:Lifesprig"},{"floor":54,"key":"Lantern"}],"event_choices":[{"damage_healed":0,"gold_gain":0,"player_choice":"Entered Light","damage_taken":14,"max_hp_gain":0,"max_hp_loss":0,"event_name":"Shining Light","floor":2,"gold_loss":0,"cards_upgraded":["Strike_G","Reflex"]},{"damage_healed":0,"gold_gain":0,"player_choice":"Take Wound","damage_taken":0,"relics_obtained":["Golden Idol"],"max_hp_gain":0,"max_hp_loss":0,"event_name":"Golden Idol","floor":4,"gold_loss":0,"cards_obtained":["Injury"]},{"damage_healed":0,"gold_gain":0,"player_choice":"Trade","damage_taken":0,"relics_obtained":["GremlinMask"],"max_hp_gain":0,"max_hp_loss":0,"event_name":"FaceTrader","floor":19,"gold_loss":0},{"damage_healed":0,"gold_gain":0,"player_choice":"Shed Blood","damage_taken":18,"max_hp_gain":5,"max_hp_loss":0,"event_name":"Forgotten Altar","floor":22,"gold_loss":0},{"damage_healed":0,"gold_gain":0,"player_choice":"Obtained Book","damage_taken":16,"max_hp_gain":0,"max_hp_loss":0,"event_name":"Cursed Tome","floor":24,"gold_loss":0},{"damage_healed":0,"gold_gain":0,"player_choice":"Joined the Cult","damage_taken":6,"max_hp_gain":0,"max_hp_loss":0,"event_name":"Nest","floor":28,"gold_loss":0,"cards_obtained":["RitualDagger"]},{"damage_healed":0,"gold_gain":0,"player_choice":"Fight","damage_taken":0,"max_hp_gain":0,"max_hp_loss":0,"event_name":"MindBloom","floor":36,"gold_loss":0},{"damage_healed":0,"gold_gain":0,"player_choice":"Memory 1","damage_taken":0,"max_hp_gain":0,"max_hp_loss":0,"event_name":"SensoryStone","floor":37,"gold_loss":0},{"damage_healed":0,"gold_gain":0,"player_choice":"Got Potions","damage_taken":0,"max_hp_gain":0,"max_hp_loss":0,"event_name":"Lab","floor":38,"gold_loss":0},{"damage_healed":0,"gold_gain":0,"player_choice":"Paid","damage_taken":0,"relics_obtained":["Red Mask"],"max_hp_gain":0,"max_hp_loss":0,"event_name":"Tomb of Lord Red Mask","floor":48,"gold_loss":3}],"is_beta":false,"boss_relics":[{"not_picked":["aspiration:RitualDagger","WristBlade"],"picked":"Ectoplasm"},{"not_picked":["aspiration:RunicSpoon","expansioncontent:StudyCardRelic"],"picked":"Pandora\u0027s Box"}],"items_purged_floors":[21,27],"is_endless":false,"potions_floor_spawned":[5,7,11,16,18,29,30,31,33,35,36,39,41,42,44,45,47,54],"ascension_level":3}}