{"host":"tl8jdqk9pnwb74j1","time":1609851512,"event":{"mods":["BaseMod","BetterRewards","Custom Start","Minty Spire (QoL Compilation)","Shop Mod","StSLib","SuperFastMode"],"gold_per_floor":[109,209,109,284,159,159,175,191,237,237,237,247,247,267,267,366,366,386,7,21,21,36,36,36,36],"floor_reached":24,"playtime":590,"items_purged":["Strike_G","Doubt"],"score":186,"play_id":"84b0241a-d1e9-4a8e-95af-f621f0e75294","local_time":"20210105205832","is_ascension_mode":false,"campfire_choices":[{"data":"Deadly Poison","floor":6,"key":"SMITH"},{"data":"Deadly Poison","floor":15,"key":"SMITH"},{"data":"Deadly Poison","floor":23,"key":"SMITH"}],"circlet_count":0,"master_deck":["Strike_G","Strike_G","Strike_G","Strike_G","Defend_G","Defend_G","Defend_G","Defend_G+1","Defend_G","Survivor","Neutralize","Predator","Dagger Spray+1","Deadly Poison+1","Deadly Poison+1","Backflip","Caltrops","Dodge and Roll+1","Dash","Deadly Poison+1","Shame"],"relics":["Ring of the Serpent","Bird Faced Urn","Oddly Smooth Stone","Blue Candle","Singing Bowl","Torii","Question Card"],"acts_visited":["Exordium","TheCity"],"potions_floor_usage":[16],"damage_taken":[{"damage":0,"enemies":"2 Louse","floor":1,"turns":3},{"damage":0,"enemies":"Cultist","floor":7,"turns":3},{"damage":3,"enemies":"Jaw Worm","floor":8,"turns":3},{"damage":0,"enemies":"Large Slime","floor":12,"turns":4},{"damage":0,"enemies":"Lots of Slimes","floor":14,"turns":1},{"damage":31,"enemies":"The Guardian","floor":16,"turns":10},{"damage":28,"enemies":"2 Thieves","floor":18,"turns":4},{"damage":6,"enemies":"3 Byrds","floor":20,"turns":5},{"damage":16,"enemies":"Snake Plant","floor":22,"turns":5},{"damage":1,"enemies":"Book of Stabbing","floor":24,"turns":4}],"seed_played":"8930749332786125087","potions_obtained":[{"floor":7,"key":"AttackPotion"},{"floor":12,"key":"FearPotion"},{"floor":16,"key":"CultistPotion"},{"floor":20,"key":"Ancient Potion"}],"is_trial":false,"path_per_floor":["M","?","$","?","$","R","M","M","T","T","?","M","T","M","R","B",null,"M","$","M","?","M","R","E"],"character_chosen":"THE_SILENT","items_purchased":["Dagger Spray","Deadly Poison","Torii","Dash"],"campfire_rested":0,"item_purchase_floors":[3,5,19,19],"current_hp_per_floor":[49,49,49,49,49,49,49,46,46,46,32,32,32,34,34,7,74,48,48,44,44,30,30,29,29],"gold":36,"neow_bonus":"ONE_RARE_RELIC","is_daily":false,"chose_seed":false,"campfire_upgraded":3,"win_rate":0.0,"timestamp":1609851512,"path_taken":["M","?","$","?","$","R","M","M","T","?","?","M","?","M","R","BOSS","M","$","?","?","M","R","E"],"items_purchased_type":["Card","Card","Relic","Card"],"build_version":"2020-12-22","purchased_purges":2,"victory":false,"max_hp_per_floor":[70,70,70,70,70,70,70,70,70,70,70,70,70,72,72,74,74,74,74,74,74,76,76,76,76],"card_choices":[{"not_picked":["Dagger Throw","Eviscerate"],"picked":"Predator","floor":1},{"not_picked":["Dagger Spray","Blur"],"picked":"Deadly Poison","floor":7},{"not_picked":["Sucker Punch","Blur"],"picked":"Backflip","floor":8},{"not_picked":["Tools of the Trade","Dagger Throw"],"picked":"Caltrops","floor":12},{"not_picked":["Backflip","Prepared","Quick Slash"],"picked":"Singing Bowl","floor":14},{"not_picked":["Venomology","A Thousand Cuts","Wraith Form v2"],"picked":"Singing Bowl","floor":16},{"not_picked":["Prepared","Flying Knee"],"picked":"Dodge and Roll+1","floor":18},{"not_picked":["Prepared","Quick Slash+1"],"picked":"Deadly Poison","floor":20},{"not_picked":["Leg Sweep","Deflect+1","Eviscerate","Reflex"],"picked":"Singing Bowl","floor":22}],"player_experience":952469,"relics_obtained":[{"floor":9,"key":"Oddly Smooth Stone"},{"floor":10,"key":"Blue Candle"},{"floor":13,"key":"Singing Bowl"}],"event_choices":[{"damage_healed":0,"gold_gain":100,"player_choice":"Pray","damage_taken":0,"max_hp_gain":0,"max_hp_loss":0,"event_name":"Golden Shrine","floor":2,"gold_loss":0},{"damage_healed":0,"gold_gain":175,"player_choice":"AGREE","damage_taken":0,"max_hp_gain":0,"max_hp_loss":0,"event_name":"Liars Game","floor":4,"gold_loss":0,"cards_obtained":["Doubt"]},{"damage_healed":0,"gold_gain":0,"player_choice":"Entered Light","damage_taken":14,"max_hp_gain":0,"max_hp_loss":0,"event_name":"Shining Light","floor":11,"gold_loss":0,"cards_upgraded":["Defend_G","Dagger Spray"]},{"damage_healed":0,"gold_gain":0,"player_choice":"Stole Relic","damage_taken":0,"relics_obtained":["Question Card"],"max_hp_gain":0,"max_hp_loss":0,"event_name":"Addict","floor":21,"gold_loss":0,"cards_obtained":["Shame"]}],"is_beta":false,"boss_relics":[{"not_picked":["Calling Bell","Velvet Choker"],"picked":"Ring of the Serpent"}],"items_purged_floors":[3,5],"is_endless":false,"potions_floor_spawned":[7,12,16,20],"killed_by":"Book of Stabbing","ascension_level":0}}