{"host":"jn2qdns2nxijvlnt","time":1609829498,"event":{"mods":["BaseMod","Minty Spire (QoL Compilation)","Quick Restart"],"gold_per_floor":[111,111,111,111,2,28,28,28,106,126,126,137,195,226,226,323,323,337,337,337,354,6,6,34,34,105,7,7,40,40,66,66,166,166,186,186,34,134,152,152,182,198,271,286,386,404,18,18,18,18],"floor_reached":51,"playtime":3291,"items_purged":["Normality"],"score":775,"play_id":"0e5a6a6e-0a66-4e06-8ac4-46e1803a4650","local_time":"20210105015138","is_ascension_mode":true,"campfire_choices":[{"floor":8.0,"key":"REST"},{"data":"Noxious Fumes","floor":11.0,"key":"SMITH"},{"floor":15.0,"key":"REST"},{"floor":23.0,"key":"REST"},{"floor":28.0,"key":"REST"},{"floor":30.0,"key":"REST"},{"floor":32.0,"key":"REST"},{"data":"Adrenaline","floor":40.0,"key":"SMITH"},{"floor":49,"key":"REST"}],"circlet_count":0,"master_deck":["Strike_G","Strike_G","Strike_G","Strike_G","Strike_G","Defend_G","Defend_G","Defend_G","Defend_G","Defend_G","Survivor","Neutralize","Finisher","Noxious Fumes+1","Finisher","Quick Slash","Backstab","Dodge and Roll","Terror","Backflip","Bullet Time","Bane","Catalyst","Adrenaline+1","Sadistic Nature","Footwork+1","Acrobatics+1"],"relics":["Ring of the Snake","Bag of Preparation","Ice Cream","Pear","Blue Candle","Darkstone Periapt","Meat on the Bone","Busted Crown","Thread and Needle","Lizard Tail","Gremlin Horn","Boot","Cursed Key","Juzu Bracelet","Dream Catcher","Ninja Scroll","Mummified Hand"],"acts_visited":["Exordium","TheCity","TheBeyond"],"potions_floor_usage":[50],"damage_taken":[{"damage":1.0,"enemies":"Jaw Worm","floor":1.0,"turns":5.0},{"damage":16.0,"enemies":"3 Sentries","floor":6.0,"turns":8.0},{"damage":6.0,"enemies":"2 Louse","floor":10.0,"turns":2.0},{"damage":5.0,"enemies":"Small Slimes","floor":12.0,"turns":2.0},{"damage":0.0,"enemies":"Gremlin Nob","floor":13.0,"turns":2.0},{"damage":16.0,"enemies":"Gremlin Nob","floor":14.0,"turns":4.0},{"damage":43.0,"enemies":"Hexaghost","floor":16.0,"turns":8.0},{"damage":19.0,"enemies":"Spheric Guardian","floor":18.0,"turns":4.0},{"damage":0.0,"enemies":"Chosen","floor":21.0,"turns":3.0},{"damage":68.0,"enemies":"Gremlin Leader","floor":24.0,"turns":7.0},{"damage":8.0,"enemies":"Snake Plant","floor":29.0,"turns":4.0},{"damage":12.0,"enemies":"Slavers","floor":31.0,"turns":6.0},{"damage":63.0,"enemies":"Automaton","floor":33.0,"turns":11.0},{"damage":5.0,"enemies":"3 Darklings","floor":35.0,"turns":7.0},{"damage":0.0,"enemies":"Orb Walker","floor":39.0,"turns":3.0},{"damage":47.0,"enemies":"Giant Head","floor":41.0,"turns":8.0},{"damage":1.0,"enemies":"3 Darklings","floor":42.0,"turns":4.0},{"damage":39.0,"enemies":"Sphere and 2 Shapes","floor":44.0,"turns":8.0},{"damage":8,"enemies":"Spire Growth","floor":46,"turns":4},{"damage":78,"enemies":"Donu and Deca","floor":50,"turns":10}],"seed_played":"4406225140392294813","potions_obtained":[{"floor":0.0,"key":"GhostInAJar"},{"floor":0.0,"key":"DuplicationPotion"},{"floor":0.0,"key":"Dexterity Potion"},{"floor":10.0,"key":"FearPotion"},{"floor":13.0,"key":"SpeedPotion"},{"floor":14.0,"key":"Poison Potion"},{"floor":18.0,"key":"SkillPotion"},{"floor":31.0,"key":"CunningPotion"},{"floor":39.0,"key":"SkillPotion"},{"floor":41.0,"key":"DistilledChaos"}],"is_trial":false,"path_per_floor":["M","?","?","T","$","E","$","R","T","M","R","M","?","E","R","B",null,"M","?","?","M","$","R","E","?","T","$","R","M","R","E","R","B",null,"M","?","$","?","M","R","E","M","T","M","?","M","$","$","R","B",null],"character_chosen":"THE_SILENT","items_purchased":["Noxious Fumes","Finisher","Thread and Needle","SkillPotion","ColorlessPotion","Weak Potion","Juzu Bracelet","Mummified Hand","PowerPotion"],"campfire_rested":7,"item_purchase_floors":[5,5,22,22,27,27,37,47,47],"current_hp_per_floor":[69,69,62,62,62,56,56,80,80,74,74,69,69,53,77,46,80,61,61,61,61,61,80,24,24,24,24,48,52,76,64,80,29,80,75,75,75,75,75,75,40,51,57,30,30,34,34,34,59,55],"gold":18,"neow_bonus":"THREE_SMALL_POTIONS","is_daily":false,"chose_seed":false,"campfire_upgraded":2,"win_rate":0.0,"timestamp":1609829498,"path_taken":["M","?","?","?","?","E","$","R","T","M","R","?","?","E","R","BOSS","M","?","?","M","$","R","E","?","T","?","R","M","R","E","R","BOSS","M","?","$","?","M","R","E","M","T","M","?","M","?","$","R","BOSS"],"items_purchased_type":["Card","Card","Relic","Potion","Potion","Potion","Relic","Relic","Potion"],"build_version":"2020-12-22","purchased_purges":1,"victory":true,"max_hp_per_floor":[70,70,70,70,70,80,80,80,80,80,80,80,80,80,80,80,80,80,80,80,80,80,80,80,80,80,80,80,80,80,80,80,80,80,80,80,80,80,80,80,80,80,86,86,86,86,86,86,86,86],"card_choices":[{"not_picked":["Masterful Stab","All Out Attack"],"picked":"Finisher","floor":1.0},{"not_picked":["Endless Agony","Deflect"],"picked":"Quick Slash","floor":6.0},{"not_picked":["Dagger Spray","Escape Plan"],"picked":"Backstab","floor":10.0},{"not_picked":["Well Laid Plans","Dagger Throw"],"picked":"Dodge and Roll","floor":12.0},{"not_picked":["Acrobatics","Underhanded Strike"],"picked":"Terror","floor":13.0},{"not_picked":["Sucker Punch","Dagger Throw"],"picked":"Backflip","floor":14.0},{"not_picked":["Storm of Steel","Phantasmal Killer"],"picked":"Bullet Time","floor":16.0},{"not_picked":[],"picked":"Bane","floor":18.0},{"not_picked":["Prepared"],"picked":"SKIP","floor":21.0},{"not_picked":["Riddle With Holes"],"picked":"SKIP","floor":24.0},{"not_picked":["Eviscerate"],"picked":"SKIP","floor":29.0},{"not_picked":["Dagger Throw"],"picked":"SKIP","floor":31.0},{"not_picked":[],"picked":"Adrenaline","floor":33.0},{"not_picked":["Flechettes+1"],"picked":"SKIP","floor":35.0},{"not_picked":[],"picked":"Sadistic Nature","floor":36.0},{"not_picked":["Blade Dance"],"picked":"SKIP","floor":39.0},{"not_picked":[],"picked":"Footwork+1","floor":41.0},{"not_picked":["Dagger Throw+1"],"picked":"SKIP","floor":42.0},{"not_picked":["Caltrops"],"picked":"SKIP","floor":44.0},{"not_picked":["Backflip+1"],"picked":"SKIP","floor":46},{"not_picked":[],"picked":"Acrobatics+1","floor":49}],"player_experience":465056,"relics_obtained":[{"floor":4.0,"key":"Ice Cream"},{"floor":6.0,"key":"Pear"},{"floor":9.0,"key":"Blue Candle"},{"floor":13.0,"key":"Darkstone Periapt"},{"floor":14.0,"key":"Meat on the Bone"},{"floor":24.0,"key":"Lizard Tail"},{"floor":26.0,"key":"Gremlin Horn"},{"floor":31.0,"key":"Boot"},{"floor":41.0,"key":"Dream Catcher"},{"floor":43.0,"key":"Ninja Scroll"}],"event_choices":[{"damage_healed":0.0,"max_hp_gain":0.0,"max_hp_loss":0.0,"gold_gain":0.0,"event_name":"The Cleric","player_choice":"Leave","floor":2.0,"gold_loss":0.0,"damage_taken":0.0},{"damage_healed":0.0,"max_hp_gain":0.0,"max_hp_loss":0.0,"gold_gain":0.0,"event_name":"Scrap Ooze","player_choice":"Success","floor":3.0,"gold_loss":0.0,"damage_taken":7.0,"relics_obtained":["Bag of Preparation"]},{"damage_healed":0.0,"max_hp_gain":0.0,"max_hp_loss":0.0,"gold_gain":0.0,"event_name":"Dead Adventurer","player_choice":"Searched \u00271\u0027 times","floor":13.0,"gold_loss":0.0,"damage_taken":0.0},{"damage_healed":0.0,"max_hp_gain":0.0,"max_hp_loss":0.0,"gold_gain":0.0,"event_name":"Vampires","player_choice":"Ignored","floor":19.0,"gold_loss":0.0,"damage_taken":0.0},{"damage_healed":0.0,"max_hp_gain":0.0,"max_hp_loss":0.0,"gold_gain":0.0,"event_name":"Ghosts","player_choice":"Ignored","floor":20.0,"gold_loss":0.0,"damage_taken":0.0},{"damage_healed":0.0,"max_hp_gain":0.0,"max_hp_loss":0.0,"gold_gain":0.0,"event_name":"The Library","player_choice":"Read","floor":25.0,"gold_loss":0.0,"damage_taken":0.0,"cards_obtained":["Catalyst"]},{"damage_healed":0.0,"max_hp_gain":0.0,"max_hp_loss":0.0,"gold_gain":0.0,"event_name":"SensoryStone","player_choice":"Memory 1","floor":36.0,"gold_loss":0.0,"damage_taken":0.0},{"damage_healed":0.0,"max_hp_gain":0.0,"max_hp_loss":0.0,"gold_gain":100.0,"event_name":"Golden Shrine","player_choice":"Pray","floor":38.0,"gold_loss":0.0,"damage_taken":0.0},{"damage_healed":0.0,"max_hp_gain":0.0,"max_hp_loss":0.0,"gold_gain":100.0,"event_name":"Golden Shrine","player_choice":"Pray","floor":45.0,"gold_loss":0.0,"damage_taken":0.0}],"is_beta":false,"boss_relics":[{"not_picked":["Snecko Eye","Ring of the Serpent"],"picked":"Busted Crown"},{"not_picked":["Philosopher\u0027s Stone","Runic Dome"],"picked":"Cursed Key"}],"items_purged_floors":[47],"is_endless":false,"potions_floor_spawned":[10,13,14,18,31,39,41],"ascension_level":1}}