{"host":"sdjng9zhqonqi3uc","time":1609839569,"event":{"mods":["2.2 Compatiblity","AchievementEnabler","BaseMod","BetterRewards","Colored Powertips","Hero for Fun","Minty Spire (QoL Compilation)","Shop Mod","StSLib","Td1madao Mod","The Animator","The Cursed","The Servant 0.9.4"],"gold_per_floor":[118,118,118,141,160,207,207,229,277,308,308,345,368,389,389,493,567,582,582,597,622,641,641,641],"floor_reached":23,"playtime":2139,"items_purged":[],"score":308,"play_id":"3bd8c7c7-2236-4b74-b487-002808ce3932","local_time":"20210105103929","is_ascension_mode":true,"campfire_choices":[{"data":"animator:Vesta","floor":7,"key":"SMITH"},{"floor":11,"key":"REST"},{"floor":15,"key":"REST"}],"circlet_count":0,"master_deck":["animator:Strike_TenSura","animator:Defend_TenSura","animator:Strike","animator:Defend","animator:Defend+1","animator:Benimaru","animator:Shuna","animator:Shuna","animator:Vesta+1","animator:GuildGirl+1","animator:Souei","animator:Kaijin","animator:Witch","animator:Benimaru","animator:Rimuru","animator:Millim","animator:Shion+1","animator:Evileye","animator:Shichika","animator:Saber","animator:Hakurou","animator:Vesta"],"relics":["animator:LivingPicture","animator:TheMissingPiece","animator:PurgingStone","NeowsBlessing","Bronze Scales","Lantern","Mummified Hand","Tiny House"],"acts_visited":["Exordium","TheCity"],"potions_floor_usage":[14,16,16,20,20,23],"damage_taken":[{"damage":0,"enemies":"Cultist","floor":1,"turns":1},{"damage":0,"enemies":"Jaw Worm","floor":4,"turns":1},{"damage":0,"enemies":"Small Slimes","floor":5,"turns":1},{"damage":45,"enemies":"3 Sentries","floor":6,"turns":10},{"damage":5,"enemies":"2 Fungi Beasts","floor":8,"turns":5},{"damage":5,"enemies":"Exordium Thugs","floor":10,"turns":6},{"damage":22,"enemies":"Lagavulin","floor":12,"turns":7},{"damage":0,"enemies":"Red Slaver","floor":13,"turns":5},{"damage":0,"enemies":"2 Fungi Beasts","floor":14,"turns":5},{"damage":0,"enemies":"The Guardian","floor":16,"turns":8},{"damage":0,"enemies":"Chosen","floor":18,"turns":5},{"damage":0,"enemies":"3 Byrds","floor":20,"turns":2},{"damage":19,"enemies":"Centurion and Healer","floor":21,"turns":8},{"damage":12,"enemies":"Chosen and Byrds","floor":22,"turns":6},{"damage":44,"enemies":"Gremlin Leader","floor":23,"turns":3}],"seed_played":"5382396102189766628","potions_obtained":[{"floor":8,"key":"LiquidBronze"},{"floor":12,"key":"Ancient Potion"},{"floor":13,"key":"Weak Potion"},{"floor":14,"key":"SteroidPotion"},{"floor":17,"key":"Energy Potion"},{"floor":18,"key":"Explosive Potion"},{"floor":21,"key":"LiquidMemories"}],"is_trial":false,"path_per_floor":["M","?","?","M","M","E","R","M","T","M","R","E","M","M","R","B",null,"M","?","M","M","M","E"],"character_chosen":"THE_ANIMATOR","items_purchased":[],"campfire_rested":2,"item_purchase_floors":[],"current_hp_per_floor":[66,66,66,66,66,22,22,17,17,12,32,10,10,10,30,31,73,75,75,75,56,44,0,0],"gold":641,"neow_bonus":"THREE_ENEMY_KILL","is_daily":false,"chose_seed":false,"campfire_upgraded":1,"win_rate":0.0,"timestamp":1609839569,"path_taken":["M","?","?","M","?","E","R","M","T","?","R","E","M","M","R","BOSS","M","?","M","M","M","E"],"items_purchased_type":[],"build_version":"2020-12-22","purchased_purges":0,"victory":false,"max_hp_per_floor":[66,66,66,66,66,67,67,67,67,67,67,67,67,67,67,68,73,75,75,75,75,75,75,75],"card_choices":[{"not_picked":["animator:Konayuki","animator:AcuraAkari"],"picked":"animator:Shuna","floor":1},{"not_picked":["animator:Gillette","animator:Benimaru"],"picked":"animator:Vesta","floor":4},{"not_picked":["animator:WinryRockbell","animator:PandorasActor"],"picked":"animator:GuildGirl","floor":5},{"not_picked":["animator:Benimaru","animator:Hakurou"],"picked":"animator:Souei","floor":6},{"not_picked":["animator:ChaikaBohdan","animator:Togame","animator:Gluttony"],"picked":"SKIP","floor":8},{"not_picked":["animator:Viivi","animator:Elsword"],"picked":"animator:Kaijin","floor":10},{"not_picked":["animator:Pride","animator:RinTohsaka","animator:TsurugaMeisai"],"picked":"SKIP","floor":12},{"not_picked":["animator:GuildGirl","animator:DwarfShaman"],"picked":"animator:Witch","floor":13},{"not_picked":["animator:ShinjiMatou","animator:ZankiKiguchi"],"picked":"animator:Benimaru","floor":14},{"not_picked":["animator:Father","animator:ChaikaTrabant"],"picked":"animator:Rimuru","floor":16},{"not_picked":["animator:Benimaru","animator:Hakurou"],"picked":"animator:Millim","floor":17},{"not_picked":["animator:Pride","animator:Guy"],"picked":"animator:Shion+1","floor":18},{"not_picked":["animator:ShinjiMatou","animator:GuildGirl"],"picked":"animator:Saber","floor":20},{"not_picked":["animator:Benimaru","animator:Shuna"],"picked":"animator:Hakurou","floor":21},{"not_picked":["animator:Laby","animator:Shuna"],"picked":"animator:Vesta","floor":22}],"player_experience":272314,"relics_obtained":[{"floor":6,"key":"Bronze Scales"},{"floor":9,"key":"Lantern"},{"floor":12,"key":"Mummified Hand"}],"event_choices":[{"damage_healed":0,"gold_gain":0,"cards_transformed":["animator:Strike"],"player_choice":"Change","damage_taken":0,"max_hp_gain":0,"max_hp_loss":0,"event_name":"Living Wall","floor":2,"gold_loss":0,"cards_obtained":["animator:Rider"]},{"cards_removed":["animator:Rider"],"damage_healed":5,"gold_gain":0,"player_choice":"Offered Common","damage_taken":0,"max_hp_gain":0,"max_hp_loss":0,"event_name":"Bonfire Elementals","floor":3,"gold_loss":0},{"cards_removed":["animator:Rider"],"damage_healed":5,"gold_gain":0,"player_choice":"Offered Special","damage_taken":0,"max_hp_gain":0,"max_hp_loss":0,"event_name":"Bonfire Elementals","floor":3,"gold_loss":0},{"damage_healed":0,"gold_gain":0,"cards_transformed":["animator:Strike","animator:Defend"],"player_choice":"Became Test Subject","damage_taken":0,"max_hp_gain":0,"max_hp_loss":0,"event_name":"Drug Dealer","floor":19,"gold_loss":0,"cards_obtained":["animator:Evileye","animator:Shichika"]}],"is_beta":false,"boss_relics":[{"not_picked":["Philosopher\u0027s Stone","Coffee Dripper"],"picked":"Tiny House"}],"items_purged_floors":[],"is_endless":false,"potions_floor_spawned":[8,12,13,14,18,21],"killed_by":"Gremlin Leader","ascension_level":4}}