{"host":"6bsan6hkua32tfq7","time":1609806566,"event":{"mods":["BaseMod","Better Third Choice","Colored Map","Highlight Path","Minty Spire (QoL Compilation)","StSLib"],"gold_per_floor":[116,116,130,130,130,130,161,173,259,271,301,329,341,364,376,462,474,500,512,534,546,574,586,598,610,622,634,646,669,713,742,754,837,849,881,909,938,950,978,990,1012,1024,1036,1048,468,498,498,510,510,510,510],"floor_reached":50,"playtime":1956,"items_purged":["Dagger Spray"],"score":1059,"play_id":"1ac1a4fe-5a8d-4665-adda-c0091e34f88b","local_time":"20210105012926","is_ascension_mode":true,"campfire_choices":[{"data":"Crippling Poison","floor":6.0,"key":"SMITH"},{"data":"Neutralize","floor":10.0,"key":"SMITH"},{"data":"Terror","floor":13.0,"key":"SMITH"},{"data":"Crippling Poison","floor":15.0,"key":"SMITH"},{"data":"Adrenaline","floor":23.0,"key":"SMITH"},{"data":"Ghostly","floor":25.0,"key":"SMITH"},{"floor":28.0,"key":"REST"},{"floor":32.0,"key":"REST"},{"data":"Blade Dance","floor":40.0,"key":"PURGE"},{"floor":42.0,"key":"RECALL"},{"data":"Ghostly","floor":44.0,"key":"SMITH"},{"data":"Night Terror","floor":49,"key":"SMITH"}],"circlet_count":0,"master_deck":["AscendersBane","Survivor","Neutralize+1","Crippling Poison+1","Heel Hook","Terror+1","Crippling Poison+1","Adrenaline","Die Die Die","Noxious Fumes+1","Skewer","Tools of the Trade+1","Eviscerate","Adrenaline+1","Reflex","Deflect","Ghostly+1","Ghostly","Ghostly+1","Backflip+1","Footwork+1","Necronomicurse","Blade Dance+1","Footwork+1","Venomology","Panacea","Bouncing Flask+1","Noxious Fumes+1","Night Terror+1"],"relics":["Ring of the Snake","Bag of Preparation","MawBank","Frozen Egg 2","Pandora\u0027s Box","InkBottle","Necronomicon","Peace Pipe","HoveringKite","Strange Spoon","Meat on the Bone","Mango"],"acts_visited":["Exordium","TheCity","TheBeyond"],"potions_floor_usage":[48,48,50],"damage_taken":[{"damage":6.0,"enemies":"Small Slimes","floor":1.0,"turns":6.0},{"damage":0.0,"enemies":"Cultist","floor":3.0,"turns":3.0},{"damage":26.0,"enemies":"3 Sentries","floor":7.0,"turns":11.0},{"damage":0.0,"enemies":"2 Louse","floor":11.0,"turns":2.0},{"damage":0.0,"enemies":"Exordium Wildlife","floor":12.0,"turns":2.0},{"damage":0.0,"enemies":"Blue Slaver","floor":14.0,"turns":2.0},{"damage":30.0,"enemies":"Hexaghost","floor":16.0,"turns":9.0},{"damage":0.0,"enemies":"3 Byrds","floor":18.0,"turns":3.0},{"damage":1.0,"enemies":"Shell Parasite","floor":20.0,"turns":3.0},{"damage":1.0,"enemies":"Snecko","floor":22.0,"turns":3.0},{"damage":3.0,"enemies":"Chosen and Byrds","floor":29.0,"turns":3.0},{"damage":0.0,"enemies":"Gremlin Leader","floor":30.0,"turns":5.0},{"damage":10.0,"enemies":"Centurion and Healer","floor":31.0,"turns":3.0},{"damage":9.0,"enemies":"Collector","floor":33.0,"turns":8.0},{"damage":0.0,"enemies":"Orb Walker","floor":35.0,"turns":2.0},{"damage":3.0,"enemies":"3 Darklings","floor":36.0,"turns":6.0},{"damage":2.0,"enemies":"Maw","floor":37.0,"turns":7.0},{"damage":0.0,"enemies":"Jaw Worm Horde","floor":39.0,"turns":3.0},{"damage":0.0,"enemies":"4 Shapes","floor":41.0,"turns":3.0},{"damage":18.0,"enemies":"Reptomancer","floor":46.0,"turns":5.0},{"damage":6,"enemies":"Writhing Mass","floor":48,"turns":8},{"damage":27,"enemies":"Time Eater","floor":50,"turns":13}],"seed_played":"8929699699244976912","potions_obtained":[{"floor":12.0,"key":"EssenceOfSteel"},{"floor":16.0,"key":"Fire Potion"},{"floor":29.0,"key":"SkillPotion"},{"floor":30.0,"key":"Poison Potion"},{"floor":33.0,"key":"Poison Potion"},{"floor":35.0,"key":"CultistPotion"}],"is_trial":false,"path_per_floor":["M","?","M","?","?","R","E","$","T","R","M","M","R","M","R","B",null,"M","?","M","?","M","R","?","R","T","?","R","M","E","M","R","B",null,"M","M","M","?","M","R","M","R","T","R","$","E","?","M","R","B"],"character_chosen":"THE_SILENT","items_purchased":["Strange Spoon","Meat on the Bone","Noxious Fumes+1"],"campfire_rested":2,"item_purchase_floors":[45,45,45],"current_hp_per_floor":[53,53,53,58,58,58,32,32,32,32,32,32,32,32,32,2,54,54,35,34,34,33,33,33,33,33,12,22,19,19,9,19,10,29,29,26,24,24,24,24,24,24,24,24,24,32,32,26,26,0,0],"gold":510,"neow_bonus":"RANDOM_COMMON_RELIC","is_daily":false,"chose_seed":false,"campfire_upgraded":8,"win_rate":0.0,"timestamp":1609806566,"path_taken":["M","?","?","?","?","R","E","$","T","R","M","?","R","M","R","BOSS","M","?","M","?","M","R","?","R","T","?","R","M","E","M","R","BOSS","M","M","M","?","?","R","M","R","T","R","$","E","?","M","R","BOSS"],"items_purchased_type":["Relic","Relic","Card"],"build_version":"2020-12-22","purchased_purges":1,"victory":false,"max_hp_per_floor":[66,66,66,71,71,71,71,71,71,71,71,71,71,71,71,71,71,71,35,35,35,35,35,35,35,35,35,35,35,35,35,35,35,35,35,35,35,35,35,35,35,35,35,35,35,49,49,49,49,49,49],"card_choices":[{"not_picked":["Poisoned Stab","Distraction"],"picked":"Blade Dance","floor":1.0},{"not_picked":["Slice","PiercingWail"],"picked":"Crippling Poison","floor":3.0},{"not_picked":["Poisoned Stab","Prepared"],"picked":"Heel Hook","floor":7.0},{"not_picked":["Acrobatics","Blade Dance"],"picked":"Terror","floor":11.0},{"not_picked":["Bane","Grand Finale"],"picked":"Dagger Spray","floor":12.0},{"not_picked":["Riddle With Holes","Slice"],"picked":"Crippling Poison","floor":14.0},{"not_picked":["Doppelganger","Bullet Time"],"picked":"Adrenaline","floor":16.0},{"not_picked":["Flechettes","Escape Plan"],"picked":"Deflect","floor":18.0},{"not_picked":["Deadly Poison","Cloak And Dagger"],"picked":"Backflip+1","floor":20.0},{"not_picked":["Eviscerate","Flechettes+1","Terror"],"picked":"SKIP","floor":22.0},{"not_picked":["Dagger Throw","Backstab"],"picked":"Blade Dance+1","floor":29.0},{"not_picked":["Terror","Sucker Punch"],"picked":"Footwork+1","floor":30.0},{"not_picked":["Acrobatics","Dagger Spray","Blade Dance"],"picked":"SKIP","floor":31.0},{"not_picked":["Grand Finale","Glass Knife"],"picked":"Venomology","floor":33.0},{"not_picked":["Masterful Stab","Backstab","Cloak And Dagger+1"],"picked":"SKIP","floor":35.0},{"not_picked":["Slice","Flying Knee","Deadly Poison"],"picked":"SKIP","floor":36.0},{"not_picked":["Backflip","Dodge and Roll","Slice+1"],"picked":"SKIP","floor":37.0},{"not_picked":["Dramatic Entrance","Enlightenment"],"picked":"Panacea","floor":38.0},{"not_picked":["Blur","Quick Slash+1"],"picked":"Bouncing Flask+1","floor":39.0},{"not_picked":["Eviscerate","Bane","Quick Slash"],"picked":"SKIP","floor":41.0},{"not_picked":["Leg Sweep+1","Backflip+1"],"picked":"Night Terror","floor":46.0},{"not_picked":["Poisoned Stab+1","Choke","Eviscerate+1"],"picked":"SKIP","floor":48}],"player_experience":5251853,"relics_obtained":[{"floor":7.0,"key":"MawBank"},{"floor":9.0,"key":"Frozen Egg 2"},{"floor":26.0,"key":"InkBottle"},{"floor":27.0,"key":"Necronomicon"},{"floor":30.0,"key":"Peace Pipe"},{"floor":46.0,"key":"Mango"}],"event_choices":[{"cards_removed":["Defend_G"],"damage_healed":0.0,"max_hp_gain":0.0,"max_hp_loss":0.0,"gold_gain":0.0,"event_name":"Purifier","player_choice":"Purged","floor":2.0,"gold_loss":0.0,"damage_taken":0.0},{"damage_healed":0.0,"max_hp_gain":5.0,"max_hp_loss":0.0,"gold_gain":0.0,"event_name":"Big Fish","player_choice":"Donut","floor":4.0,"gold_loss":0.0,"damage_taken":0.0},{"cards_removed":["Defend_G"],"damage_healed":0.0,"max_hp_gain":0.0,"max_hp_loss":0.0,"gold_gain":0.0,"event_name":"Living Wall","player_choice":"Forget","floor":5.0,"gold_loss":0.0,"damage_taken":0.0},{"damage_healed":0.0,"max_hp_gain":0.0,"max_hp_loss":36.0,"gold_gain":0.0,"event_name":"Ghosts","player_choice":"Became a Ghost","floor":19.0,"gold_loss":0.0,"damage_taken":0.0,"cards_obtained":["Ghostly","Ghostly","Ghostly"]},{"cards_removed":["Poisoned Stab"],"damage_healed":0.0,"max_hp_gain":0.0,"max_hp_loss":0.0,"gold_gain":0.0,"event_name":"betterThird:BetterWriting","player_choice":"Elegance","floor":21.0,"gold_loss":0.0,"damage_taken":0.0},{"damage_healed":0.0,"max_hp_gain":0.0,"max_hp_loss":0.0,"gold_gain":0.0,"event_name":"The Library","player_choice":"Read","floor":24.0,"gold_loss":0.0,"damage_taken":0.0,"cards_obtained":["Footwork"]},{"damage_healed":0.0,"max_hp_gain":0.0,"max_hp_loss":0.0,"gold_gain":0.0,"event_name":"Cursed Tome","player_choice":"Obtained Book","floor":27.0,"gold_loss":0.0,"damage_taken":21.0},{"damage_healed":0.0,"max_hp_gain":0.0,"max_hp_loss":0.0,"gold_gain":0.0,"event_name":"betterThird:BetterPortal","player_choice":"Random: Blue","floor":38.0,"gold_loss":0.0,"damage_taken":0.0},{"damage_healed":0.0,"max_hp_gain":0.0,"max_hp_loss":0.0,"gold_gain":0.0,"event_name":"SensoryStone","player_choice":"Memory 1","floor":38.0,"gold_loss":0.0,"damage_taken":0.0},{"damage_healed":0.0,"max_hp_gain":0.0,"max_hp_loss":0.0,"gold_gain":0.0,"event_name":"SensoryStone","player_choice":"Memory 1","floor":47.0,"gold_loss":0.0,"damage_taken":0.0}],"is_beta":false,"boss_relics":[{"not_picked":["Astrolabe","Coffee Dripper"],"picked":"Pandora\u0027s Box"},{"not_picked":["Velvet Choker","Snecko Eye"],"picked":"HoveringKite"}],"items_purged_floors":[45],"is_endless":false,"potions_floor_spawned":[12,16,29,30,33,35,41,46],"killed_by":"Time Eater","ascension_level":20}}