{"host":"7d9nv1viv9k97dq8","time":1609834611,"event":{"mods":["Act Like it!","BaseMod","Decade(Õı–°√˜)","Downfall","Gensokyo","KomeijiMod","Luminous","Marisa£®ÏF”Í°°ƒß¿Ì…≥£©","Minty Spire (QoL Compilation)","Prisma Mod","Reimu£®≤©¿ˆ¡È√Œ£©","Remilia£®¿Ÿ√◊¿Ú—«£©","Replay The Spire","StSLib","The Administrix","The Bug Knight","Waifu the Spire","Yakumo Yukari mod","Youmu£®ªÍ∆«—˝√Œ£©","Yuyuko"],"gold_per_floor":[112,112,40,40,40,55,55,75,120,135,165,165,191,209,209,209,209],"floor_reached":16,"playtime":725,"items_purged":[],"score":135,"play_id":"02420d98-21ea-4db1-80e3-42b989afae1d","local_time":"20210105161651","is_ascension_mode":false,"campfire_choices":[{"data":"HollowMod:DescendingDark","floor":7,"key":"SMITH"}],"circlet_count":0,"master_deck":["HollowMod:NailStrikeStart","HollowMod:NailStrikeStart","HollowMod:NailStrikeStart","HollowMod:NailStrikeStart","HollowMod:QuickDashStart","HollowMod:QuickDashStart","HollowMod:QuickDashStart","HollowMod:QuickDashStart","HollowMod:FocusHealStart","HollowMod:PogoStrike","HollowMod:DescendingDark+1","HollowMod:MothsMistake","HollowMod:DescendingDark","HollowMod:VengefulVoid","HollowMod:DescendingDark+1","HollowMod:SoulMaster","HollowMod:DescendingDark+1"],"relics":["HollowMod:VesselMask","NeowsBlessing","Mastiff:ReiMu","Question Card","HollowMod:LumaflyLanternRelic"],"acts_visited":["Exordium"],"potions_floor_usage":[11,13],"damage_taken":[{"damage":0,"enemies":"Gensokyo:3_Fairies","floor":1,"turns":2},{"damage":0,"enemies":"Gensokyo:2_Kodama","floor":6,"turns":1},{"damage":0,"enemies":"Gensokyo:Python","floor":8,"turns":1},{"damage":0,"enemies":"Gensokyo:3_Kodama","floor":10,"turns":1},{"damage":15,"enemies":"Gensokyo:Mamizou","floor":11,"turns":7},{"damage":22,"enemies":"Gensokyo:Aya","floor":13,"turns":6},{"damage":0,"enemies":"Gensokyo:2_Rabbits","floor":14,"turns":1},{"damage":66,"enemies":"Gensokyo:Yukari","floor":16,"turns":8}],"seed_played":"-5881473654708440179","potions_obtained":[{"floor":1,"key":"DuplicationPotion"},{"floor":6,"key":"CalmPotion"},{"floor":10,"key":"ColorlessPotion"},{"floor":13,"key":"GrandPatriotsElixir:ReiMu"}],"is_trial":false,"path_per_floor":["M","?","$","?","$","M","R","M","T","M","E","?","E","M","R","B"],"character_chosen":"THE_BUGKNIGHT","items_purchased":["HollowMod:MothsMistake"],"campfire_rested":0,"item_purchase_floors":[3],"current_hp_per_floor":[75,75,75,75,75,75,75,75,75,75,60,60,38,38,60,0,0],"gold":209,"neow_bonus":"THREE_ENEMY_KILL","is_daily":false,"chose_seed":false,"campfire_upgraded":1,"win_rate":0.0,"timestamp":1609834611,"path_taken":["M","?","?","?","?","M","R","?","T","?","E","?","E","M","R","BOSS"],"items_purchased_type":["Card"],"build_version":"2020-12-22","purchased_purges":0,"victory":false,"max_hp_per_floor":[75,75,75,75,75,75,75,75,75,75,75,75,75,75,75,75,75],"card_choices":[{"not_picked":["HollowMod:SiblingsShadow","HollowMod:BaldurShell"],"picked":"HollowMod:DescendingDark","floor":1},{"not_picked":["HollowMod:ChannelNail","HollowMod:SoulEater","HollowMod:DungDefenderAura"],"picked":"SKIP","floor":6},{"not_picked":["HollowMod:SoulStrike","HollowMod:CloakDash"],"picked":"HollowMod:DescendingDark","floor":8},{"not_picked":["HollowMod:InfectionAssault","HollowMod:MantisMark"],"picked":"HollowMod:VengefulVoid","floor":10},{"not_picked":["HollowMod:HuntersJournal","HollowMod:DashSlash"],"picked":"HollowMod:DescendingDark","floor":11},{"not_picked":["HollowMod:SoulStrike","HollowMod:ShadowDash","HollowMod:GoodIntentions"],"picked":"HollowMod:SoulMaster","floor":13},{"not_picked":["HollowMod:InfectedAttack","HollowMod:PureVessel","HollowMod:HowlingWraiths"],"picked":"HollowMod:DescendingDark","floor":14}],"player_experience":194155,"relics_obtained":[{"floor":9,"key":"Mastiff:ReiMu"},{"floor":11,"key":"Question Card"},{"floor":13,"key":"HollowMod:LumaflyLanternRelic"}],"event_choices":[],"is_beta":false,"boss_relics":[],"items_purged_floors":[],"is_endless":false,"potions_floor_spawned":[1,6,10,13],"killed_by":"Gensokyo:Yukari","ascension_level":0}}