{"host":"56ghxnzsglgdq727","time":1609844638,"event":{"mods":["AchievementEnabler","BaseMod","Downfall","Minty Spire (QoL Compilation)","StSLib"],"gold_per_floor":[99,99,99,549,649,649,649,20,36,211,96,96,96,96,116,212,212,212,232,232,232,250,250,276,333,333,36,54,54,54,75,93,189,189,189,189,206,12,30,57,110,110,35,48,81,6,26,43,53,53],"floor_reached":51,"playtime":2573,"items_purged":["Slimebound:Icky","Doubt","Slimebound:Icky","Slimebound:Icky"],"score":743,"play_id":"19bd69eb-8ba4-4c63-83a2-d8f0e270e2be","local_time":"20210105060358","is_ascension_mode":false,"campfire_choices":[{"data":"hexamod:Float","floor":1,"key":"SMITH"},{"data":"Jack Of All Trades","floor":13,"key":"SMITH"},{"data":"hexamod:TimeWarp","floor":18,"key":"SMITH"},{"data":"hexamod:ApocalypticArmor","floor":23,"key":"SMITH"},{"data":"hexamod:ParanormalForm","floor":26,"key":"SMITH"},{"data":"hexamod:ApocalypticArmor","floor":29,"key":"SMITH"},{"floor":35,"key":"RECALL"},{"floor":43,"key":"REST"},{"floor":46,"key":"REST"}],"circlet_count":0,"master_deck":["hexamod:Strike","hexamod:Strike","hexamod:Strike","hexamod:Defend+1","hexamod:Defend+1","hexamod:Defend+1","hexamod:Sear","hexamod:Float+1","hexamod:Hexaguard","hexamod:PowerFromBeyond","Jack Of All Trades+1","hexamod:Hexaguard","hexamod:TimeWarp+1","hexamod:ApocalypticArmor+1","hexamod:EmpoweredFlame+1","hexamod:ParanormalForm+1","hexamod:StepThrough","hexamod:ApocalypticArmor+1","hexamod:HexaLevel","hexamod:UnlimitedPower","hexamod:FourthSeal","hexamod:FastForward","Sadistic Nature","hexamod:FirstSeal"],"relics":["hexamod:SpiritBrand","downfall:HeartsMalice","White Beast Statue","Juzu Bracelet","Happy Flower","HandDrill","SacredBark","Eternal Feather","Toy Ornithopter","PreservedInsect","hexamod:TheBrokenSeal","Fusion Hammer","Membership Card","Matryoshka","Potion Belt","hexamod:MatchstickCase","Art of War","War Paint","Blood Vial","downfall:HeartBlessingBlue","Regal Pillow","downfall:HeartBlessingRed"],"acts_visited":["Exordium","TheCity","TheBeyond"],"potions_floor_usage":[8,9,9,15,16,16,19,25,27,27,28,28,31,33,33,33,38,38,40,40,44,45,45,45,48,48,49,50,50,50],"damage_taken":[{"damage":0,"enemies":"Jaw Worm","floor":2,"turns":1},{"damage":0,"enemies":"Small Slimes","floor":3,"turns":1},{"damage":0,"enemies":"2 Louse","floor":6,"turns":1},{"damage":0,"enemies":"downfall:FleeingMerchant","floor":8,"turns":4},{"damage":2,"enemies":"2 Fungi Beasts","floor":9,"turns":3},{"damage":0,"enemies":"downfall:FleeingMerchant","floor":11,"turns":4},{"damage":0,"enemies":"Large Slime","floor":15,"turns":7},{"damage":20,"enemies":"downfall:Watcher","floor":16,"turns":12},{"damage":18,"enemies":"3 Byrds","floor":19,"turns":7},{"damage":14,"enemies":"Spheric Guardian","floor":22,"turns":6},{"damage":22,"enemies":"Shelled Parasite and Fungi","floor":25,"turns":7},{"damage":0,"enemies":"downfall:FleeingMerchant","floor":27,"turns":4},{"damage":33,"enemies":"Snecko","floor":28,"turns":7},{"damage":28,"enemies":"Snake Plant","floor":31,"turns":6},{"damage":0,"enemies":"Shelled Parasite and Fungi","floor":32,"turns":3},{"damage":25,"enemies":"downfall:Ironclad","floor":33,"turns":6},{"damage":20,"enemies":"3 Darklings","floor":37,"turns":4},{"damage":0,"enemies":"downfall:FleeingMerchant","floor":38,"turns":6},{"damage":0,"enemies":"Orb Walker","floor":39,"turns":2},{"damage":23,"enemies":"Nemesis","floor":40,"turns":5},{"damage":9,"enemies":"Writhing Mass","floor":44,"turns":4},{"damage":41,"enemies":"Reptomancer","floor":45,"turns":5},{"damage":7,"enemies":"3 Darklings","floor":47,"turns":5},{"damage":0,"enemies":"Transient","floor":48,"turns":7},{"damage":2,"enemies":"4 Shapes","floor":49,"turns":5},{"damage":7,"enemies":"downfall:Defect","floor":50,"turns":5}],"seed_played":"-2623582108680383437","potions_obtained":[{"floor":8,"key":"EntropicBrew"},{"floor":9,"key":"Energy Potion"},{"floor":11,"key":"Regen Potion"},{"floor":15,"key":"SpeedPotion"},{"floor":16,"key":"Energy Potion"},{"floor":19,"key":"GamblersBrew"},{"floor":22,"key":"BlessingOfTheForge"},{"floor":25,"key":"SkillPotion"},{"floor":27,"key":"Swift Potion"},{"floor":27,"key":"ColorlessPotion"},{"floor":28,"key":"Dexterity Potion"},{"floor":31,"key":"DuplicationPotion"},{"floor":32,"key":"SteroidPotion"},{"floor":33,"key":"SteroidPotion"},{"floor":37,"key":"Slimebound:ThreeZeroPotion"},{"floor":37,"key":"hexamod:DoubleChargePotion"},{"floor":38,"key":"Weak Potion"},{"floor":38,"key":"Dexterity Potion"},{"floor":39,"key":"BlessingOfTheForge"},{"floor":40,"key":"ColorlessPotion"},{"floor":40,"key":"Fire Potion"},{"floor":44,"key":"Explosive Potion"},{"floor":44,"key":"Dexterity Potion"},{"floor":45,"key":"FearPotion"},{"floor":45,"key":"Ancient Potion"},{"floor":47,"key":"LiquidBronze"},{"floor":47,"key":"SpeedPotion"},{"floor":48,"key":"Weak Potion"},{"floor":48,"key":"SkillPotion"},{"floor":49,"key":"FairyPotion"},{"floor":49,"key":"LiquidMemories"}],"is_trial":false,"path_per_floor":["R","M","M","?","?","M","T","$","M","?","$","?","R","?","M","B",null,"R","M","?","?","M","R","T","M","R","$","M","R","?","M","M","B",null,"R","?","M","$","M","E","T","?","R","M","E","R","M","M","M","B",null],"character_chosen":"THE_SPIRIT","items_purchased":["Juzu Bracelet","Happy Flower","HandDrill","Jack Of All Trades","PreservedInsect","Membership Card","hexamod:FastForward","Sadistic Nature","Matryoshka","Potion Belt"],"campfire_rested":2,"item_purchase_floors":[8,8,8,8,27,38,38,38,38,38],"current_hp_per_floor":[70,70,70,70,70,70,70,70,68,68,68,68,68,68,68,51,70,70,52,52,52,38,50,50,40,52,69,44,59,59,80,80,60,80,80,80,60,70,70,57,57,57,90,81,64,90,90,90,90,90],"gold":53,"neow_bonus":"THREE_ENEMY_KILL","is_daily":false,"chose_seed":false,"campfire_upgraded":6,"win_rate":0.0,"timestamp":1609844638,"path_taken":["R","M","M","?","?","M","T","$","M","?","$","?","R","?","M","BOSS","R","M","?","?","M","R","T","M","R","$","M","R","?","M","M","BOSS","R","?","M","$","M","E","T","?","R","M","E","R","M","M","M","BOSS"],"items_purchased_type":["Relic","Relic","Relic","Card","Relic","Relic","Card","Card","Relic","Relic"],"build_version":"2020-12-22","purchased_purges":4,"victory":true,"max_hp_per_floor":[70,70,70,70,70,70,70,70,70,70,70,70,70,70,70,70,70,70,70,70,70,70,70,70,70,70,70,70,70,70,80,80,80,80,80,80,80,80,80,80,80,80,90,90,90,90,90,90,90,90],"card_choices":[{"not_picked":["hexamod:BacktrackSmack","hexamod:RecurringNightmare"],"picked":"hexamod:Hexaguard","floor":2},{"not_picked":["hexamod:PhantomFireball","hexamod:BurningTouch","hexamod:ShieldOfDarkness"],"picked":"SKIP","floor":3},{"not_picked":["hexamod:BacktrackSmack","hexamod:SecondSeal"],"picked":"hexamod:ThirdSeal","floor":6},{"not_picked":["hexamod:StepThrough","hexamod:CatchUp"],"picked":"hexamod:PowerFromBeyond","floor":8},{"not_picked":["hexamod:Haunt","hexamod:SwordOfDarkness","hexamod:SpectralAdrenaline"],"picked":"SKIP","floor":8},{"not_picked":["hexamod:SpectersWail","hexamod:GhostLash","hexamod:HauntingEcho"],"picked":"SKIP","floor":9},{"not_picked":["hexamod:Hexaguard","hexamod:GhostShield","hexamod:WildfireWeapon"],"picked":"SKIP","floor":9},{"not_picked":["hexamod:ShieldOfDarkness","hexamod:DynamicBlow","hexamod:GhostLash"],"picked":"SKIP","floor":11},{"not_picked":["hexamod:GhostOfSpirePresent","hexamod:GhostLash","hexamod:InspiringFlames"],"picked":"SKIP","floor":11},{"not_picked":["hexamod:SpectersWail","hexamod:SkipABeat"],"picked":"hexamod:Hexaguard","floor":15},{"not_picked":["hexamod:NightmareStrike","hexamod:ThermalTransfer","hexamod:NightmareGuise"],"picked":"SKIP","floor":15},{"not_picked":["hexamod:EmpoweringStance","hexamod:VolcanoVisage"],"picked":"hexamod:TimeWarp","floor":16},{"not_picked":["hexamod:Toasty","hexamod:CrushingStance"],"picked":"hexamod:ApocalypticArmor","floor":16},{"not_picked":["hexamod:AdvancingGuard","hexamod:ThirdSeal"],"picked":"hexamod:EmpoweredFlame+1","floor":19},{"not_picked":["hexamod:SwordOfDarkness","hexamod:GhostLash","hexamod:GhostShield+1"],"picked":"SKIP","floor":19},{"not_picked":["hexamod:FourthSeal","hexamod:SecondSeal"],"picked":"hexamod:FirstSeal","floor":22},{"not_picked":["hexamod:NightmareStrike","hexamod:GhostOfSpireFuture"],"picked":"hexamod:ParanormalForm","floor":22},{"not_picked":["hexamod:NightmareGuise+1","hexamod:InspiringFlames","hexamod:Rewind"],"picked":"SKIP","floor":22},{"not_picked":["hexamod:SecondSeal","hexamod:FirstSeal"],"picked":"hexamod:FourthSeal","floor":25},{"not_picked":["hexamod:Incineration","hexamod:PhantomFireball+1"],"picked":"hexamod:StepThrough","floor":25},{"not_picked":["hexamod:NightmareGuise","hexamod:BacktrackSmack","hexamod:SwordOfDarkness"],"picked":"SKIP","floor":25},{"not_picked":["hexamod:FourthSeal","hexamod:FirstSeal"],"picked":"hexamod:SixthSeal","floor":27},{"not_picked":["hexamod:EtherealExpedition+1","hexamod:SpectersWail+1"],"picked":"hexamod:ApocalypticArmor","floor":27},{"not_picked":["hexamod:HeatMetal","hexamod:WildfireWeapon","hexamod:NightmareGuise"],"picked":"SKIP","floor":27},{"not_picked":["hexamod:FourthSeal","hexamod:ThirdSeal"],"picked":"hexamod:SecondSeal","floor":28},{"not_picked":["hexamod:SpectralAdrenaline","hexamod:SwordOfDarkness+1"],"picked":"hexamod:HexaLevel","floor":28},{"not_picked":["hexamod:BacktrackSmack+1","hexamod:PhantomFireball","hexamod:SkipABeat"],"picked":"SKIP","floor":28},{"not_picked":["hexamod:ShieldOfDarkness","hexamod:ExtraCrispy","hexamod:NecessarySacrifice"],"picked":"SKIP","floor":31},{"not_picked":["hexamod:BurningTouch","hexamod:GhostOfSpireFuture","hexamod:GhostShield"],"picked":"SKIP","floor":31},{"not_picked":["hexamod:Firestarter","hexamod:EmpoweredFlame","hexamod:RainOfEmbers+1"],"picked":"SKIP","floor":32},{"not_picked":["hexamod:FifthSeal","hexamod:CrushingStance"],"picked":"hexamod:UnlimitedPower","floor":33},{"not_picked":["hexamod:ShieldOfDarkness","hexamod:HauntingEcho+1","hexamod:AdvancingGuard+1"],"picked":"SKIP","floor":37},{"not_picked":["hexamod:BacktrackSmack+1","hexamod:SpectralSpark+1","hexamod:Incineration"],"picked":"SKIP","floor":38},{"not_picked":["hexamod:ChargedBarrage","hexamod:HauntingEcho","hexamod:CatchUp"],"picked":"SKIP","floor":39},{"not_picked":["hexamod:ChargedBarrage+1","hexamod:HauntingEcho","hexamod:ShieldOfDarkness"],"picked":"SKIP","floor":40},{"not_picked":["hexamod:GhostShield+1","hexamod:ShieldOfDarkness+1"],"picked":"hexamod:FirstSeal","floor":44},{"not_picked":["hexamod:Firestarter","hexamod:ShieldOfDarkness","hexamod:HauntingEcho+1"],"picked":"SKIP","floor":45},{"not_picked":["hexamod:HeatCrush","hexamod:SpectersWail","hexamod:DynamicBlow+1"],"picked":"SKIP","floor":47},{"not_picked":["hexamod:HeatCrush+1","hexamod:BurningTouch","hexamod:Firestarter"],"picked":"SKIP","floor":48},{"not_picked":["hexamod:CatchUp","hexamod:DynamicBlow","hexamod:InspiringFlames+1"],"picked":"SKIP","floor":49}],"player_experience":160169,"relics_obtained":[{"floor":7,"key":"White Beast Statue"},{"floor":24,"key":"Toy Ornithopter"},{"floor":40,"key":"hexamod:MatchstickCase"},{"floor":41,"key":"Art of War"},{"floor":41,"key":"War Paint"},{"floor":42,"key":"Blood Vial"},{"floor":45,"key":"Regal Pillow"}],"event_choices":[{"damage_healed":0,"gold_gain":0,"cards_transformed":["hexamod:Defend"],"player_choice":"Transformed","damage_taken":0,"max_hp_gain":0,"max_hp_loss":0,"event_name":"Transmorgrifier","floor":21,"gold_loss":0,"cards_obtained":["hexamod:FifthSeal"]}],"is_beta":false,"boss_relics":[{"not_picked":["Sozu","Runic Dome"],"picked":"SacredBark"},{"not_picked":["Cursed Key","Velvet Choker"],"picked":"Fusion Hammer"}],"items_purged_floors":[8,11,27,38],"is_endless":false,"potions_floor_spawned":[8,9,11,15,16,19,22,25,27,31,32,33,37,38,39,40,44,45,47,48,49],"ascension_level":0}}