{"host":"l60rmjjsfi0fipmi","time":1609816301,"event":{"mods":["BaseMod","Colored Map","DeckTracker","Highlight Path","Minty Spire (QoL Compilation)"],"gold_per_floor":[117,117,132,31,45,45,45,60,85,104,104,115,130,150,150,255,255,270,270,280,280,280,314,4,19,19,19,48,48,48,58,58,159,159,172,222,235,135,135,135,164,189,189,202,152,167,167,185,185,185],"floor_reached":51,"playtime":3864,"items_purged":["Strike_P","Defend_P","Defend_P"],"score":684,"play_id":"aa6ca597-fca2-4e07-9cb9-81cbb524218c","local_time":"20210104221141","is_ascension_mode":false,"campfire_choices":[{"data":"ClearTheMind","floor":6,"key":"SMITH"},{"floor":15,"key":"REST"},{"floor":27,"key":"REST"},{"floor":32,"key":"REST"},{"data":"Vault","floor":40,"key":"SMITH"},{"data":"Eruption","floor":47,"key":"SMITH"},{"floor":49,"key":"REST"}],"circlet_count":0,"master_deck":["Defend_P","Defend_P","Eruption+1","Vigilance+1","Tantrum","EmptyFist","Consecrate","FollowUp","ClearTheMind+1","BattleHymn","ThirdEye","Prostrate","FlyingSleeves","SashWhip","MasterReality","Protect+1","ClearTheMind","Halt","Strike_B","Worship","Vault+1","Wireheading","Meditate+1","PathToVictory"],"relics":["PureWater","Tiny Chest","Runic Pyramid","Blue Candle","Blood Vial","Pen Nib","Regal Pillow","Centennial Puzzle","Ornamental Fan","SlaversCollar","FossilizedHelix","Eternal Feather","Smiling Mask","Sundial"],"acts_visited":["Exordium","TheCity","TheBeyond"],"potions_floor_usage":[16,23,23,28,31,33,33,46,50,50,50,50,50,50],"damage_taken":[{"damage":0,"enemies":"Small Slimes","floor":1,"turns":3},{"damage":0,"enemies":"Jaw Worm","floor":3,"turns":6},{"damage":0,"enemies":"Cultist","floor":5,"turns":2},{"damage":15,"enemies":"Looter","floor":8,"turns":3},{"damage":1,"enemies":"Large Slime","floor":10,"turns":3},{"damage":2,"enemies":"Exordium Thugs","floor":12,"turns":4},{"damage":5,"enemies":"Looter","floor":13,"turns":4},{"damage":0,"enemies":"Large Slime","floor":14,"turns":3},{"damage":6,"enemies":"The Guardian","floor":16,"turns":9},{"damage":0,"enemies":"Spheric Guardian","floor":18,"turns":3},{"damage":0,"enemies":"Chosen","floor":20,"turns":4},{"damage":39,"enemies":"Gremlin Leader","floor":23,"turns":6},{"damage":9,"enemies":"Snake Plant","floor":25,"turns":4},{"damage":58,"enemies":"Book of Stabbing","floor":28,"turns":7},{"damage":2,"enemies":"Cultist and Chosen","floor":31,"turns":6},{"damage":22,"enemies":"Automaton","floor":33,"turns":6},{"damage":10,"enemies":"3 Darklings","floor":35,"turns":7},{"damage":29,"enemies":"Mind Bloom Boss Battle","floor":36,"turns":6},{"damage":30,"enemies":"3 Shapes","floor":37,"turns":4},{"damage":0,"enemies":"Nemesis","floor":41,"turns":6},{"damage":30,"enemies":"Jaw Worm Horde","floor":44,"turns":6},{"damage":6,"enemies":"Transient","floor":46,"turns":6},{"damage":21,"enemies":"Spire Growth","floor":48,"turns":5},{"damage":75,"enemies":"Time Eater","floor":50,"turns":10}],"seed_played":"1777274914553876173","potions_obtained":[{"floor":0,"key":"Strength Potion"},{"floor":0,"key":"Energy Potion"},{"floor":0,"key":"ColorlessPotion"},{"floor":3,"key":"Explosive Potion"},{"floor":18,"key":"CultistPotion"},{"floor":23,"key":"Block Potion"},{"floor":31,"key":"Strength Potion"},{"floor":37,"key":"Energy Potion"},{"floor":41,"key":"AttackPotion"},{"floor":44,"key":"EntropicBrew"},{"floor":46,"key":"BlessingOfTheForge"},{"floor":48,"key":"Regen Potion"}],"is_trial":false,"path_per_floor":["M","?","M","$","M","R","?","M","T","M","?","M","M","M","R","B",null,"M","?","M","T","?","E","$","M","T","R","E","?","T","M","R","B",null,"M","?","M","$","?","R","E","T","T","M","$","M","R","M","R","B",null],"character_chosen":"WATCHER","items_purchased":["Consecrate","FollowUp","Pen Nib","EssenceOfSteel"],"campfire_rested":4,"item_purchase_floors":[4,4,24,24],"current_hp_per_floor":[72,72,72,72,72,72,72,57,57,56,49,47,42,42,63,57,72,72,72,72,72,72,33,33,26,26,62,6,6,6,6,42,22,72,62,35,7,7,63,63,63,63,63,33,33,29,41,22,63,3],"gold":185,"neow_bonus":"THREE_SMALL_POTIONS","is_daily":false,"chose_seed":false,"campfire_upgraded":3,"win_rate":0.0,"timestamp":1609816301,"path_taken":["M","?","M","$","M","R","?","?","T","M","?","M","M","M","R","BOSS","M","?","?","?","?","E","$","?","T","R","E","?","?","M","R","BOSS","M","?","M","$","?","R","E","?","T","M","$","M","R","M","R","BOSS"],"items_purchased_type":["Card","Card","Relic","Potion"],"build_version":"2020-12-22","purchased_purges":3,"victory":true,"max_hp_per_floor":[72,72,72,72,72,72,72,72,72,72,72,72,72,72,72,72,72,72,72,72,72,72,72,72,72,72,72,72,72,72,72,72,72,72,72,72,72,72,63,63,63,63,63,63,63,63,63,63,63,63],"card_choices":[{"not_picked":["Indignation","Swivel"],"picked":"Tantrum","floor":1},{"not_picked":["JustLucky","FlyingSleeves"],"picked":"EmptyFist","floor":3},{"not_picked":["FlurryOfBlows","FlyingSleeves"],"picked":"ClearTheMind","floor":5},{"not_picked":["ConjureBlade","SashWhip"],"picked":"BattleHymn","floor":8},{"not_picked":["Indignation","MentalFortress"],"picked":"ThirdEye","floor":10},{"not_picked":["Crescendo","ForeignInfluence"],"picked":"Prostrate","floor":12},{"not_picked":["EmptyFist","Protect"],"picked":"FlyingSleeves","floor":13},{"not_picked":["Prostrate","EmptyFist"],"picked":"SashWhip","floor":14},{"not_picked":["Ragnarok","Alpha"],"picked":"MasterReality","floor":16},{"not_picked":["PathToVictory","ClearTheMind+1"],"picked":"Protect+1","floor":18},{"not_picked":["JustLucky","Alpha","EmptyBody"],"picked":"SKIP","floor":20},{"not_picked":["SandsOfTime","PathToVictory","MentalFortress"],"picked":"SKIP","floor":23},{"not_picked":["Vengeance","FlyingSleeves","Nirvana"],"picked":"SKIP","floor":25},{"not_picked":["Crescendo","SignatureMove"],"picked":"Halt","floor":28},{"not_picked":["ThirdEye","Collect+1"],"picked":"Worship","floor":31},{"not_picked":["Scrawl","Omniscience"],"picked":"Vault","floor":33},{"not_picked":["CrushJoints+1","FlurryOfBlows+1"],"picked":"Wireheading","floor":35},{"not_picked":["FlurryOfBlows+1","Protect"],"picked":"Meditate+1","floor":37},{"not_picked":["Halt","InnerPeace+1"],"picked":"PathToVictory","floor":41},{"not_picked":["FlyingSleeves+1","Meditate","ClearTheMind+1"],"picked":"SKIP","floor":44},{"not_picked":["CarveReality+1","CrushJoints","Evaluate+1"],"picked":"SKIP","floor":46},{"not_picked":["Halt","DeceiveReality","FlyingSleeves+1"],"picked":"SKIP","floor":48}],"player_experience":238288,"relics_obtained":[{"floor":9,"key":"Tiny Chest"},{"floor":21,"key":"Blue Candle"},{"floor":23,"key":"Blood Vial"},{"floor":26,"key":"Regal Pillow"},{"floor":28,"key":"Centennial Puzzle"},{"floor":30,"key":"Ornamental Fan"},{"floor":36,"key":"FossilizedHelix"},{"floor":41,"key":"Eternal Feather"},{"floor":42,"key":"Smiling Mask"},{"floor":43,"key":"Sundial"}],"event_choices":[{"damage_healed":0,"gold_gain":0,"player_choice":"Grow","damage_taken":0,"max_hp_gain":0,"max_hp_loss":0,"event_name":"Living Wall","floor":2,"gold_loss":0,"cards_upgraded":["Vigilance"]},{"cards_removed":["Strike_P"],"damage_healed":0,"gold_gain":0,"player_choice":"Purged","damage_taken":0,"max_hp_gain":0,"max_hp_loss":0,"event_name":"Purifier","floor":7,"gold_loss":0},{"cards_removed":["Strike_P"],"damage_healed":0,"gold_gain":0,"player_choice":"Card Removal","damage_taken":7,"max_hp_gain":0,"max_hp_loss":0,"event_name":"Golden Wing","floor":11,"gold_loss":0},{"damage_healed":0,"gold_gain":0,"player_choice":"1 cards matched","damage_taken":0,"max_hp_gain":0,"max_hp_loss":0,"event_name":"Match and Keep!","floor":19,"gold_loss":0,"cards_obtained":["ClearTheMind"]},{"damage_healed":0,"gold_gain":0,"player_choice":"Full Heal","damage_taken":0,"max_hp_gain":0,"max_hp_loss":0,"event_name":"Wheel of Change","floor":22,"gold_loss":0},{"cards_removed":["Strike_P"],"damage_healed":0,"gold_gain":0,"player_choice":"Took Card","damage_taken":0,"max_hp_gain":0,"max_hp_loss":0,"event_name":"NoteForYourself","floor":29,"gold_loss":0,"cards_obtained":["Strike_B"]},{"damage_healed":0,"gold_gain":0,"player_choice":"Fight","damage_taken":0,"max_hp_gain":0,"max_hp_loss":0,"event_name":"MindBloom","floor":36,"gold_loss":0},{"damage_healed":63,"gold_gain":0,"player_choice":"Heal","damage_taken":0,"max_hp_gain":0,"max_hp_loss":9,"event_name":"The Moai Head","floor":39,"gold_loss":0}],"is_beta":false,"boss_relics":[{"not_picked":["Runic Dome","Ectoplasm"],"picked":"Runic Pyramid"},{"not_picked":["Snecko Eye","Cursed Key"],"picked":"SlaversCollar"}],"items_purged_floors":[24,38,45],"is_endless":false,"potions_floor_spawned":[3,5,13,14,18,20,23,25,31,37,41,44,46,48],"ascension_level":0}}