{"host":"nqsrckqog5ia9mbo","time":1609869214,"event":{"mods":["AchievementEnabler","BaseMod","Colored Map","Highlight Path","Minty Spire (QoL Compilation)"],"gold_per_floor":[112,126,144,160,179,210,210,238,285,315,315,332,332,44,44,146,146,146,146,71,11,11,11,11,11,11,11,11,11,11,11,11,11,11,11,0,0,0,0,0,0,0,0,0,0,0,0,0,0,0],"floor_reached":51,"playtime":2668,"items_purged":["Strike_G"],"score":825,"play_id":"b093d505-e777-4152-a482-3d95be0850a2","local_time":"20210105185334","is_ascension_mode":true,"campfire_choices":[{"floor":7.0,"key":"REST"},{"data":"Noxious Fumes","floor":11,"key":"SMITH"},{"floor":15,"key":"REST"},{"data":"Catalyst","floor":23,"key":"SMITH"},{"floor":25,"key":"REST"},{"floor":29,"key":"REST"},{"floor":32,"key":"REST"},{"data":"Bouncing Flask","floor":40,"key":"SMITH"},{"data":"Calculated Gamble","floor":49,"key":"SMITH"}],"circlet_count":0,"master_deck":["Strike_G","Strike_G","Strike_G","Defend_G","Defend_G","Defend_G","Defend_G","Defend_G+1","Survivor","Neutralize","Poisoned Stab","Poisoned Stab","Noxious Fumes+1","Crippling Poison","Catalyst+1","Bane","Calculated Gamble+1","Bouncing Flask+1","Outmaneuver","Adrenaline","Prepared","Shame","Catalyst+1","Adrenaline+1","Backflip","Dagger Throw","Decay","Adrenaline","Crippling Poison+1","Adrenaline","Backflip+1"],"relics":["Ring of the Snake","Lantern","Strawberry","War Paint","Vajra","Odd Mushroom","The Specimen","Ectoplasm","Ornamental Fan","Smiling Mask","HornCleat","HoveringKite","Red Mask","Eternal Feather","Boot"],"acts_visited":["Exordium","TheCity","TheBeyond"],"potions_floor_usage":[12,18,24,24,24,27,50],"damage_taken":[{"damage":1.0,"enemies":"Jaw Worm","floor":1.0,"turns":6.0},{"damage":1.0,"enemies":"2 Louse","floor":2.0,"turns":3.0},{"damage":4.0,"enemies":"Small Slimes","floor":3.0,"turns":3.0},{"damage":5.0,"enemies":"3 Louse","floor":4.0,"turns":3.0},{"damage":1.0,"enemies":"Exordium Thugs","floor":5.0,"turns":5.0},{"damage":32.0,"enemies":"Gremlin Nob","floor":6.0,"turns":5.0},{"damage":11.0,"enemies":"3 Sentries","floor":8.0,"turns":7.0},{"damage":24,"enemies":"The Mushroom Lair","floor":10,"turns":5},{"damage":9,"enemies":"Lots of Slimes","floor":12,"turns":3},{"damage":21,"enemies":"Slime Boss","floor":16,"turns":9},{"damage":1,"enemies":"3 Byrds","floor":18,"turns":3},{"damage":15,"enemies":"2 Thieves","floor":21,"turns":3},{"damage":42,"enemies":"Slavers","floor":24,"turns":4},{"damage":9,"enemies":"Snake Plant","floor":27,"turns":2},{"damage":1,"enemies":"Centurion and Healer","floor":30,"turns":3},{"damage":33,"enemies":"Collector","floor":33,"turns":5},{"damage":0,"enemies":"3 Shapes","floor":35,"turns":3},{"damage":13,"enemies":"3 Darklings","floor":37,"turns":5},{"damage":0,"enemies":"Maw","floor":39,"turns":4},{"damage":0,"enemies":"Sphere and 2 Shapes","floor":41,"turns":3},{"damage":12,"enemies":"Reptomancer","floor":42,"turns":3},{"damage":4,"enemies":"Writhing Mass","floor":45,"turns":3},{"damage":0,"enemies":"3 Darklings","floor":48,"turns":3},{"damage":39,"enemies":"Time Eater","floor":50,"turns":5}],"seed_played":"3081511929761612059","potions_obtained":[{"floor":3.0,"key":"DistilledChaos"},{"floor":5.0,"key":"GamblersBrew"},{"floor":8.0,"key":"Block Potion"},{"floor":10,"key":"BlessingOfTheForge"},{"floor":16,"key":"DuplicationPotion"},{"floor":18,"key":"Energy Potion"},{"floor":24,"key":"LiquidMemories"},{"floor":33,"key":"SkillPotion"},{"floor":42,"key":"Energy Potion"},{"floor":45,"key":"FairyPotion"}],"is_trial":false,"path_per_floor":["M","M","M","M","M","E","R","E","T","?","R","M","?","$","R","B",null,"M","?","$","M","?","R","E","R","T","M","?","R","M","?","R","B",null,"M","?","M","?","M","R","M","E","T","?","M","$","?","M","R","B",null],"character_chosen":"THE_SILENT","items_purchased":["The Specimen"],"campfire_rested":5,"item_purchase_floors":[14],"current_hp_per_floor":[69,68,64,59,58,33,56,45,45,21,21,12,12,12,35,14,77,76,76,76,61,45,45,3,26,26,17,17,40,39,39,62,29,77,77,77,64,64,64,64,64,52,52,52,48,48,48,48,66,27],"gold":0,"neow_bonus":"RANDOM_COMMON_RELIC","is_daily":false,"chose_seed":false,"campfire_upgraded":4,"win_rate":0.0,"timestamp":1609869214,"path_taken":["M","M","M","M","M","E","R","E","T","?","R","M","?","$","R","BOSS","M","?","$","M","?","R","E","R","T","M","?","R","M","?","R","BOSS","M","?","M","?","M","R","M","E","T","?","?","$","?","M","R","BOSS"],"items_purchased_type":["Relic"],"build_version":"2020-12-22","purchased_purges":1,"victory":true,"max_hp_per_floor":[70,70,70,70,70,77,77,77,77,77,77,77,77,77,77,77,77,77,77,77,77,77,77,77,77,77,77,77,77,77,77,77,77,77,77,77,77,77,77,77,77,77,77,77,77,77,77,77,77,77],"card_choices":[{"not_picked":["Deadly Poison","Leg Sweep"],"picked":"Poisoned Stab","floor":1.0},{"not_picked":["Sucker Punch","Dagger Throw"],"picked":"Poisoned Stab","floor":2.0},{"not_picked":["PiercingWail","Flechettes"],"picked":"Noxious Fumes","floor":3.0},{"not_picked":["Night Terror","Tactician"],"picked":"Crippling Poison","floor":4.0},{"not_picked":["Endless Agony","Masterful Stab"],"picked":"Catalyst","floor":5.0},{"not_picked":["Doppelganger","Unload"],"picked":"Bane","floor":6.0},{"not_picked":["Wraith Form v2","Dash"],"picked":"Calculated Gamble","floor":8.0},{"not_picked":["Backflip","Flying Knee"],"picked":"Bouncing Flask","floor":10},{"not_picked":["Sucker Punch","Dagger Throw"],"picked":"Outmaneuver","floor":12},{"not_picked":["Bullet Time","Venomology"],"picked":"Adrenaline","floor":16},{"not_picked":["Tactician","Dagger Spray+1"],"picked":"Prepared","floor":18},{"not_picked":["Underhanded Strike","Quick Slash"],"picked":"Catalyst","floor":21},{"not_picked":["Blade Dance","Terror"],"picked":"Adrenaline","floor":24},{"not_picked":["Poisoned Stab","Skewer"],"picked":"Backflip","floor":27},{"not_picked":["Deflect","Underhanded Strike"],"picked":"Dagger Throw","floor":30},{"not_picked":["Unload","Night Terror"],"picked":"Adrenaline","floor":33},{"not_picked":["Eviscerate","Poisoned Stab","Quick Slash"],"picked":"SKIP","floor":35},{"not_picked":["Dagger Spray","Quick Slash+1"],"picked":"Crippling Poison+1","floor":37},{"not_picked":["Cloak And Dagger","Infinite Blades+1","Sucker Punch+1"],"picked":"SKIP","floor":39},{"not_picked":["Finisher","Dagger Throw","Quick Slash+1"],"picked":"SKIP","floor":41},{"not_picked":["Predator","All Out Attack"],"picked":"Adrenaline","floor":42},{"not_picked":["Sucker Punch+1","Outmaneuver"],"picked":"Backflip+1","floor":45},{"not_picked":["Dagger Spray+1","Acrobatics","Underhanded Strike"],"picked":"SKIP","floor":48}],"player_experience":142316,"relics_obtained":[{"floor":6.0,"key":"Strawberry"},{"floor":8.0,"key":"War Paint"},{"floor":9.0,"key":"Vajra"},{"floor":10,"key":"Odd Mushroom"},{"floor":24,"key":"Smiling Mask"},{"floor":26,"key":"HornCleat"},{"floor":42,"key":"Eternal Feather"},{"floor":43,"key":"Boot"}],"event_choices":[{"damage_healed":0,"gold_gain":0,"player_choice":"Fought Mushrooms","damage_taken":0,"max_hp_gain":0,"max_hp_loss":0,"event_name":"Mushrooms","floor":10,"gold_loss":0},{"damage_healed":0,"gold_gain":0,"player_choice":"Ignored","damage_taken":0,"max_hp_gain":0,"max_hp_loss":0,"event_name":"Golden Wing","floor":13,"gold_loss":0},{"damage_healed":0,"gold_gain":0,"player_choice":"Stole Relic","damage_taken":0,"relics_obtained":["Ornamental Fan"],"max_hp_gain":0,"max_hp_loss":0,"event_name":"Addict","floor":19,"gold_loss":0,"cards_obtained":["Shame"]},{"damage_healed":0,"gold_gain":0,"player_choice":"Obtained Book","damage_taken":16,"max_hp_gain":0,"max_hp_loss":0,"event_name":"Cursed Tome","floor":22,"gold_loss":0},{"cards_removed":["Strike_G"],"damage_healed":0,"gold_gain":0,"player_choice":"Elegance","damage_taken":0,"max_hp_gain":0,"max_hp_loss":0,"event_name":"Back to Basics","floor":28,"gold_loss":0},{"damage_healed":0,"gold_gain":0,"player_choice":"Smashed Altar","damage_taken":0,"max_hp_gain":0,"max_hp_loss":0,"event_name":"Forgotten Altar","floor":31,"gold_loss":0,"cards_obtained":["Decay"]},{"damage_healed":0,"gold_gain":0,"player_choice":"Paid","damage_taken":0,"relics_obtained":["Red Mask"],"max_hp_gain":0,"max_hp_loss":0,"event_name":"Tomb of Lord Red Mask","floor":36,"gold_loss":11},{"damage_healed":0,"gold_gain":0,"player_choice":"Ignored","damage_taken":0,"max_hp_gain":0,"max_hp_loss":0,"event_name":"Mysterious Sphere","floor":38,"gold_loss":0},{"damage_healed":0,"gold_gain":0,"player_choice":"Forge","damage_taken":0,"max_hp_gain":0,"max_hp_loss":0,"event_name":"Accursed Blacksmith","floor":44,"gold_loss":0,"cards_upgraded":["Adrenaline"]},{"damage_healed":0,"gold_gain":0,"player_choice":"Ignored","damage_taken":0,"max_hp_gain":0,"max_hp_loss":0,"event_name":"SecretPortal","floor":47,"gold_loss":0}],"is_beta":false,"boss_relics":[{"not_picked":["Philosopher\u0027s Stone","Sozu"],"picked":"Ectoplasm"},{"not_picked":["Runic Dome","Busted Crown"],"picked":"HoveringKite"}],"items_purged_floors":[20],"is_endless":false,"potions_floor_spawned":[3,5,8,10,16,18,24,33,42,45],"ascension_level":2}}