{"host":"h0xw20cia6ppa69g","time":1609847025,"event":{"mods":["AchievementEnabler","BaseMod","Colored Map","Filter the Spire","Googly Eyes","Minty Spire (QoL Compilation)","Relic Stats","StSLib","The Awakened One except there are too many feathers","everything is the same but u backflip on backflip"],"gold_per_floor":[117,136,147,167,177,205,205,234,257,271,271,6,37,13,13,114,114,129,129,129,146,163,195,195,223,296,296,329,329,329,329],"floor_reached":30,"playtime":1200,"items_purged":[],"score":350,"play_id":"5b3da8d7-11b1-4e2b-a736-f889fc4b529d","local_time":"20210105054345","is_ascension_mode":true,"campfire_choices":[{"data":"Seek","floor":7.0,"key":"SMITH"},{"floor":15.0,"key":"REST"},{"data":"Hologram","floor":24,"key":"SMITH"},{"data":"Hologram","floor":29,"key":"SMITH"}],"circlet_count":0,"master_deck":["Dualcast","Reboot","Beam Cell","Steam Power","Stack","Hello World","Rip and Tear","Go for the Eyes","Melter","Rebound","Conserve Battery","Doom and Gloom","Loop","Seek+1","Steam","Coolheaded","Compile Driver+1","Darkness","Hologram+1","Hyperbeam+1","Hyperbeam+1","Undo","Skim","Leap","Auto Shields","Hologram+1"],"relics":["Pandora\u0027s Box","Blue Candle","Ginger","PreservedInsect","Molten Egg 2","Bronze Scales","Snecko Eye","DataDisk","Orichalcum","Frozen Egg 2","Meat on the Bone"],"acts_visited":["Exordium","TheCity"],"potions_floor_usage":[28],"damage_taken":[{"damage":0.0,"enemies":"Cultist","floor":1.0,"turns":3.0},{"damage":0.0,"enemies":"Small Slimes","floor":2.0,"turns":3.0},{"damage":11.0,"enemies":"Jaw Worm","floor":3.0,"turns":2.0},{"damage":13.0,"enemies":"Red Slaver","floor":4.0,"turns":3.0},{"damage":4.0,"enemies":"Exordium Wildlife","floor":5.0,"turns":3.0},{"damage":20.0,"enemies":"Lagavulin","floor":6.0,"turns":6.0},{"damage":15.0,"enemies":"3 Sentries","floor":8.0,"turns":5.0},{"damage":2.0,"enemies":"Blue Slaver","floor":10.0,"turns":2.0},{"damage":0.0,"enemies":"Lagavulin","floor":13.0,"turns":5.0},{"damage":24.0,"enemies":"The Guardian","floor":16.0,"turns":6.0},{"damage":3.0,"enemies":"2 Thieves","floor":18.0,"turns":2.0},{"damage":0.0,"enemies":"Spheric Guardian","floor":21.0,"turns":2.0},{"damage":21.0,"enemies":"Snake Plant","floor":22.0,"turns":2.0},{"damage":14,"enemies":"Gremlin Leader","floor":23,"turns":5},{"damage":3,"enemies":"Slavers","floor":25,"turns":2},{"damage":24,"enemies":"Book of Stabbing","floor":28,"turns":6},{"damage":10,"enemies":"Snecko","floor":30,"turns":2}],"seed_played":"3345481298189154672","potions_obtained":[{"floor":1.0,"key":"AttackPotion"},{"floor":6.0,"key":"Dexterity Potion"},{"floor":13.0,"key":"BlessingOfTheForge"},{"floor":23,"key":"FocusPotion"}],"is_trial":false,"path_per_floor":["M","M","M","M","M","E","R","E","T","M","?","$","E","$","R","B",null,"M","?","?","M","M","E","R","E","T","T","E","R","M"],"character_chosen":"DEFECT","items_purchased":["Molten Egg 2","Compile Driver+1","Hologram"],"campfire_rested":1,"item_purchase_floors":[12,12,14],"current_hp_per_floor":[75,75,64,51,47,27,27,12,12,10,10,10,10,10,32,8,75,72,72,72,72,51,37,37,34,34,34,10,10,0,0],"gold":329,"neow_bonus":"BOSS_RELIC","is_daily":false,"chose_seed":false,"campfire_upgraded":3,"win_rate":0.0,"timestamp":1609847025,"path_taken":["M","M","M","M","M","E","R","E","T","?","?","?","E","$","R","BOSS","M","?","?","M","M","E","R","E","T","?","E","R","M"],"items_purchased_type":["Relic","Card","Card"],"build_version":"2020-12-22","purchased_purges":0,"victory":false,"max_hp_per_floor":[75,75,75,75,75,75,75,75,75,75,75,75,75,75,75,75,75,75,75,75,75,75,75,75,75,75,75,75,75,75,75],"relic_stats":{"counters":[17,59],"Blue Candle":[0],"Bronze Scales":[85],"Snecko Eye":[37,51,52,39],"Pandora\u0027s Box":["Reboot","Beam Cell","Steam Power","Stack","Storm","Hello World","Rip and Tear","Go for the Eyes"],"PreservedInsect":154,"Ginger":[0],"Orichalcum":[6],"obtain_stats":[{"DataDisk":23,"Blue Candle":6,"Bronze Scales":13,"Snecko Eye":17,"Pandora\u0027s Box":0,"Molten Egg 2":12,"PreservedInsect":9,"Ginger":8,"Orichalcum":25,"Frozen Egg 2":26,"Cracked Core":0,"Meat on the Bone":28},{"DataDisk":14,"Blue Candle":6,"Bronze Scales":9,"Snecko Eye":10,"Pandora\u0027s Box":0,"Molten Egg 2":8,"PreservedInsect":7,"Ginger":7,"Orichalcum":15,"Frozen Egg 2":15,"Cracked Core":0,"Meat on the Bone":16},{"DataDisk":49,"Blue Candle":20,"Bronze Scales":32,"Snecko Eye":38,"Pandora\u0027s Box":0,"Molten Egg 2":27,"PreservedInsect":25,"Ginger":25,"Orichalcum":51,"Frozen Egg 2":51,"Cracked Core":0,"Meat on the Bone":57}],"Meat on the Bone":0},"card_choices":[{"not_picked":["Skim","Steam"],"picked":"Melter","floor":1.0},{"not_picked":["Chaos","Redo"],"picked":"Rebound","floor":2.0},{"not_picked":["Lockon","Undo"],"picked":"Conserve Battery","floor":3.0},{"not_picked":["Sweeping Beam","Conserve Battery"],"picked":"Doom and Gloom","floor":4.0},{"not_picked":["White Noise","Redo"],"picked":"Loop","floor":5.0},{"not_picked":["Coolheaded","Leap"],"picked":"Seek","floor":6.0},{"not_picked":["Steam Power","Tempest"],"picked":"Steam","floor":8.0},{"not_picked":["Cold Snap","Streamline"],"picked":"Coolheaded","floor":10.0},{"not_picked":["Steam","Heatsinks"],"picked":"Darkness","floor":13.0},{"not_picked":["Rainbow","Seek"],"picked":"Hyperbeam+1","floor":16.0},{"not_picked":["White Noise","Cold Snap+1","Steam"],"picked":"SKIP","floor":18.0},{"not_picked":["Cold Snap+1","Doom and Gloom+1"],"picked":"Skim","floor":21.0},{"not_picked":["Gash+1","Seek","Sweeping Beam+1"],"picked":"SKIP","floor":22.0},{"not_picked":["FTL+1","Hologram"],"picked":"Leap","floor":23},{"not_picked":["Aggregate","Rebound+1"],"picked":"Auto Shields","floor":25},{"not_picked":["Barrage+1","Steam Power"],"picked":"Hologram","floor":28}],"player_experience":3629060,"relics_obtained":[{"floor":6.0,"key":"Blue Candle"},{"floor":8.0,"key":"Ginger"},{"floor":9.0,"key":"PreservedInsect"},{"floor":13.0,"key":"Bronze Scales"},{"floor":23,"key":"DataDisk"},{"floor":25,"key":"Orichalcum"},{"floor":26,"key":"Frozen Egg 2"},{"floor":28,"key":"Meat on the Bone"}],"event_choices":[{"damage_healed":0.0,"max_hp_gain":0.0,"max_hp_loss":0.0,"gold_gain":0.0,"event_name":"Shining Light","player_choice":"Ignored","floor":11.0,"gold_loss":0.0,"damage_taken":0.0},{"damage_healed":0.0,"max_hp_gain":0.0,"max_hp_loss":0.0,"gold_gain":0.0,"event_name":"Vampires","player_choice":"Ignored","floor":19.0,"gold_loss":0.0,"damage_taken":0.0},{"damage_healed":0.0,"max_hp_gain":0.0,"max_hp_loss":0.0,"gold_gain":0.0,"cards_transformed":["Zap","Storm"],"event_name":"Drug Dealer","player_choice":"Became Test Subject","floor":20.0,"gold_loss":0.0,"damage_taken":0.0,"cards_obtained":["Hyperbeam","Undo"]}],"is_beta":false,"boss_relics":[{"not_picked":["Philosopher\u0027s Stone","Inserter"],"picked":"Snecko Eye"}],"items_purged_floors":[],"is_endless":false,"potions_floor_spawned":[1,6,13,16,21,23],"killed_by":"Snecko","ascension_level":1}}