{"host":"ymw71f7rc9ndansy","time":1609816400,"event":{"mods":["ATMod(阿瑾Mod)","Act Like it!","Aspiration","BaseMod","DeckTracker","Hubris","Library of Ruina","Library of Ruina Extra","Lobotomy","LobotomyExtend","Minty Spire (QoL Compilation)","MostiFishMod","Remove Card Discount Mod","Replay The Spire","StSLib","TestMod","【遗物卡牌】REMEMod"],"gold_per_floor":[118,23,23,23,33,33,64,64,89,102,128,128,138,153,153,227,227,245,72,72,85,135,168,179,204,259,271,302,302,121,137,193,267,267,285,285,334,352,352,381,392,418,418,446,456,476,476,509,509,509,509,509,509,509,209,237,237],"floor_reached":58,"playtime":1065,"items_purged":["Languid","hubris:Lust","ReplayTheSpireMod:Splinters","MostiFishMod:LegendTransform","Replay:LoomingThreat","Conclude","BowlingBash","FlurryOfBlows","FlurryOfBlows","FlurryOfBlows","AT_DivineConfetti+1","Decay","Eruption+1","DeceiveReality","Protect","Replay:Hysterical Blindness"],"score":3890,"play_id":"7815208f-bfbf-44c1-bef5-cd3205057864","local_time":"20210105111320","is_ascension_mode":true,"campfire_choices":[{"data":"hubris:StunningStrike","floor":6,"key":"SMITH"},{"data":"TalkToTheHand","floor":8,"key":"SMITH"},{"data":"AT_MachinaRedman","floor":12,"key":"SMITH"},{"data":"Eruption","floor":15,"key":"SMITH"},{"data":"REME_CRH","floor":47,"key":"SMITH"},{"floor":49,"key":"RECALL"},{"data":"TalkToTheHand","floor":54,"key":"SMITH"}],"circlet_count":0,"master_deck":["AscendersBane","Vigilance+1","hubris:StunningStrike+1","AT_MachinaRedman+1","TalkToTheHand+1","Blasphemy","WheelKick","Tantrum+1","Wallop","Ragnarok+1","MostiFishMod:PathToVictory+1","Deep Breath","REME_CRH+1","TalkToTheHand+1","ReplayUltimateDefense+1"],"relics":["testmod-TestBox","REME_ComplimentaryCards","AT_ATBox","PatriotShield","testmod-Laevatain","Pandora\u0027s Box","SynthV:TestCard","DaveBox","RhineSuit","Centennial Puzzle","War Paint","Snack Pack","Cursed Key","PageOfSingingMachine","Pondfish Scales","Mummified Hand","AT_ArcaneBoots","Bag of Marbles","hubris:Towel","AT_TrinityForce","testmod-FatalChain","hubris:FruitBowl","AT_BellDemon","WingedGreaves","ReplayTheSpireMod:ShopPack","aspiration:StickyExplosives","Question Card","ReplayFunnel","AT_RabadonDeathcap","AT_ChloranthyRing","Potion Belt","hubris:SlimyHat","hubris:Reverence","Frozen Egg 2","Replay:Rubber Ducky","Pocketwatch","Regal Pillow","PageOfTodaysShyLook","AT_SilvercatRing"],"acts_visited":["Exordium","TheCity","TheBeyond","TheEnding"],"potions_floor_usage":[5,28,31,57,57,57],"damage_taken":[{"damage":12,"enemies":"Jaw Worm","floor":1,"turns":1},{"damage":0,"enemies":"2 Louse","floor":5,"turns":1},{"damage":0,"enemies":"Gremlin Nob","floor":7,"turns":2},{"damage":0,"enemies":"Small Slimes","floor":10,"turns":1},{"damage":0,"enemies":"3 Sentries","floor":11,"turns":2},{"damage":0,"enemies":"Looter","floor":13,"turns":1},{"damage":0,"enemies":"Large Slime","floor":14,"turns":1},{"damage":0,"enemies":"The Guardian","floor":16,"turns":1},{"damage":0,"enemies":"Chosen","floor":18,"turns":1},{"damage":0,"enemies":"3 Byrds","floor":21,"turns":2},{"damage":0,"enemies":"Book of Stabbing","floor":23,"turns":2},{"damage":0,"enemies":"Centurion and Healer","floor":24,"turns":1},{"damage":0,"enemies":"Gremlin Leader","floor":25,"turns":1},{"damage":0,"enemies":"Sentry and Sphere","floor":27,"turns":5},{"damage":0,"enemies":"Book of Stabbing","floor":28,"turns":8},{"damage":0,"enemies":"Snecko","floor":31,"turns":1},{"damage":0,"enemies":"KingOfGreed","floor":33,"turns":2},{"damage":0,"enemies":"3 Darklings","floor":35,"turns":1},{"damage":0,"enemies":"2 Orb Walkers","floor":37,"turns":1},{"damage":0,"enemies":"3 Shapes","floor":38,"turns":1},{"damage":0,"enemies":"R_Hoarder","floor":40,"turns":1},{"damage":0,"enemies":"Transient","floor":41,"turns":1},{"damage":0,"enemies":"Giant Head","floor":42,"turns":1},{"damage":0,"enemies":"R_Hoarder","floor":44,"turns":1},{"damage":0,"enemies":"Spire Growth","floor":45,"turns":1},{"damage":0,"enemies":"Jaw Worm Horde","floor":46,"turns":1},{"damage":0,"enemies":"Nemesis","floor":48,"turns":1},{"damage":0,"enemies":"Time Eater","floor":50,"turns":1},{"damage":0,"enemies":"hubris:GrandSnecko","floor":51,"turns":1},{"damage":0,"enemies":"Shield and Spear","floor":56,"turns":1},{"damage":0,"enemies":"The Heart","floor":57,"turns":4}],"seed_played":"-6494261732646369209","potions_obtained":[{"floor":7,"key":"Adrenaline Potion"},{"floor":11,"key":"testmod-TimePotion"},{"floor":27,"key":"BottledMiracle"},{"floor":28,"key":"Fruit Juice"},{"floor":33,"key":"DistilledChaos"},{"floor":48,"key":"PowerPotion"}],"is_trial":false,"path_per_floor":["M","$","?","?","M","R","E","R","T","M","E","R","M","M","R","B",null,"M","$","?","M","?","E","M","E","T","M","E","?","$","M","R","B",null,"M","?","?","M","$","E","M","E","T","E","M","M","R","E","R","B","B",null,null,"R","$","E","B",null],"character_chosen":"WATCHER","items_purchased":["testmod-SpacePotion","PageOfSingingMachine","testmod-SpacePotion","Wallop","hubris:FruitBowl","AT_BellDemon","WingedGreaves","ReplayTheSpireMod:ShopPack","aspiration:StickyExplosives","ReplayUltimateDefense+1","BottledMiracle","Block Potion"],"campfire_rested":0,"item_purchase_floors":[2,19,30,30,39,39,39,39,39,55,55,55],"current_hp_per_floor":[49,49,49,54,54,54,54,54,54,54,54,54,56,58,58,66,71,73,73,73,73,73,73,73,73,73,73,78,78,78,78,78,78,78,78,78,78,78,4,4,10,12,12,12,14,14,14,14,14,16,18,18,63,63,63,63,71],"gold":237,"neow_bonus":"BOSS_RELIC","is_daily":false,"chose_seed":false,"campfire_upgraded":6,"win_rate":0.0,"timestamp":1609816400,"path_taken":["M","$","?","?","M","R","E","R","T","M","E","R","M","M","R","BOSS","M","$","?","M","?","E","M","E","T","M","E","?","$","M","R","BOSS","M","?","?","M","?","E","M","E","T","E","M","M","R","E","R","BOSS","BOSS","R","$","E","BOSS"],"items_purchased_type":["Potion","Relic","Potion","Card","Relic","Relic","Relic","Relic","Relic","Card","Potion","Potion"],"build_version":"2020-12-22","purchased_purges":16,"victory":true,"max_hp_per_floor":[68,68,68,73,73,73,73,73,73,73,73,73,73,73,73,73,73,73,73,73,73,73,73,73,73,73,73,78,78,78,78,78,78,78,78,78,78,78,78,78,78,78,78,78,78,78,78,78,78,78,78,78,78,78,78,78,78],"card_choices":[{"not_picked":["Consecrate","FlyingSleeves"],"picked":"TalkToTheHand","floor":1},{"not_picked":["AT_RealFormLess","Adaptation","WaveOfTheHand","FollowUp"],"picked":"FlurryOfBlows","floor":10},{"not_picked":["Crescendo","Prostrate","SignatureMove","Evaluate","Replay:Hum"],"picked":"SKIP","floor":11},{"not_picked":["MostiFishMod:OutWit","Wish","REME_EmptyShield","MostiFishMod:StarOceanP"],"picked":"Blasphemy","floor":16},{"not_picked":["Collect","Replay:DivineShield+1","Replay:BluntJabs","ThirdEye","EmptyMind"],"picked":"SKIP","floor":23},{"not_picked":["Replay:Hum","MostiFishMod:LegendTransform","CrushJoints","Evaluate"],"picked":"WheelKick","floor":24},{"not_picked":["ClearTheMind","Replay:Battleflow+1","AT_ChampionStep+1","Replay:BluntJabs"],"picked":"Tantrum+1","floor":25},{"not_picked":["AT_RealFormLess","ThirdEye","WindmillStrike","EmptyBody"],"picked":"Protect","floor":27},{"not_picked":["Indignation","CutThroughFate","Pray","MostiFishMod:StarHerder","SashWhip"],"picked":"SKIP","floor":28},{"not_picked":["MostiFishMod:Minus","AT_RealColorLess","MostiFishMod:DisColor","MostiFishMod:Disappear"],"picked":"Ragnarok","floor":33},{"not_picked":["MostiFishMod:Nomercy","Consecrate","CutThroughFate","Vengeance+1"],"picked":"MostiFishMod:PathToVictory+1","floor":38},{"not_picked":["testmod-LifeRuler","ReplayTheSpireMod:Trickstab","Secret Technique","Thinking Ahead"],"picked":"Deep Breath","floor":39},{"not_picked":["Protect+1","FlurryOfBlows","FollowUp","BowlingBash","SignatureMove"],"picked":"REME_CRH","floor":46},{"not_picked":["Judgement","FlurryOfBlows","WheelKick+1","BowlingBash","FearNoEvil"],"picked":"TalkToTheHand","floor":48},{"not_picked":["FlurryOfBlows+1","Collect","Nirvana+1","Conclude+1","Crescendo+1","PathToVictory+1"],"picked":"SKIP","floor":56}],"player_experience":1078810,"relics_obtained":[{"floor":1,"key":"SynthV:TestCard"},{"floor":7,"key":"Centennial Puzzle"},{"floor":9,"key":"War Paint"},{"floor":11,"key":"Snack Pack"},{"floor":23,"key":"Pondfish Scales"},{"floor":25,"key":"Mummified Hand"},{"floor":26,"key":"AT_SpeedBoots"},{"floor":28,"key":"Bag of Marbles"},{"floor":37,"key":"testmod-FatalChain"},{"floor":40,"key":"Question Card"},{"floor":40,"key":"ReplayFunnel"},{"floor":41,"key":"AT_RabadonDeathcap"},{"floor":42,"key":"AT_ChloranthyRing"},{"floor":42,"key":"Potion Belt"},{"floor":44,"key":"hubris:SlimyHat"},{"floor":44,"key":"hubris:Reverence"},{"floor":45,"key":"Frozen Egg 2"},{"floor":46,"key":"Replay:Rubber Ducky"},{"floor":48,"key":"Pocketwatch"},{"floor":48,"key":"Regal Pillow"},{"floor":56,"key":"PageOfTodaysShyLook"},{"floor":56,"key":"AT_SilvercatRing"}],"event_choices":[{"damage_healed":0,"gold_gain":0,"player_choice":"Swap Relic","damage_taken":0,"relics_obtained":["DaveBox"],"max_hp_gain":0,"max_hp_loss":0,"event_name":"给自己的盒子","floor":3,"relics_lost":["DaveBox"],"gold_loss":0},{"damage_healed":0,"gold_gain":0,"player_choice":"Donut","damage_taken":0,"max_hp_gain":5,"max_hp_loss":0,"event_name":"Big Fish","floor":4,"gold_loss":0},{"damage_healed":0,"gold_gain":50,"player_choice":"Stole From Cult","damage_taken":0,"max_hp_gain":0,"max_hp_loss":0,"event_name":"Nest","floor":22,"gold_loss":0},{"damage_healed":0,"gold_gain":0,"player_choice":"Fight","damage_taken":0,"max_hp_gain":0,"max_hp_loss":0,"event_name":"Mysterious Sphere","floor":37,"gold_loss":0}],"is_beta":false,"boss_relics":[{"not_picked":["aspiration:FutureDiary","testmod-HarvestTotem"],"picked":"Cursed Key"},{"not_picked":["REME_DemonsWealth","testmod-Prudence"],"picked":"AT_TrinityForce"}],"items_purged_floors":[2,2,2,2,2,2,2,19,19,19,19,30,30,30,30,55],"is_endless":false,"potions_floor_spawned":[1,7,11,25,27,28,33,37,38,48,56],"ascension_level":20}}