{"host":"9v3x998ddbx8o276","time":1609844966,"event":{"mods":["AchievementEnabler","BaseMod","Colored Map","Colored Powertips","Highlight Path","Minty Spire (QoL Compilation)","Quick Restart","Rare Cards Sparkle"],"gold_per_floor":[117,267,267,278,16,51,51,85,138,20,37,37,100,126,126,203,203,218,4,4,4,4,4,17,17,17,17,30,30,55,55,55,55,55],"floor_reached":33,"playtime":957,"items_purged":["Defend_R"],"score":603,"play_id":"6092e73b-9685-4233-aa4e-d6ebbd666e90","local_time":"20210105213926","is_ascension_mode":true,"campfire_choices":[{"data":"Bash","floor":7.0,"key":"SMITH"},{"data":"Clothesline","floor":12.0,"key":"SMITH"},{"data":"Perfected Strike","floor":15.0,"key":"SMITH"},{"data":"Immolate","floor":23.0,"key":"SMITH"},{"data":"Demon Form","floor":25.0,"key":"SMITH"},{"data":"Power Through","floor":27.0,"key":"SMITH"},{"floor":32.0,"key":"REST"}],"circlet_count":0,"master_deck":["AscendersBane","Strike_R+1","Strike_R+1","Defend_R+1","Defend_R+1","Defend_R+1","Bash+1","Clothesline+1","Anger","Fire Breathing","True Grit","Warcry","Power Through+1","Twin Strike","Wild Strike","Perfected Strike+1","Demon Form+1","Offering+1","Evolve+1","Bludgeon+1","Dual Wield+1","Immolate+1","RitualDagger","Feel No Pain+1","Perfected Strike"],"relics":["Burning Blood","NeowsBlessing","Spirit Poop","MealTicket","Regal Pillow","Bag of Marbles","Blood Vial","Letter Opener","TungstenRod","Astrolabe","Kunai","Boot"],"acts_visited":["Exordium","TheCity"],"potions_floor_usage":[],"damage_taken":[{"damage":0.0,"enemies":"2 Louse","floor":1.0,"turns":1.0},{"damage":0.0,"enemies":"Jaw Worm","floor":4.0,"turns":1.0},{"damage":0.0,"enemies":"Lagavulin","floor":6.0,"turns":2.0},{"damage":25.0,"enemies":"3 Sentries","floor":8.0,"turns":6.0},{"damage":1.0,"enemies":"Cultist","floor":11.0,"turns":4.0},{"damage":22.0,"enemies":"3 Sentries","floor":13.0,"turns":7.0},{"damage":20.0,"enemies":"Lagavulin","floor":14.0,"turns":5.0},{"damage":60.0,"enemies":"The Guardian","floor":16.0,"turns":9.0},{"damage":19.0,"enemies":"3 Byrds","floor":18.0,"turns":4.0},{"damage":5.0,"enemies":"Chosen","floor":24.0,"turns":3.0},{"damage":33.0,"enemies":"Snake Plant","floor":28.0,"turns":4.0},{"damage":32.0,"enemies":"Book of Stabbing","floor":30.0,"turns":5.0},{"damage":25.0,"enemies":"Colosseum Slavers","floor":31.0,"turns":3.0},{"damage":51,"enemies":"Champ","floor":33,"turns":9}],"seed_played":"-2661772287101139160","potions_obtained":[{"floor":8.0,"key":"FearPotion"},{"floor":14.0,"key":"BloodPotion"},{"floor":24.0,"key":"Explosive Potion"}],"is_trial":false,"path_per_floor":["M","?","?","M","$","E","R","E","T","$","M","R","?","E","R","B",null,"M","$","?","$","?","R","M","R","T","R","M","?","E","?","R","B"],"character_chosen":"IRONCLAD","items_purchased":["MealTicket","Fire Breathing","AttackPotion","Power Through","Immolate","PowerPotion"],"campfire_rested":1,"item_purchase_floors":[5,5,5,10,19,19],"current_hp_per_floor":[74,74,74,75,75,75,75,56,56,71,75,75,59,47,47,10,59,48,63,63,75,70,70,73,73,73,73,48,48,24,7,44,0,0],"gold":55,"neow_bonus":"THREE_ENEMY_KILL","is_daily":false,"chose_seed":false,"campfire_upgraded":6,"win_rate":0.0,"timestamp":1609844966,"path_taken":["M","?","?","M","$","E","R","E","T","$","?","R","?","E","R","BOSS","M","$","?","$","?","R","M","R","T","R","M","?","E","?","R","BOSS"],"items_purchased_type":["Relic","Card","Potion","Card","Card","Potion"],"build_version":"2020-12-22","purchased_purges":1,"victory":false,"max_hp_per_floor":[75,75,75,75,75,75,75,75,75,75,75,75,75,75,75,75,75,75,75,75,75,75,75,75,75,75,75,75,75,75,75,75,75,75],"card_choices":[{"not_picked":["Iron Wave","Headbutt"],"picked":"Clothesline","floor":1.0},{"not_picked":["Armaments","Power Through"],"picked":"Anger","floor":4.0},{"not_picked":["Brutality","Warcry"],"picked":"True Grit","floor":6.0},{"not_picked":["Intimidate","Iron Wave"],"picked":"Warcry","floor":8.0},{"not_picked":["Hemokinesis","Combust"],"picked":"Twin Strike","floor":11.0},{"not_picked":["True Grit","Anger"],"picked":"Wild Strike","floor":13.0},{"not_picked":["Armaments","Iron Wave"],"picked":"Perfected Strike","floor":14.0},{"not_picked":["Reaper","Limit Break"],"picked":"Demon Form","floor":16.0},{"not_picked":["Perfected Strike","Thunderclap"],"picked":"Dual Wield","floor":18.0},{"not_picked":["Pommel Strike","Thunderclap+1"],"picked":"Feel No Pain+1","floor":24.0},{"not_picked":["Combust","Cleave+1"],"picked":"Perfected Strike","floor":28.0},{"not_picked":["Iron Wave","Evolve","Searing Blow"],"picked":"SKIP","floor":30.0}],"player_experience":2086556,"relics_obtained":[{"floor":6.0,"key":"Regal Pillow"},{"floor":8.0,"key":"Bag of Marbles"},{"floor":9.0,"key":"Blood Vial"},{"floor":13.0,"key":"Letter Opener"},{"floor":14.0,"key":"TungstenRod"},{"floor":26.0,"key":"Kunai"},{"floor":30.0,"key":"Boot"}],"event_choices":[{"damage_healed":0.0,"max_hp_gain":0.0,"max_hp_loss":0.0,"gold_gain":150.0,"event_name":"Liars Game","player_choice":"AGREE","floor":2.0,"gold_loss":0.0,"damage_taken":0.0,"cards_obtained":["Doubt"]},{"cards_removed":["Doubt"],"damage_healed":0.0,"max_hp_gain":0.0,"max_hp_loss":0.0,"gold_gain":0.0,"event_name":"Bonfire Elementals","player_choice":"Offered Curse","floor":3.0,"gold_loss":0.0,"damage_taken":0.0,"relics_obtained":["Spirit Poop"]},{"damage_healed":0.0,"max_hp_gain":0.0,"max_hp_loss":0.0,"gold_gain":0.0,"event_name":"Dead Adventurer","player_choice":"Searched \u00271\u0027 times","floor":13.0,"gold_loss":0.0,"damage_taken":0.0},{"damage_healed":0.0,"max_hp_gain":0.0,"max_hp_loss":0.0,"gold_gain":0.0,"event_name":"Accursed Blacksmith","player_choice":"Forge","floor":20.0,"gold_loss":0.0,"damage_taken":0.0,"cards_upgraded":["Dual Wield"]},{"damage_healed":0.0,"max_hp_gain":0.0,"max_hp_loss":0.0,"gold_gain":0.0,"event_name":"Nest","player_choice":"Joined the Cult","floor":22.0,"gold_loss":0.0,"damage_taken":6.0,"cards_obtained":["RitualDagger"]},{"damage_healed":0.0,"max_hp_gain":0.0,"max_hp_loss":0.0,"gold_gain":0.0,"event_name":"Back to Basics","player_choice":"Simplicity","floor":29.0,"gold_loss":0.0,"damage_taken":0.0,"cards_upgraded":["Strike_R","Strike_R","Defend_R","Defend_R","Defend_R"]},{"damage_healed":0.0,"max_hp_gain":0.0,"max_hp_loss":0.0,"gold_gain":0.0,"event_name":"Colosseum","player_choice":"Fight","floor":31.0,"gold_loss":0.0,"damage_taken":0.0},{"damage_healed":0.0,"max_hp_gain":0.0,"max_hp_loss":0.0,"gold_gain":0.0,"event_name":"Colosseum","player_choice":"Fled From Nobs","floor":31.0,"gold_loss":0.0,"damage_taken":0.0}],"is_beta":false,"boss_relics":[{"not_picked":["Pandora\u0027s Box","Coffee Dripper"],"picked":"Astrolabe"}],"items_purged_floors":[10],"is_endless":false,"potions_floor_spawned":[8,11,13,14,24,31],"killed_by":"Champ","ascension_level":20}}