{"host":"g01l53quoe6lrer0","time":1609881355,"event":{"mods":["2.2 Compatiblity","AchievementEnabler","BaseMod","Colored Map","Highlight Path","Keyboard Shortcuts","Minty Spire (QoL Compilation)","Permanent Neow","Quick Restart","StSLib","SuperFastMode","everything is the same but u backflip on backflip"],"gold_per_floor":[110,285,235,46,60,86,86,116,116,191,91,91,101,115,115,115,115],"floor_reached":16,"playtime":320,"items_purged":["Doubt","Strike_R"],"score":157,"play_id":"1e68baeb-77bf-46a0-ab03-47d42c7d0917","local_time":"20210106061555","is_ascension_mode":true,"campfire_choices":[{"data":"Inflame","floor":7.0,"key":"SMITH"},{"data":"Inflame","floor":15,"key":"SMITH"}],"circlet_count":0,"master_deck":["Strike_R","Strike_R","Defend_R","Defend_R","Defend_R","Defend_R","Bash","Twin Strike","Inflame+1","Shockwave","Intimidate","Offering","Inflame+1"],"relics":["Burning Blood","Lantern","Du-Vu Doll","Juzu Bracelet","Matryoshka"],"acts_visited":["Exordium"],"potions_floor_usage":[16,16],"damage_taken":[{"damage":3.0,"enemies":"2 Louse","floor":1.0,"turns":3.0},{"damage":7.0,"enemies":"Small Slimes","floor":5.0,"turns":3.0},{"damage":25.0,"enemies":"Lagavulin","floor":6.0,"turns":6.0},{"damage":6.0,"enemies":"Gremlin Nob","floor":8.0,"turns":3.0},{"damage":6,"enemies":"Jaw Worm","floor":13,"turns":3},{"damage":4,"enemies":"Blue Slaver","floor":14,"turns":4},{"damage":42,"enemies":"The Guardian","floor":16,"turns":12}],"seed_played":"-6999768467492393800","potions_obtained":[{"floor":5.0,"key":"Energy Potion"},{"floor":14,"key":"Dexterity Potion"}],"is_trial":false,"path_per_floor":["M","?","?","$","M","E","R","E","T","?","$","?","M","M","R","B"],"character_chosen":"IRONCLAD","items_purchased":["Inflame","Shockwave"],"campfire_rested":0,"item_purchase_floors":[4,4],"current_hp_per_floor":[75,75,75,75,74,55,55,55,55,44,44,44,44,46,46,4,4],"gold":115,"neow_bonus":"RANDOM_COMMON_RELIC","is_daily":false,"chose_seed":false,"campfire_upgraded":2,"win_rate":0.0,"timestamp":1609881355,"path_taken":["M","?","?","$","M","E","R","E","T","?","$","?","M","M","R","BOSS"],"items_purchased_type":["Card","Card"],"build_version":"2020-12-22","purchased_purges":2,"victory":false,"max_hp_per_floor":[80,80,80,80,80,80,80,80,80,80,80,80,80,80,80,80,80],"card_choices":[{"not_picked":["Heavy Blade","Rupture"],"picked":"Twin Strike","floor":1.0},{"not_picked":["Body Slam","Cleave"],"picked":"Intimidate","floor":5.0},{"not_picked":["Metallicize","Cleave"],"picked":"Offering","floor":6.0},{"not_picked":["Clash","Shockwave","True Grit"],"picked":"SKIP","floor":8.0},{"not_picked":["Metallicize","Uppercut","Sever Soul"],"picked":"SKIP","floor":13},{"not_picked":["Burning Pact","Metallicize"],"picked":"Inflame","floor":14}],"player_experience":44311,"relics_obtained":[{"floor":6.0,"key":"Du-Vu Doll"},{"floor":8.0,"key":"Juzu Bracelet"},{"floor":9.0,"key":"Matryoshka"}],"event_choices":[{"damage_healed":0.0,"max_hp_gain":0.0,"max_hp_loss":0.0,"gold_gain":175.0,"event_name":"Liars Game","player_choice":"AGREE","floor":2.0,"gold_loss":0.0,"damage_taken":0.0,"cards_obtained":["Doubt"]},{"cards_removed":["Strike_R"],"damage_healed":0.0,"max_hp_gain":0.0,"max_hp_loss":0.0,"gold_gain":0.0,"event_name":"The Cleric","player_choice":"Card Removal","floor":3.0,"gold_loss":50.0,"damage_taken":0.0},{"damage_healed":0.0,"max_hp_gain":0.0,"max_hp_loss":0.0,"gold_gain":75.0,"event_name":"World of Goop","player_choice":"Gather Gold","floor":10.0,"gold_loss":0.0,"damage_taken":11.0},{"cards_removed":["Strike_R"],"damage_healed":0,"gold_gain":0,"player_choice":"Forget","damage_taken":0,"max_hp_gain":0,"max_hp_loss":0,"event_name":"Living Wall","floor":12,"gold_loss":0}],"is_beta":false,"boss_relics":[],"items_purged_floors":[4,11],"is_endless":false,"potions_floor_spawned":[5,14],"killed_by":"The Guardian","ascension_level":9}}