{"host":"ueaobptuyu87ouwy","time":1609831698,"event":{"mods":["Aspiration","Bard","BaseMod","Better Altar","Better Match","Better Note","Better Sensory Stone","Better Skull","Better Third Choice","BetterRewards","CCEM","Clawfect","Colored Map","Conspire","Downfall","GifTheSpireLib","Googly Eyes","Halation","Hermit","Highlight Path","Hubris","Infinite Spire","Jedi Mod","Jorbs\u0027s Wanderer Trilogy","Marisa????????","Mimic Mod","Minty Spire (QoL Compilation)","Permanent Neow","Replay The Spire","StSLib","Stuff the Spire","The Runesmith","Unceasing Turn Reminder","everything is the same but u backflip on backflip","slay the spire mod where everything is the same but ironclad has a cowboy hat"],"gold_per_floor":[110,121,121,138,138,173,189,201,201,226,226,226,239,270,270,390,453,467,516,516,540,540,560,599,599,623,658,658,677,692,134,134,263,263,281,281,281,306,306,339,44,64,64,84,84,84,84,84],"floor_reached":47,"playtime":3552,"items_purged":["Strike_R","Strike_R","Defend_R"],"score":515,"play_id":"2551d449-8c06-4fb4-8bdd-454fdbfa2db3","local_time":"20210105152818","is_ascension_mode":false,"campfire_choices":[{"floor":12,"key":"REST"},{"data":"ReplayReversal","floor":15,"key":"SMITH"},{"floor":25,"key":"REST"},{"data":"Armaments","floor":28,"key":"SMITH"},{"floor":32,"key":"DIG"}],"circlet_count":0,"master_deck":["Defend_R","Defend_R","Defend_R+1","Bash+1","Cleave","Shrug It Off","ReplayReversal+1","Offering","Iron Wave","Disarm","Replay:Many Hands","hubris:ReadiedAction","Seeing Red","Bloodletting+1","Dark Embrace","StuffTheSpire:BloodClot","expansioncontent:Chronoboost+1","Armaments+1","jedi:cleanse+1","jedi:MakeshiftSword","HandOfGreed+1","Life Link+1","Rupture","jedi:harder","Hemokinesis+1","Slice","StuffTheSpire:BrimstoneBlast","Riddle With Holes","hubris:SharpeningStone+1"],"relics":["Burning Blood","Torii","StuffTheSpire:BottledHeartBeat","Replay:WaspNest","Golden Idol","CCEMRelics:GrindingGear","Tiny House","Kunai","bard:DeepVero","MealTicket","Snack Pack","CCEMRelics:FestiveHat","Paper Frog","Charon\u0027s Ashes","halation:Jellyphish","Dream Catcher","conspire:SlowCooker","infinitespire:Broken Mirror","hubris:Icosahedron","CCEMRelics:OldTooth","CCEMRelics:BiPhaseBiplane","TungstenRod","Mercury Hourglass"],"acts_visited":["Exordium","TheCity","TheBeyond"],"potions_floor_usage":[18,24,33,33,35,38,42,42,47],"damage_taken":[{"damage":0,"enemies":"Small Slimes","floor":1,"turns":3},{"damage":6,"enemies":"2 Louse","floor":2,"turns":3},{"damage":6,"enemies":"Cultist","floor":4,"turns":3},{"damage":19,"enemies":"Replay:BlueRogue","floor":6,"turns":8},{"damage":5,"enemies":"Lots of Slimes","floor":7,"turns":4},{"damage":8,"enemies":"3 Louse","floor":8,"turns":3},{"damage":40,"enemies":"Gremlin Nob","floor":10,"turns":5},{"damage":15,"enemies":"Exordium Wildlife","floor":13,"turns":3},{"damage":9,"enemies":"3 Sentries","floor":14,"turns":7},{"damage":29,"enemies":"The Guardian","floor":16,"turns":11},{"damage":7,"enemies":"Chosen","floor":18,"turns":5},{"damage":9,"enemies":"Shell Parasite","floor":19,"turns":12},{"damage":15,"enemies":"Shell Parasite","floor":21,"turns":5},{"damage":18,"enemies":"conspire:HollyBat","floor":23,"turns":6},{"damage":24,"enemies":"conspire:Head Lice","floor":24,"turns":4},{"damage":10,"enemies":"Nightmare","floor":27,"turns":9},{"damage":9,"enemies":"Centurion and Healer","floor":29,"turns":5},{"damage":9,"enemies":"Snecko","floor":30,"turns":3},{"damage":41,"enemies":"Champ","floor":33,"turns":9},{"damage":12,"enemies":"Orb Walker","floor":35,"turns":4},{"damage":5,"enemies":"3 Darklings","floor":38,"turns":3},{"damage":24,"enemies":"R_Hoarder","floor":40,"turns":5},{"damage":25,"enemies":"Jaw Worm Horde","floor":42,"turns":3},{"damage":18,"enemies":"Spire Growth","floor":44,"turns":3},{"damage":38,"enemies":"Reptomancer","floor":47,"turns":2}],"seed_played":"-4139879430569055753","potions_obtained":[{"floor":1,"key":"Milkshake"},{"floor":8,"key":"Energy Potion"},{"floor":13,"key":"Strength Potion"},{"floor":16,"key":"SpeedPotion"},{"floor":17,"key":"ElixirPotion"},{"floor":21,"key":"Weak Potion"},{"floor":24,"key":"jedi:StrikingPotion"},{"floor":33,"key":"SteroidPotion"},{"floor":35,"key":"DistilledChaos"},{"floor":44,"key":"BlessingOfTheForge"}],"is_trial":false,"path_per_floor":["M","M","?","M","?","E","M","M","T","E","?","R","M","E","R","B",null,"M","MIM","?","M","AVR","M","E","R","T","NM","R","M","M","$","R_BF","B",null,"M","?","AVR","M","?","E","$","M","T","M","PTL","PTL","E"],"character_chosen":"IRONCLAD","items_purchased":["Charon\u0027s Ashes","Rupture","halation:Jellyphish","Strength Potion","EntropicBrew","CCEMRelics:BiPhaseBiplane"],"campfire_rested":2,"item_purchase_floors":[31,31,31,41,41,41],"current_hp_per_floor":[80,80,80,80,80,67,68,66,66,32,32,54,45,42,42,19,79,78,75,60,51,51,39,23,41,41,47,47,48,47,62,62,34,62,56,56,56,57,57,43,58,39,39,31,31,31,0,0],"gold":84,"neow_bonus":"","is_daily":false,"chose_seed":false,"campfire_upgraded":2,"win_rate":0.0,"timestamp":1609831698,"path_taken":["M","M","?","M","?","E","?","?","T","E","?","R","?","E","R","BOSS","M","?","?","M","AVR","M","E","R","T","NM","R","M","M","$","R_BF","BOSS","M","?","AVR","M","?","E","$","M","T","M","PTL","PTL","E"],"items_purchased_type":["Relic","Card","Relic","Potion","Potion","Relic"],"build_version":"2020-12-13","purchased_purges":3,"victory":false,"max_hp_per_floor":[80,80,80,80,80,80,80,80,80,80,74,74,74,74,74,74,79,79,79,60,60,60,60,62,62,62,62,62,62,62,62,62,62,62,62,62,62,62,62,62,62,62,62,62,62,62,62,62],"card_choices":[{"not_picked":["Headbutt","ReplayTheSpireMod:Strike From Hell"],"picked":"Pommel Strike","floor":1},{"not_picked":["Perfected Strike","True Grit"],"picked":"Cleave","floor":2},{"not_picked":["Iron Wave","Body Slam"],"picked":"Shrug It Off","floor":4},{"not_picked":["hubris:SharpeningStone","Shrug It Off"],"picked":"ReplayReversal","floor":6},{"not_picked":["Uppercut","ReplayTheSpireMod:Muscle Training"],"picked":"Offering","floor":7},{"not_picked":["Replay:Undeath\u0027s Touch","Flame Barrier"],"picked":"Iron Wave","floor":8},{"not_picked":["Cleave","Iron Wave","Flex"],"picked":"SKIP","floor":10},{"not_picked":["Perfected Strike","Dropkick","Thunderclap"],"picked":"SKIP","floor":13},{"not_picked":["Warcry","Iron Wave"],"picked":"Disarm","floor":14},{"not_picked":["Feed","Demon Form"],"picked":"Replay:Many Hands","floor":16},{"not_picked":["StuffTheSpire:Incineration","Metallicize"],"picked":"hubris:ReadiedAction","floor":17},{"not_picked":["Thunderclap+1","Cleave","Body Slam+1"],"picked":"SKIP","floor":18},{"not_picked":["Clothesline","StuffTheSpire:RockThrow+1"],"picked":"Seeing Red","floor":19},{"not_picked":["Pommel Strike+1","Flex"],"picked":"Bloodletting+1","floor":21},{"not_picked":["Replay:Undeath\u0027s Touch+1","Twin Strike+1"],"picked":"Dark Embrace","floor":23},{"not_picked":["Clothesline+1","jedi:hate"],"picked":"StuffTheSpire:BloodClot","floor":24},{"not_picked":["expansioncontent:PolyBeam+1","Survey Options+1"],"picked":"expansioncontent:Chronoboost+1","floor":27},{"not_picked":["Ghostly Armor+1","jedi:fear"],"picked":"Armaments","floor":27},{"not_picked":["Good Instincts+1","Impatience+1"],"picked":"jedi:cleanse+1","floor":29},{"not_picked":["hubris:CleavingFinish","Carnage"],"picked":"jedi:MakeshiftSword","floor":29},{"not_picked":["PanicButton+1","expansioncontent:Flail+1"],"picked":"HandOfGreed+1","floor":30},{"not_picked":["Massacre","ReplayTheSpireMod:Limb From Limb"],"picked":"Life Link+1","floor":30},{"not_picked":["Corruption","Demonic Infusion"],"picked":"jedi:harder","floor":33},{"not_picked":["jedi:fear","Uppercut"],"picked":"Hemokinesis+1","floor":35},{"not_picked":["Twin Strike+1","jedi:collectorstrike+1"],"picked":"hubris:SharpeningStone+1","floor":38},{"not_picked":["Warcry+1","Rampage+1","StuffTheSpire:Pyroclast+1"],"picked":"SKIP","floor":40},{"not_picked":["Fiend Fire","Disarm","jedi:fear"],"picked":"SKIP","floor":42},{"not_picked":["Carnage+1","Warcry+1","Headbutt+1"],"picked":"SKIP","floor":44}],"player_experience":0,"relics_obtained":[{"floor":6,"key":"Torii"},{"floor":9,"key":"StuffTheSpire:BottledHeartBeat"},{"floor":10,"key":"Replay:WaspNest"},{"floor":14,"key":"CCEMRelics:GrindingGear"},{"floor":19,"key":"Kunai"},{"floor":24,"key":"Snack Pack"},{"floor":26,"key":"CCEMRelics:FestiveHat"},{"floor":27,"key":"Paper Frog"},{"floor":32,"key":"Dream Catcher"},{"floor":40,"key":"CCEMRelics:OldTooth"},{"floor":43,"key":"TungstenRod"}],"event_choices":[{"cards_removed":["Strike_R"],"damage_healed":0,"gold_gain":0,"player_choice":"Forget","damage_taken":0,"max_hp_gain":0,"max_hp_loss":0,"event_name":"Living Wall","floor":3,"gold_loss":0},{"damage_healed":0,"gold_gain":0,"player_choice":"Upgraded","damage_taken":0,"max_hp_gain":0,"max_hp_loss":0,"event_name":"Upgrade Shrine","floor":5,"gold_loss":0,"cards_upgraded":["Bash"]},{"damage_healed":0,"gold_gain":0,"player_choice":"Lose Max HP","damage_taken":0,"relics_obtained":["Golden Idol"],"max_hp_gain":0,"max_hp_loss":6,"event_name":"Golden Idol","floor":11,"gold_loss":0}],"is_beta":false,"boss_relics":[{"not_picked":["Coffee Dripper","Fusion Hammer"],"picked":"Tiny House"},{"not_picked":["Sozu","Mark of Pain"],"picked":"conspire:SlowCooker"}],"items_purged_floors":[22,31,37],"is_endless":true,"potions_floor_spawned":[1,8,13,16,21,24,29,33,35,44],"killed_by":"Reptomancer","ascension_level":0}}