{"host":"tnhjz9cb8p0320p2","time":1609808338,"event":{"mods":["BaseMod","Better Third Choice","Downfall","Hermit","Marisa????????","Minty Spire (QoL Compilation)","Relic Stats","Replay The Spire","Shade Mod","StSLib","The Construct","The Cursed","The Jungle","The Runesmith"],"gold_per_floor":[415,433,5,189,200,225,225,235,281,251,280,300,317,349,349,426,426,443,443,25,25,39,39,39],"floor_reached":23,"playtime":1179,"items_purged":["Normality"],"score":470,"play_id":"cd900c28-52ac-4117-81b0-41f35e22de75","local_time":"20210104185858","is_ascension_mode":true,"campfire_choices":[{"floor":7,"key":"REST"},{"floor":15,"key":"REST"}],"circlet_count":0,"master_deck":["AscendersBane","Strike_B","Strike_B","Strike_B","Strike_B","Defend_B","Defend_B","Defend_B","Defend_B","Zap+1","Dualcast","FIFO Queue","FTL","expansioncontent:Collect","Chill+1","Crystallizer","Biased Cognition","Barrage","Cold Snap","White Noise","Stack","Fission","BasicCrystalCard","Pain"],"relics":["Cracked Core","Old Coin","Raider\u0027s Mask","hexamod:BolsterEngine","Quantum Egg","War Paint","Replay:Baseball","construct:FoamFinger","Sozu","Ring of Fury","Ring of Peace","Replay:PocketPolymizer","WarpedTongs"],"acts_visited":["Exordium","Exordium"],"potions_floor_usage":[6,11,12,14,16,16],"damage_taken":[{"damage":6,"enemies":"Cultist","floor":1,"turns":4},{"damage":12,"enemies":"Small Slimes","floor":2,"turns":3},{"damage":0,"enemies":"2 Louse","floor":5,"turns":3},{"damage":8,"enemies":"Lagavulin","floor":6,"turns":7},{"damage":0,"enemies":"Blue Slaver","floor":8,"turns":3},{"damage":10,"enemies":"Gremlin Nob","floor":11,"turns":4},{"damage":0,"enemies":"Red Slaver","floor":12,"turns":3},{"damage":4,"enemies":"Exordium Wildlife","floor":13,"turns":4},{"damage":2,"enemies":"Lagavulin","floor":14,"turns":7},{"damage":9,"enemies":"Fading Forest","floor":16,"turns":11},{"damage":26,"enemies":"Shell Parasite","floor":18,"turns":7},{"damage":2,"enemies":"theJungle:GiantWrat","floor":22,"turns":6},{"damage":53,"enemies":"theJungle:MamaSnecko","floor":23,"turns":7}],"seed_played":"-198342993552720076","potions_obtained":[{"floor":2,"key":"SpeedPotion"},{"floor":10,"key":"CultistPotion"},{"floor":10,"key":"AttackPotion"},{"floor":11,"key":"Swift Potion"},{"floor":12,"key":"Dexterity Potion"},{"floor":14,"key":"DuplicationPotion"},{"floor":16,"key":"FearPotion"}],"is_trial":false,"path_per_floor":["M","M","$","?","M","E","R","M","T","?","E","M","M","E","R","B",null,"M","?","$","?","M","E"],"character_chosen":"DEFECT","items_purchased":["Raider\u0027s Mask","hexamod:BolsterEngine","expansioncontent:Collect","Replay:PocketPolymizer"],"campfire_rested":2,"item_purchase_floors":[3,3,3,20],"current_hp_per_floor":[58,46,46,25,25,17,36,36,36,36,26,26,22,20,39,53,61,35,35,35,35,33,0,0],"gold":39,"neow_bonus":"ONE_RARE_RELIC","is_daily":false,"chose_seed":false,"campfire_upgraded":0,"win_rate":0.0,"timestamp":1609808338,"path_taken":["M","?","$","?","M","E","R","M","T","?","E","?","M","E","R","BOSS","M","?","$","?","M","E"],"items_purchased_type":["Relic","Relic","Card","Relic"],"build_version":"2020-12-22","purchased_purges":1,"victory":false,"max_hp_per_floor":[64,64,64,64,64,64,64,64,64,64,64,64,64,64,64,64,64,64,64,64,64,64,64,64],"relic_stats":{"Sozu":1,"counters":[13,69],"War Paint":["Chill","Zap"],"obtain_stats":[{"construct:FoamFinger":14,"Replay:PocketPolymizer":20,"Quantum Egg":6,"Raider\u0027s Mask":3,"War Paint":9,"Old Coin":0,"WarpedTongs":21,"Sozu":17,"Replay:Baseball":11,"Ring of Peace":19,"Ring of Fury":19,"hexamod:BolsterEngine":3,"Cracked Core":0},{"construct:FoamFinger":9,"Replay:PocketPolymizer":11,"Quantum Egg":4,"Raider\u0027s Mask":2,"War Paint":5,"Old Coin":0,"WarpedTongs":11,"Sozu":10,"Replay:Baseball":6,"Ring of Peace":11,"Ring of Fury":11,"hexamod:BolsterEngine":2,"Cracked Core":0},{"construct:FoamFinger":38,"Replay:PocketPolymizer":56,"Quantum Egg":17,"Raider\u0027s Mask":7,"War Paint":20,"Old Coin":0,"WarpedTongs":56,"Sozu":49,"Replay:Baseball":24,"Ring of Peace":56,"Ring of Fury":56,"hexamod:BolsterEngine":7,"Cracked Core":0}],"WarpedTongs":[13]},"card_choices":[{"not_picked":["Rebound","Aggregate"],"picked":"FIFO Queue","floor":1},{"not_picked":["Conserve Battery","Streamline"],"picked":"FTL","floor":2},{"not_picked":["Barrage","Lockon"],"picked":"Chill","floor":4},{"not_picked":["Tempest","Go for the Eyes"],"picked":"Crystallizer","floor":5},{"not_picked":["Storm","Time Bomb"],"picked":"Biased Cognition","floor":6},{"not_picked":["Redo","Reprogram"],"picked":"Barrage","floor":8},{"not_picked":["Reprogram","Capacitor"],"picked":"Cold Snap","floor":11},{"not_picked":["Skim","Conserve Battery"],"picked":"White Noise","floor":12},{"not_picked":["Scrape","Gash"],"picked":"Stack","floor":13},{"not_picked":["Gash","Conserve Battery","Hello World"],"picked":"SKIP","floor":14},{"not_picked":["Biased Cognition","Multi-Cast"],"picked":"Fission","floor":16},{"not_picked":["Undo","Redo"],"picked":"BasicCrystalCard","floor":18},{"not_picked":["Leap","Gash+1","Beam Cell"],"picked":"SKIP","floor":22}],"player_experience":2077548,"relics_obtained":[{"floor":6,"key":"Quantum Egg"},{"floor":9,"key":"War Paint"},{"floor":11,"key":"Replay:Baseball"},{"floor":14,"key":"construct:FoamFinger"},{"floor":19,"key":"Ring of Fury"},{"floor":19,"key":"Ring of Peace"}],"event_choices":[{"damage_healed":0,"gold_gain":0,"player_choice":"Bought 2 Potions","damage_taken":0,"max_hp_gain":0,"max_hp_loss":0,"event_name":"The Woman in Blue","floor":10,"gold_loss":0},{"damage_healed":0,"gold_gain":0,"player_choice":"Rummage","damage_taken":0,"relics_obtained":["WarpedTongs"],"max_hp_gain":0,"max_hp_loss":0,"event_name":"Accursed Blacksmith","floor":21,"gold_loss":0,"cards_obtained":["Pain"]}],"is_beta":false,"boss_relics":[{"not_picked":["Calling Bell","Painkiller Herb"],"picked":"Sozu"}],"items_purged_floors":[20],"is_endless":false,"potions_floor_spawned":[2,11,12,14,16,18],"killed_by":"theJungle:MamaSnecko","ascension_level":16}}