{"host":"q79spna8ofw6hj3r","time":1609839088,"event":{"mods":["Aspiration","BaseMod","Bestiary","Better Altar","Better Match","Better Note","Better Sensory Stone","Better Skull","Better Third Choice","Better Vampires","BetterRewards","Block Reminder","Card Filter","Challenge The Spire","Colored Map","Colored Powertips","Conspire","Custom Start","Energized Spire","Halation","Hubris","Infinite Spire","Jedi Mod","Mimic Mod","Minty Spire (QoL Compilation)","Permanent Neow","Quick Restart","Relic Filter","Relic Sorter","Replay The Spire","Shop Mod","StSLib","SuperFastMode","Synergy Search","The Servant 0.9.4","vexMod"],"gold_per_floor":[116,41,41,41,57,57,90,107,107,141,154,154,183,183,183,287,287,305,305,305,255,255,383,383,418,418,550,567,567,577,324,324,450,450,491,491,491,520,520,528,528,528],"floor_reached":41,"playtime":1647,"items_purged":["Strike_S","Strike_S","Defend_S"],"score":568,"play_id":"359db7f3-9325-4eac-8add-fc6cce20511c","local_time":"20210105113128","is_ascension_mode":true,"campfire_choices":[{"data":"ShatteredReality","floor":6,"key":"SMITH"},{"data":"Potential","floor":15,"key":"SMITH"},{"data":"Sunlight","floor":24,"key":"SMITH"},{"data":"infinitespire:Collect","floor":29,"key":"SMITH"},{"data":"Luminosity","floor":32,"key":"SMITH"}],"circlet_count":0,"master_deck":["KidneyShot","Exchange","ShatteredReality+1","Rearm","Potential+1","Luminosity","DualDimension","Sunlight+1","infinitespire:Collect+1","SilverBlades","SilverBlades","Luminosity+1","Replace+1","infinitespire:Collect+1","Deny","Amnesia","Luminosity","Potential+1"],"relics":["Uniform","halation:VictoryRuler","hubris:Icosahedron","Dream Catcher","Gambling Chip","Juzu Bracelet","halation:EternalFortune","infinitespire:Lucky Rock","infinitespire:Beetle Shell","ChewingGum","Empty Cage","hubris:ToyBattleship","infinitespire:Eraser","jedi:HeartOfTheCards","halation:PromiseList","DollysMirror","infinitespire:EvilPickle","conspire:RoyalGoblet","Ring of Chaos","ReplayTheSpireMod:Ring of Collecting","PreservedInsect"],"acts_visited":["Exordium","TheCity","TheBeyond"],"potions_floor_usage":[13,16,25,27,33],"damage_taken":[{"damage":6,"enemies":"Jaw Worm","floor":1,"turns":4},{"damage":3,"enemies":"Small Slimes","floor":5,"turns":2},{"damage":13,"enemies":"3 Sentries","floor":7,"turns":4},{"damage":0,"enemies":"Cultist","floor":8,"turns":2},{"damage":2,"enemies":"Gremlin Nob","floor":10,"turns":3},{"damage":0,"enemies":"Large Slime","floor":11,"turns":3},{"damage":5,"enemies":"3 Sentries","floor":13,"turns":5},{"damage":5,"enemies":"Hexaghost","floor":16,"turns":9},{"damage":15,"enemies":"Spheric Guardian","floor":18,"turns":4},{"damage":22,"enemies":"Replay:Snechameleon","floor":23,"turns":9},{"damage":20,"enemies":"Book of Stabbing","floor":25,"turns":5},{"damage":0,"enemies":"conspire:Head Lice","floor":27,"turns":3},{"damage":1,"enemies":"Shell Parasite","floor":28,"turns":3},{"damage":15,"enemies":"Snake Plant","floor":30,"turns":2},{"damage":47,"enemies":"Pondfish","floor":33,"turns":6},{"damage":16,"enemies":"3 Shapes","floor":35,"turns":4},{"damage":33,"enemies":"conspire:MimicChest","floor":38,"turns":4},{"damage":15,"enemies":"Giant Head","floor":40,"turns":6},{"damage":11,"enemies":"Orb Walker","floor":41,"turns":1}],"seed_played":"1209864362573983216","potions_obtained":[{"floor":8,"key":"jedi:tentaclejuice"},{"floor":10,"key":"Block Potion"},{"floor":11,"key":"PowerPotion"},{"floor":16,"key":"LiquidMemories"},{"floor":25,"key":"SkillPotion"},{"floor":27,"key":"Dexterity Potion"},{"floor":38,"key":"Elixir"}],"is_trial":false,"path_per_floor":["M","$","?","?","M","R","E","M","T","E","M","?","E","T","R","B",null,"M","?","?","?","AVR","E","R","E","T","E","M","R","M","$","R","B",null,"M","?","?","?","?","E","M"],"character_chosen":"THE_SERVANT","items_purchased":["DollysMirror"],"campfire_rested":0,"item_purchase_floors":[31],"current_hp_per_floor":[53,53,53,53,50,50,37,37,37,35,35,38,36,36,36,31,65,50,50,50,50,50,28,28,11,11,11,10,10,53,53,53,6,68,52,52,52,19,19,4,0,0],"gold":528,"neow_bonus":"REMOVE_TWO","is_daily":false,"chose_seed":false,"campfire_upgraded":5,"win_rate":0.0,"timestamp":1609839088,"path_taken":["M","$","?","?","M","R","E","M","T","E","M","?","E","?","R","BOSS","M","?","?","?","AVR","E","R","E","T","E","M","R","M","$","R","BOSS","M","?","?","?","?","E","M"],"items_purchased_type":["Relic"],"build_version":"2020-12-22","purchased_purges":3,"victory":false,"max_hp_per_floor":[59,59,59,59,59,59,59,59,59,59,59,62,65,65,65,65,65,65,65,65,65,65,65,65,68,68,68,68,68,68,68,68,68,68,68,68,68,68,68,68,68,68],"card_choices":[{"not_picked":["Revamp","Replace"],"picked":"ShatteredReality","floor":1},{"not_picked":["BottledTime","Replace"],"picked":"Rearm","floor":5},{"not_picked":["Unruled","Replace"],"picked":"Potential","floor":7},{"not_picked":["Alleviate","Ricochet","ForgedInTime"],"picked":"SKIP","floor":8},{"not_picked":["Alleviate","Snipe"],"picked":"Luminosity","floor":10},{"not_picked":["Revamp","BottledTime"],"picked":"DualDimension","floor":11},{"not_picked":["Ricochet","Revamp"],"picked":"MurderousAura","floor":13},{"not_picked":["Solidify","PendulumOfEternity"],"picked":"Sunlight","floor":16},{"not_picked":["Defy+1","Spin+1","TimeTheft"],"picked":"SKIP","floor":18},{"not_picked":["FanOfKnives","Starlight","SoulSculpture"],"picked":"SKIP","floor":23},{"not_picked":["Desolation","Spin+1"],"picked":"SilverBlades","floor":25},{"not_picked":["Starlight","Replace"],"picked":"SilverBlades","floor":27},{"not_picked":["FastForward","MoonPhase+1"],"picked":"Luminosity","floor":28},{"not_picked":["GearUp","ShatteredReality"],"picked":"Replace+1","floor":30},{"not_picked":["Solidify","TheWorld"],"picked":"Deny","floor":33},{"not_picked":["Ricochet+1","TimeWarp+1","BestPractice"],"picked":"SKIP","floor":35},{"not_picked":["BestPractice+1","Moonlight"],"picked":"Potential+1","floor":40}],"player_experience":218639,"relics_obtained":[{"floor":7,"key":"Dream Catcher"},{"floor":9,"key":"Gambling Chip"},{"floor":10,"key":"Juzu Bracelet"},{"floor":13,"key":"halation:EternalFortune"},{"floor":13,"key":"infinitespire:Lucky Rock"},{"floor":14,"key":"infinitespire:Beetle Shell"},{"floor":23,"key":"hubris:ToyBattleship"},{"floor":25,"key":"halation:EternalFortune"},{"floor":25,"key":"infinitespire:Eraser"},{"floor":26,"key":"jedi:HeartOfTheCards"},{"floor":27,"key":"halation:PromiseList"},{"floor":36,"key":"Ring of Chaos"},{"floor":36,"key":"ReplayTheSpireMod:Ring of Collecting"},{"floor":38,"key":"halation:VictoryRuler"},{"floor":40,"key":"PreservedInsect"}],"event_choices":[{"damage_healed":0,"gold_gain":0,"player_choice":"Bet on Owner","damage_taken":0,"max_hp_gain":0,"max_hp_loss":0,"event_name":"The Joust","floor":21,"gold_loss":50}],"is_beta":false,"boss_relics":[{"not_picked":["conspire:SeveredTorchhead","Painkiller Herb"],"picked":"ChewingGum"},{"not_picked":["halation:HeavySnake","halation:Yufonium"],"picked":"conspire:RoyalGoblet"}],"items_purged_floors":[2,22,31],"is_endless":false,"potions_floor_spawned":[8,10,11,16,25,27,30,38],"killed_by":"Orb Walker","ascension_level":1}}