{"host":"fjaupvxe7fzqrf4j","time":1609841717,"event":{"mods":["ATMod(°¢èªMod)","BaseMod","Minty Spire (QoL Compilation)","StSLib"],"gold_per_floor":[109,109,34,34,34,75,75,119,194,238,281,281,314,389,389,485,485,504,537,462,462,249,284,328,381,419,472,509,560,572,619,631,739,751,779,791,35,35,35,70,105,141,141,172,188,188,232,265,265,265,265,265,265,93,129,129],"floor_reached":57,"playtime":1134,"items_purged":["Dagger Throw"],"score":4615,"play_id":"ed92b729-4538-4660-8824-cd3dab2a0bf8","local_time":"20210105181517","daily_mods":["SealedDeck","Heirloom","Time Dilation","Flight","Elite Swarm"],"is_ascension_mode":true,"campfire_choices":[{"data":"Reflex","floor":7,"key":"SMITH"},{"data":"AT_TinkerSharpsword","floor":12,"key":"SMITH"},{"data":"Calculated Gamble","floor":15,"key":"SMITH"},{"data":"AT_KingSlayer","floor":30,"key":"SMITH"},{"floor":32,"key":"RECALL"},{"data":"Wraith Form v2","floor":46,"key":"SMITH"},{"data":"Doppelganger","floor":49,"key":"SMITH"},{"data":"Adrenaline","floor":53,"key":"SMITH"}],"circlet_count":0,"master_deck":["AscendersBane","PiercingWail+1","AT_TinkerSharpsword+1","Dodge and Roll+1","Eviscerate+1","Reflex+1","Escape Plan+1","Calculated Gamble+1","Grand Finale+1","Adrenaline+1","Acrobatics","AT_KingSlayer+1","Wraith Form v2+1","After Image","Doppelganger+1"],"relics":["Ring of the Snake","AT_ATBox","TungstenRod","Golden Idol","Pocketwatch","AT_RedNoBalance","Blood Vial","Pantograph","Bird Faced Urn","Runic Dome","Red Mask","AT_SunfireAegis","CaptainsWheel","MawBank","Ice Cream","AT_BladeRuinedKing","Smiling Mask","Bag of Marbles","MealTicket","HoveringKite","FossilizedHelix","Mummified Hand","Chemical X","Unceasing Top","AT_BellowingDragoncrestRing","Kunai","AT_SilvercatRing","War Paint","Pen Nib","Bronze Scales","Whetstone","Toy Ornithopter"],"acts_visited":["Exordium","TheCity","TheBeyond","TheEnding"],"potions_floor_usage":[56,56],"damage_taken":[{"damage":0,"enemies":"Small Slimes","floor":1,"turns":1},{"damage":0,"enemies":"3 Sentries","floor":6,"turns":1},{"damage":0,"enemies":"Lagavulin","floor":8,"turns":1},{"damage":0,"enemies":"Gremlin Nob","floor":10,"turns":1},{"damage":0,"enemies":"3 Sentries","floor":11,"turns":1},{"damage":0,"enemies":"Lagavulin","floor":13,"turns":1},{"damage":0,"enemies":"The Guardian","floor":16,"turns":1},{"damage":0,"enemies":"3 Byrds","floor":18,"turns":1},{"damage":0,"enemies":"Masked Bandits","floor":19,"turns":1},{"damage":0,"enemies":"Slavers","floor":23,"turns":1},{"damage":0,"enemies":"Gremlin Leader","floor":24,"turns":1},{"damage":0,"enemies":"Slavers","floor":25,"turns":1},{"damage":0,"enemies":"Book of Stabbing","floor":27,"turns":1},{"damage":0,"enemies":"Spheric Guardian","floor":28,"turns":1},{"damage":0,"enemies":"Gremlin Leader","floor":29,"turns":1},{"damage":0,"enemies":"Slavers","floor":31,"turns":1},{"damage":0,"enemies":"Champ","floor":33,"turns":1},{"damage":0,"enemies":"3 Shapes","floor":35,"turns":1},{"damage":0,"enemies":"Giant Head","floor":40,"turns":1},{"damage":0,"enemies":"Reptomancer","floor":41,"turns":1},{"damage":0,"enemies":"Giant Head","floor":42,"turns":1},{"damage":0,"enemies":"Reptomancer","floor":44,"turns":1},{"damage":0,"enemies":"Orb Walker","floor":45,"turns":1},{"damage":0,"enemies":"Giant Head","floor":47,"turns":1},{"damage":0,"enemies":"Reptomancer","floor":48,"turns":1},{"damage":0,"enemies":"Time Eater","floor":50,"turns":1},{"damage":0,"enemies":"Donu and Deca","floor":51,"turns":2},{"damage":0,"enemies":"Shield and Spear","floor":55,"turns":1},{"damage":0,"enemies":"The Heart","floor":56,"turns":4}],"seed_played":"5856897431877435143","potions_obtained":[{"floor":1,"key":"LiquidBronze"},{"floor":11,"key":"Block Potion"},{"floor":13,"key":"PowerPotion"},{"floor":27,"key":"GhostInAJar"},{"floor":35,"key":"DuplicationPotion"}],"is_trial":true,"path_per_floor":["M","?","?","?","$","E","R","E","T","E","E","R","E","?","R","B",null,"M","?","$","?","$","E","E","E","T","E","M","E","R","E","R","B",null,"M","?","$","?","?","E","E","E","T","E","M","R","E","E","R","B","B",null,"R","$","E","B",null],"character_chosen":"THE_SILENT","items_purchased":["AT_SunfireAegis","Acrobatics","FossilizedHelix","Mummified Hand","Chemical X","Whetstone"],"campfire_rested":0,"item_purchase_floors":[22,22,37,37,37,54],"current_hp_per_floor":[59,37,37,18,18,18,18,18,18,33,35,35,35,25,25,60,65,35,35,35,40,40,35,35,35,35,35,35,37,37,39,39,66,66,66,66,66,66,63,63,63,63,63,63,63,63,63,63,63,63,63,63,63,63,63,63],"gold":129,"neow_bonus":"","is_daily":false,"chose_seed":false,"campfire_upgraded":7,"win_rate":0.0,"timestamp":1609841717,"path_taken":["M","?","?","?","?","E","R","E","T","E","E","R","E","?","R","BOSS","M","?","$","?","$","E","E","E","T","E","?","E","R","E","R","BOSS","M","?","$","?","?","E","E","E","T","E","?","R","E","E","R","BOSS","BOSS","R","$","E","BOSS"],"items_purchased_type":["Relic","Card","Relic","Relic","Relic","Relic"],"build_version":"2020-12-22","purchased_purges":1,"victory":true,"max_hp_per_floor":[66,66,66,66,66,66,66,66,66,66,66,66,66,66,66,66,66,66,66,66,66,66,66,66,66,66,66,66,66,66,66,66,66,66,66,66,66,66,63,63,63,63,63,63,63,63,63,63,63,63,63,63,63,63,63,63],"card_choices":[{"not_picked":["Poisoned Stab","Dagger Spray","Flying Knee"],"picked":"SKIP","floor":1},{"not_picked":["AT_KingSlayer","Burst"],"picked":"Grand Finale","floor":6},{"not_picked":["Bullet Time","Venomology"],"picked":"Adrenaline","floor":8},{"not_picked":["Malaise","Grand Finale","Burst"],"picked":"SKIP","floor":10},{"not_picked":["Malaise","Glass Knife","AT_MyraUnstableElement"],"picked":"SKIP","floor":11},{"not_picked":["Grand Finale","Unload","Storm of Steel"],"picked":"SKIP","floor":13},{"not_picked":["Cloak And Dagger","Endless Agony+1","Deflect"],"picked":"SKIP","floor":18},{"not_picked":["Wraith Form v2","Night Terror","Tools of the Trade"],"picked":"SKIP","floor":23},{"not_picked":["Die Die Die","Glass Knife"],"picked":"AT_KingSlayer","floor":24},{"not_picked":["Venomology","Malaise","Tools of the Trade"],"picked":"SKIP","floor":25},{"not_picked":["Doppelganger","Envenom","AT_EssenceShift"],"picked":"SKIP","floor":27},{"not_picked":["Bane","Prepared+1","Dagger Throw"],"picked":"SKIP","floor":28},{"not_picked":["Tools of the Trade","Grand Finale","AT_KingSlayer"],"picked":"SKIP","floor":29},{"not_picked":["Tools of the Trade","Grand Finale","AT_KingSlayer"],"picked":"SKIP","floor":29},{"not_picked":["AT_EssenceShift","Doppelganger"],"picked":"After Image","floor":31},{"not_picked":["AT_Desolate","Dodge and Roll+1","Deflect+1"],"picked":"SKIP","floor":35},{"not_picked":["Adrenaline","Wraith Form v2","Night Terror"],"picked":"SKIP","floor":40},{"not_picked":["Malaise","Unload"],"picked":"Wraith Form v2","floor":41},{"not_picked":["AT_MyraUnstableElement","Phantasmal Killer"],"picked":"After Image","floor":42},{"not_picked":["Corpse Explosion","AT_MyraUnstableElement","Bullet Time"],"picked":"SKIP","floor":44},{"not_picked":["All Out Attack+1","Outmaneuver","Poisoned Stab"],"picked":"SKIP","floor":45},{"not_picked":["Tools of the Trade","Storm of Steel","Venomology"],"picked":"SKIP","floor":47},{"not_picked":["AT_KingSlayer","Die Die Die"],"picked":"Doppelganger","floor":48},{"not_picked":["Grand Finale","Glass Knife","A Thousand Cuts"],"picked":"SKIP","floor":55}],"player_experience":351193,"relics_obtained":[{"floor":6,"key":"Pocketwatch"},{"floor":8,"key":"AT_SilverBalance"},{"floor":10,"key":"Blood Vial"},{"floor":11,"key":"Pantograph"},{"floor":13,"key":"Bird Faced Urn"},{"floor":19,"key":"Red Mask"},{"floor":23,"key":"CaptainsWheel"},{"floor":24,"key":"MawBank"},{"floor":25,"key":"Ice Cream"},{"floor":26,"key":"AT_BladeRuinedKing"},{"floor":27,"key":"Smiling Mask"},{"floor":29,"key":"Bag of Marbles"},{"floor":31,"key":"MealTicket"},{"floor":40,"key":"Unceasing Top"},{"floor":41,"key":"AT_BellowingDragoncrestRing"},{"floor":42,"key":"Kunai"},{"floor":43,"key":"AT_SilvercatRing"},{"floor":44,"key":"War Paint"},{"floor":47,"key":"Pen Nib"},{"floor":48,"key":"Bronze Scales"},{"floor":55,"key":"Toy Ornithopter"}],"event_choices":[{"damage_healed":0,"gold_gain":0,"player_choice":"Take Damage","damage_taken":23,"relics_obtained":["Golden Idol"],"max_hp_gain":0,"max_hp_loss":0,"event_name":"Golden Idol","floor":2,"gold_loss":0},{"cards_removed":["AT_WindFlip"],"damage_healed":0,"gold_gain":0,"player_choice":"Card Removal","damage_taken":0,"max_hp_gain":0,"max_hp_loss":0,"event_name":"The Cleric","floor":3,"gold_loss":75},{"damage_healed":0,"gold_gain":0,"player_choice":"Entered Light","damage_taken":20,"max_hp_gain":0,"max_hp_loss":0,"event_name":"Shining Light","floor":4,"gold_loss":0,"cards_upgraded":["Dodge and Roll","Eviscerate"]},{"damage_healed":0,"gold_gain":75,"player_choice":"Gather Gold","damage_taken":11,"max_hp_gain":0,"max_hp_loss":0,"event_name":"World of Goop","floor":14,"gold_loss":0},{"damage_healed":0,"gold_gain":0,"player_choice":"Fought Bandits","damage_taken":0,"max_hp_gain":0,"max_hp_loss":0,"event_name":"Masked Bandits","floor":19,"gold_loss":0},{"cards_removed":["Prepared"],"damage_healed":5,"gold_gain":0,"player_choice":"Offered Common","damage_taken":0,"max_hp_gain":0,"max_hp_loss":0,"event_name":"Bonfire Elementals","floor":21,"gold_loss":0},{"cards_removed":["Prepared"],"damage_healed":5,"gold_gain":0,"player_choice":"Offered Special","damage_taken":0,"max_hp_gain":0,"max_hp_loss":0,"event_name":"Bonfire Elementals","floor":21,"gold_loss":0},{"cards_removed":["After Image"],"damage_healed":0,"gold_gain":0,"player_choice":"Removed Power","damage_taken":0,"max_hp_gain":0,"max_hp_loss":0,"event_name":"Falling","floor":36,"gold_loss":0},{"damage_healed":0,"gold_gain":0,"player_choice":"Memory 1","damage_taken":0,"max_hp_gain":0,"max_hp_loss":0,"event_name":"SensoryStone","floor":38,"gold_loss":0},{"damage_healed":0,"gold_gain":0,"player_choice":"Max HP","damage_taken":0,"max_hp_gain":0,"max_hp_loss":3,"event_name":"Winding Halls","floor":39,"gold_loss":0}],"is_beta":false,"boss_relics":[{"not_picked":["Snecko Eye","Cursed Key"],"picked":"Runic Dome"},{"not_picked":["Busted Crown","SacredBark"],"picked":"HoveringKite"}],"items_purged_floors":[20],"is_endless":false,"potions_floor_spawned":[1,11,13,18,27,29,31,35,40,41,48,55],"ascension_level":20}}