{"host":"vuriy6uyozwp3u0s","time":1609853042,"event":{"mods":["BaseMod","BetterRewards","Hermit","Minty Spire (QoL Compilation)","Permanent Neow","Quick Restart","StSLib","The Wild Card"],"gold_per_floor":[112,130,205,216,236,236,262,262,262,262,262,262,56,76,76,181,181,106,58,58,58,58,58,58,58,58,58,58,58,58,58,58,58,58,58,58,58,58,58],"floor_reached":38,"playtime":2086,"items_purged":[],"score":374,"play_id":"20d363ee-48ff-4cb7-b950-addceba6ac8c","local_time":"20210105222402","is_ascension_mode":false,"campfire_choices":[{"data":"Caltrops","floor":6,"key":"SMITH"},{"data":"Noxious Fumes","floor":10,"key":"SMITH"},{"floor":12,"key":"REST"},{"floor":15,"key":"REST"},{"data":"Catalyst","floor":23,"key":"SMITH"},{"data":"After Image","floor":25,"key":"SMITH"},{"data":"Crippling Poison","floor":29,"key":"SMITH"},{"data":"Well Laid Plans","floor":30,"key":"SMITH"},{"floor":32,"key":"REST"}],"circlet_count":0,"master_deck":["Strike_G","Strike_G","Strike_G","Strike_G","Strike_G","Defend_G+1","Defend_G","Defend_G","Defend_G+1","Defend_G","Survivor","Neutralize","Crippling Poison+1","Blade Dance","Bouncing Flask","Caltrops+1","Noxious Fumes+1","Deflect","Finisher","After Image+1","Catalyst+1","Deflect","Blur","Sucker Punch","Dagger Spray","Well Laid Plans+1","Dagger Spray","After Image","Cloak And Dagger+1","Dramatic Entrance","Good Instincts","Normality","Normality"],"relics":["Ring of the Snake","WingedGreaves","TungstenRod","Regal Pillow","Ectoplasm","MealTicket","Philosopher\u0027s Stone"],"acts_visited":["Exordium","TheCity","TheBeyond"],"potions_floor_usage":[16,16,18,18,31,33],"damage_taken":[{"damage":0,"enemies":"Small Slimes","floor":1,"turns":5},{"damage":0,"enemies":"2 Louse","floor":2,"turns":4},{"damage":3,"enemies":"Jaw Worm","floor":4,"turns":5},{"damage":0,"enemies":"Looter","floor":5,"turns":4},{"damage":21,"enemies":"3 Sentries","floor":7,"turns":7},{"damage":19,"enemies":"Exordium Wildlife","floor":14,"turns":3},{"damage":14,"enemies":"Slime Boss","floor":16,"turns":8},{"damage":14,"enemies":"2 Thieves","floor":18,"turns":4},{"damage":5,"enemies":"Shell Parasite","floor":20,"turns":4},{"damage":5,"enemies":"Snake Plant","floor":22,"turns":5},{"damage":12,"enemies":"Snecko","floor":24,"turns":6},{"damage":11,"enemies":"Centurion and Healer","floor":28,"turns":6},{"damage":3,"enemies":"Shelled Parasite and Fungi","floor":31,"turns":5},{"damage":47,"enemies":"Automaton","floor":33,"turns":9},{"damage":39,"enemies":"3 Darklings","floor":35,"turns":4},{"damage":31,"enemies":"3 Shapes","floor":38,"turns":3}],"seed_played":"-2352320092243888479","potions_obtained":[{"floor":1,"key":"Weak Potion"},{"floor":2,"key":"EssenceOfSteel"},{"floor":5,"key":"DistilledChaos"},{"floor":16,"key":"ColorlessPotion"},{"floor":24,"key":"Energy Potion"},{"floor":31,"key":"Block Potion"}],"is_trial":false,"path_per_floor":["M","M","?","M","M","R","E","?","T","R","?","R","$","M","R","B",null,"M","$","M","?","M","R","M","R","T","$","M","R","R","M","R","B",null,"M","?","?","M"],"character_chosen":"THE_SILENT","items_purchased":["Regal Pillow","Deflect","Deflect"],"campfire_rested":3,"item_purchase_floors":[13,13,19],"current_hp_per_floor":[77,77,66,63,63,63,42,42,42,42,28,51,51,32,70,56,77,63,63,58,58,53,53,41,41,41,56,45,45,45,42,77,30,77,38,34,34,3,3],"gold":58,"neow_bonus":"TEN_PERCENT_HP_BONUS","is_daily":false,"chose_seed":false,"campfire_upgraded":6,"win_rate":0.0,"timestamp":1609853042,"path_taken":["M","M","?","M","M","R","E","?","T","R","?","R","$","M","R","BOSS","M","$","M","?","M","R","M","R","T","$","M","R","R","M","R","BOSS","M","?","?","M"],"items_purchased_type":["Relic","Card","Card"],"build_version":"2020-12-22","purchased_purges":0,"victory":false,"max_hp_per_floor":[77,77,77,77,77,77,77,77,77,77,77,77,77,77,77,77,77,77,77,77,77,77,77,77,77,77,77,77,77,77,77,77,77,77,77,77,77,77,77],"card_choices":[{"not_picked":["PiercingWail","Masterful Stab"],"picked":"Crippling Poison","floor":1},{"not_picked":["Deflect","Outmaneuver"],"picked":"Blade Dance","floor":2},{"not_picked":["Finisher","Deflect"],"picked":"Bouncing Flask","floor":4},{"not_picked":["Finisher","Skewer"],"picked":"Caltrops","floor":5},{"not_picked":["Tactician","PiercingWail"],"picked":"Noxious Fumes","floor":7},{"not_picked":["Backstab","Dodge and Roll"],"picked":"Finisher","floor":14},{"not_picked":["Venomology","Night Terror"],"picked":"After Image","floor":16},{"not_picked":["Outmaneuver","Dodge and Roll"],"picked":"Catalyst","floor":18},{"not_picked":["Bane+1","Predator+1"],"picked":"Blur","floor":20},{"not_picked":["Masterful Stab+1","Prepared+1"],"picked":"Sucker Punch","floor":22},{"not_picked":["Quick Slash+1","Sucker Punch"],"picked":"Dagger Spray","floor":24},{"not_picked":["Outmaneuver+1","Flying Knee"],"picked":"Well Laid Plans","floor":28},{"not_picked":["Backflip","Masterful Stab"],"picked":"Dagger Spray","floor":31},{"not_picked":["Adrenaline","Glass Knife"],"picked":"After Image","floor":33},{"not_picked":["Dodge and Roll+1","Dagger Spray"],"picked":"Cloak And Dagger+1","floor":35},{"not_picked":["HandOfGreed","Enlightenment"],"picked":"Dramatic Entrance","floor":36},{"not_picked":["Forethought","Bandage Up"],"picked":"Good Instincts","floor":36}],"player_experience":64906,"relics_obtained":[{"floor":7,"key":"WingedGreaves"},{"floor":9,"key":"TungstenRod"},{"floor":26,"key":"MealTicket"}],"event_choices":[{"damage_healed":0,"gold_gain":75,"player_choice":"Gather Gold","damage_taken":11,"max_hp_gain":0,"max_hp_loss":0,"event_name":"World of Goop","floor":3,"gold_loss":0},{"damage_healed":0,"gold_gain":0,"player_choice":"Entered Light","damage_taken":15,"max_hp_gain":0,"max_hp_loss":0,"event_name":"Shining Light","floor":11,"gold_loss":0,"cards_upgraded":["Defend_G","Defend_G"]},{"damage_healed":0,"gold_gain":0,"player_choice":"Ignored","damage_taken":0,"max_hp_gain":0,"max_hp_loss":0,"event_name":"Ghosts","floor":21,"gold_loss":0},{"damage_healed":0,"gold_gain":0,"player_choice":"Memory 2","damage_taken":5,"max_hp_gain":0,"max_hp_loss":0,"event_name":"SensoryStone","floor":36,"gold_loss":0},{"damage_healed":0,"gold_gain":999,"player_choice":"Gold","damage_taken":0,"max_hp_gain":0,"max_hp_loss":0,"event_name":"MindBloom","floor":37,"gold_loss":0,"cards_obtained":["Normality","Normality"]}],"is_beta":false,"boss_relics":[{"not_picked":["Coffee Dripper","Black Star"],"picked":"Ectoplasm"},{"not_picked":["Cursed Key","Astrolabe"],"picked":"Philosopher\u0027s Stone"}],"items_purged_floors":[],"is_endless":false,"potions_floor_spawned":[1,2,5,14,16,24,31],"killed_by":"3 Shapes","ascension_level":0}}