{"host":"y6h8h5dnjuludn40","time":1609824055,"event":{"mods":["BaseMod","Colored Map","Colored Powertips","Googly Eyes","Hermit","Minty Spire (QoL Compilation)","Replay The Spire","StSLib","The Construct","The Hierophant"],"gold_per_floor":[115,131,147,163,173,201,201,212,212,238,111,320,320,320,320,320,320],"floor_reached":16,"playtime":707,"items_purged":["Strike_B"],"score":112,"play_id":"d99b1b39-dfd0-49c2-acce-8d2a6114976c","local_time":"20210104232055","is_ascension_mode":false,"campfire_choices":[{"data":"Echo Form","floor":7,"key":"SMITH"},{"data":"BasicCrystalCard","floor":15,"key":"SMITH"}],"circlet_count":0,"master_deck":["Strike_B","Strike_B","Defend_B","Defend_B","Defend_B","Defend_B","Zap","Dualcast","Echo Form+1","Redo","Panic Button","Capacitor","Cold Snap","Rainbow","Blizzard","Ball Lightning","FTL","BasicCrystalCard+1","Panic Button","Undo+1"],"relics":["Cracked Core","Shuriken","Nunchaku","Vajra"],"acts_visited":["Exordium"],"potions_floor_usage":[3,5,10],"damage_taken":[{"damage":8,"enemies":"2 Louse","floor":1,"turns":3},{"damage":10,"enemies":"Small Slimes","floor":2,"turns":3},{"damage":0,"enemies":"Cultist","floor":3,"turns":2},{"damage":11,"enemies":"Red Slaver","floor":4,"turns":4},{"damage":0,"enemies":"3 Louse","floor":5,"turns":6},{"damage":24,"enemies":"Lagavulin","floor":6,"turns":7},{"damage":5,"enemies":"Exordium Thugs","floor":8,"turns":5},{"damage":4,"enemies":"Gremlin Nob","floor":10,"turns":3},{"damage":40,"enemies":"Slime Boss","floor":16,"turns":8}],"seed_played":"-4265835541695187479","potions_obtained":[{"floor":2,"key":"Energy Potion"},{"floor":4,"key":"Block Potion"},{"floor":5,"key":"Adrenaline Potion"},{"floor":6,"key":"construct:ShiftPotion"}],"is_trial":false,"path_per_floor":["M","M","M","M","M","E","R","M","T","E","$","?","?","?","R","B"],"character_chosen":"DEFECT","items_purchased":["BasicCrystalCard"],"campfire_rested":0,"item_purchase_floors":[11],"current_hp_per_floor":[67,57,57,46,46,22,22,17,17,13,13,13,13,38,38,0,0],"gold":320,"neow_bonus":"ONE_RANDOM_RARE_CARD","is_daily":false,"chose_seed":false,"campfire_upgraded":2,"win_rate":0.0,"timestamp":1609824055,"path_taken":["M","M","M","M","M","E","R","M","T","E","$","?","?","?","R","BOSS"],"items_purchased_type":["Card"],"build_version":"2020-12-22","purchased_purges":1,"victory":false,"max_hp_per_floor":[75,75,75,75,75,75,75,75,75,75,75,75,75,75,75,75,75],"card_choices":[{"not_picked":["Barrage","Conserve Battery"],"picked":"Redo","floor":1},{"not_picked":["Barrage","Reinforced Body"],"picked":"Panic Button","floor":2},{"not_picked":["Panic Button","Streamline"],"picked":"Capacitor","floor":3},{"not_picked":["Redo","Rebound"],"picked":"Cold Snap","floor":4},{"not_picked":["Barrage","Darkness"],"picked":"Rainbow","floor":5},{"not_picked":["Sweeping Beam","Rebound"],"picked":"Blizzard","floor":6},{"not_picked":["Beam Cell","Seek"],"picked":"Ball Lightning","floor":8},{"not_picked":["Aggregate","Go for the Eyes"],"picked":"FTL","floor":10},{"not_picked":["Redo","Sweeping Beam"],"picked":"Panic Button","floor":12}],"player_experience":249332,"relics_obtained":[{"floor":6,"key":"Shuriken"},{"floor":9,"key":"Nunchaku"},{"floor":10,"key":"Vajra"}],"event_choices":[{"damage_healed":25,"gold_gain":0,"player_choice":"Banana","damage_taken":0,"max_hp_gain":0,"max_hp_loss":0,"event_name":"Big Fish","floor":14,"gold_loss":0}],"is_beta":false,"boss_relics":[],"items_purged_floors":[11],"is_endless":false,"potions_floor_spawned":[2,4,5,6],"killed_by":"Slime Boss","ascension_level":0}}