{"host":"5m2js577gj4e7pak","time":1609809578,"event":{"mods":["AchievementEnabler","BaseMod","Better Match","BetterRewards","Colored Map","Colored Powertips","Googly Eyes","Highlight Path","Lobotomy","LobotomyExtend","Minty Spire (QoL Compilation)","Quick Restart","Relic Filter","StSLib"],"gold_per_floor":[16,29,48,59,24,356,356,373,373,373,23,42,42,59,59,161,161,174,30,129,156,156,156,156,156,234,234,248,260,276,291,291,388,388,404,450,672,692,692,692,692,720,720,720,747,758,771,783,783,783,783],"floor_reached":50,"playtime":2147,"items_purged":[],"score":714,"play_id":"03e07f43-30e1-4d3f-8021-a5e3453444c0","local_time":"20210105021938","is_ascension_mode":false,"campfire_choices":[{"data":"Pleasure","floor":49,"key":"PURGE"}],"circlet_count":0,"master_deck":["SpecialBullet","SpecialBullet","SpecialBullet","SpecialBullet","SpecialBullet","SpecialBullet","SpecialBullet","InformationCode","SecurityCode","ExtractionCode","Ecstasy","Harvest","Gaze","Lamp+11","FrostShard","BeautyBeast","Harmony","Tough","Beak","RedEyes","CENSORED_ego","Wingbeat","Soda","LaLuna","Beak+1","RedEyes","Twilight+1","ParadiseLost+1","Heaven+1","Logging+1","OSAHOGD","DisciplinaryCode","RecordCode","Horn+1","Horn+1","SwordSharpenedByTears+1","QueenOfHatred","GoldRush+1","Twilight+1","Horn+1","Twilight+1","Lamp+1","Beak+1","GrinderMk4+1","GreenStem+1","GreedKing","ParadiseLost+1","Hypocrisy+1","Noise+1","WristCuter+1"],"relics":["CogitoBucket","Pocketwatch","LetterFromLob","Old Coin","FleshIdol","InkBottle","Molten Egg 2","Peace Pipe","Cursed Key","Orichalcum","Red Mask","Mercury Hourglass","LuminousBracelet","Black Star","HellTrain","AtMidnight","WingedGreaves","Regal Pillow","CaptainsWheel","Darkstone Periapt","Frozen Egg 2","Oddly Smooth Stone","Pen Nib","Letter Opener","Lantern","Pantograph"],"acts_visited":["Exordium","TheCity","TheBeyond"],"potions_floor_usage":[21,41,41,41,50],"damage_taken":[{"damage":6,"enemies":"Cultist","floor":1,"turns":3},{"damage":7,"enemies":"2 Louse","floor":2,"turns":3},{"damage":11,"enemies":"Jaw Worm","floor":3,"turns":3},{"damage":27,"enemies":"Large Slime","floor":4,"turns":6},{"damage":27,"enemies":"Gremlin Nob","floor":6,"turns":4},{"damage":30,"enemies":"Looter","floor":8,"turns":4},{"damage":2,"enemies":"2 Fungi Beasts","floor":12,"turns":2},{"damage":13,"enemies":"Large Slime","floor":14,"turns":2},{"damage":9,"enemies":"Hexaghost","floor":16,"turns":6},{"damage":28,"enemies":"2 Thieves","floor":18,"turns":3},{"damage":7,"enemies":"Masked Bandits","floor":21,"turns":3},{"damage":32,"enemies":"Shell Parasite","floor":28,"turns":5},{"damage":9,"enemies":"Shelled Parasite and Fungi","floor":29,"turns":3},{"damage":18,"enemies":"Snecko","floor":30,"turns":5},{"damage":5,"enemies":"Centurion and Healer","floor":31,"turns":4},{"damage":64,"enemies":"Champ","floor":33,"turns":10},{"damage":19,"enemies":"3 Darklings","floor":35,"turns":5},{"damage":9,"enemies":"2 Orb Walkers","floor":36,"turns":3},{"damage":18,"enemies":"3 Shapes","floor":38,"turns":3},{"damage":4,"enemies":"Nemesis","floor":40,"turns":7},{"damage":61,"enemies":"Giant Head","floor":41,"turns":7},{"damage":8,"enemies":"Nemesis","floor":42,"turns":5},{"damage":78,"enemies":"Giant Head","floor":45,"turns":6},{"damage":3,"enemies":"Writhing Mass","floor":46,"turns":3},{"damage":33,"enemies":"Maw","floor":47,"turns":5},{"damage":20,"enemies":"3 Darklings","floor":48,"turns":3},{"damage":96,"enemies":"Time Eater","floor":50,"turns":3}],"seed_played":"-4630061054048332723","potions_obtained":[{"floor":12,"key":"Swift Potion"},{"floor":14,"key":"Regen Potion"},{"floor":29,"key":"SkillPotion"},{"floor":38,"key":"BlessingOfTheForge"},{"floor":48,"key":"Weak Potion"}],"is_trial":false,"path_per_floor":["M","M","M","M","?","E","R","M","T","R","$","M","?","M","R","B",null,"M","$","?","?","?","R","?","R","T","R","M","M","M","M","R","B",null,"M","?","?","M","?","E","E","E","T","R","E","M","M","M","R","B"],"character_chosen":"Angela","items_purchased":["Molten Egg 2","Wingbeat","Soda","Orichalcum"],"campfire_rested":0,"item_purchase_floors":[11,11,11,19],"current_hp_per_floor":[70,70,67,48,65,49,49,33,33,33,33,45,42,45,45,62,70,62,62,62,70,70,70,70,70,70,70,82,85,85,85,85,66,85,85,85,85,85,85,85,51,85,91,91,27,59,65,71,71,0,0],"gold":783,"neow_bonus":"ONE_RARE_RELIC","is_daily":false,"chose_seed":false,"campfire_upgraded":0,"win_rate":0.0,"timestamp":1609809578,"path_taken":["M","?","M","M","?","E","R","M","T","R","$","M","?","M","R","BOSS","M","$","?","?","?","R","?","R","T","R","M","M","M","M","R","BOSS","M","?","?","M","?","E","E","E","T","R","E","M","M","M","R","BOSS"],"items_purchased_type":["Relic","Card","Card","Relic"],"build_version":"2020-12-22","purchased_purges":0,"victory":false,"max_hp_per_floor":[70,70,70,70,70,70,70,70,70,70,70,70,70,70,70,70,70,70,70,70,70,70,70,70,70,70,70,85,85,85,85,85,85,85,85,85,85,85,85,85,85,85,91,91,81,81,81,81,81,81,81],"card_choices":[{"not_picked":["Horn"],"picked":"Ecstasy","floor":1},{"not_picked":["Horn"],"picked":"Harvest","floor":1},{"not_picked":["Regret_ego"],"picked":"Gaze","floor":2},{"not_picked":["Pleasure","CUTE"],"picked":"SKIP","floor":2},{"not_picked":["Amita"],"picked":"Lamp","floor":3},{"not_picked":["TheSmile"],"picked":"FrostShard","floor":3},{"not_picked":["Murderer","LittlePrince"],"picked":"BeautyBeast","floor":3},{"not_picked":["CrimsonScar"],"picked":"Harmony","floor":4},{"not_picked":["BlueScar"],"picked":"Tough","floor":4},{"not_picked":["BloodyDesire"],"picked":"Beak","floor":6},{"not_picked":["BloodyDesire"],"picked":"RedEyes","floor":6},{"not_picked":["LifeForTheDareDevil"],"picked":"CENSORED_ego","floor":8},{"not_picked":["Loneliness","SolemnVow"],"picked":"SKIP","floor":8},{"not_picked":["Bloodbath","UniverseFragment"],"picked":"LaLuna","floor":12},{"not_picked":["FrostShard"],"picked":"Beak+1","floor":12},{"not_picked":["Logging+1"],"picked":"RedEyes","floor":14},{"not_picked":["Pinks"],"picked":"Twilight+1","floor":16},{"not_picked":["TheSmile"],"picked":"ParadiseLost+1","floor":16},{"not_picked":["Tough+1"],"picked":"Heaven+1","floor":18},{"not_picked":["CrimsonScar+1"],"picked":"Logging+1","floor":18},{"not_picked":["WhitesApple","LongBird"],"picked":"OSAHOGD","floor":18},{"not_picked":["TodaysExpression"],"picked":"Horn+1","floor":28},{"not_picked":["WristCuter+1","Tough+1"],"picked":"SKIP","floor":28},{"not_picked":["FeatherOfHonor+1"],"picked":"Horn+1","floor":29},{"not_picked":["Soda"],"picked":"SwordSharpenedByTears+1","floor":30},{"not_picked":["Laetitia_ego","Hypocrisy"],"picked":"SKIP","floor":30},{"not_picked":["GreedKing","DreamingCurrent"],"picked":"QueenOfHatred","floor":31},{"not_picked":["RedEyes","BloodyDesire"],"picked":"SKIP","floor":31},{"not_picked":["Lantern+1","Regret_ego"],"picked":"SKIP","floor":31},{"not_picked":["Mimicry"],"picked":"GoldRush+1","floor":33},{"not_picked":["ParadiseLost+1"],"picked":"Twilight+1","floor":33},{"not_picked":["RedEyes"],"picked":"Horn+1","floor":35},{"not_picked":["Noise","Tough+1"],"picked":"SKIP","floor":35},{"not_picked":["CUTE"],"picked":"Pleasure","floor":36},{"not_picked":["Spore+1","DaCapo"],"picked":"SKIP","floor":38},{"not_picked":["Discord+1"],"picked":"Twilight+1","floor":40},{"not_picked":["Ecstasy","BloodyDesire"],"picked":"SKIP","floor":40},{"not_picked":["Regret_ego+1","MagicBullet+1"],"picked":"Lamp+1","floor":41},{"not_picked":["RapturousDream","SoundOfStar"],"picked":"Beak+1","floor":42},{"not_picked":["TodaysExpression","Noise","CUTE+1"],"picked":"SKIP","floor":42},{"not_picked":["Laetitia_ego+1","Lantern+1"],"picked":"GrinderMk4+1","floor":45},{"not_picked":["Penitence","CENSORED_ego","CUTE"],"picked":"SKIP","floor":45},{"not_picked":["Lamp+1","Tough+1"],"picked":"GreenStem+1","floor":46},{"not_picked":["Porccubus","SingingMachine"],"picked":"GreedKing","floor":46},{"not_picked":["Horn+1","RapturousDream+1"],"picked":"ParadiseLost+1","floor":46},{"not_picked":["Noise+1","BlueScar+1"],"picked":"Hypocrisy+1","floor":47},{"not_picked":["RedEyes+1","SwordSharpenedByTears+1"],"picked":"Noise+1","floor":47},{"not_picked":["Wingbeat+1","RapturousDream+1"],"picked":"WristCuter+1","floor":48}],"player_experience":29936,"relics_obtained":[{"floor":1,"key":"LetterFromLob"},{"floor":6,"key":"Old Coin"},{"floor":9,"key":"InkBottle"},{"floor":21,"key":"Red Mask"},{"floor":26,"key":"Mercury Hourglass"},{"floor":35,"key":"AtMidnight"},{"floor":36,"key":"WingedGreaves"},{"floor":40,"key":"Regal Pillow"},{"floor":40,"key":"CaptainsWheel"},{"floor":41,"key":"Darkstone Periapt"},{"floor":41,"key":"Frozen Egg 2"},{"floor":42,"key":"Oddly Smooth Stone"},{"floor":42,"key":"Pen Nib"},{"floor":43,"key":"Letter Opener"},{"floor":45,"key":"Lantern"},{"floor":45,"key":"Pantograph"}],"event_choices":[{"damage_healed":17,"gold_gain":0,"player_choice":"Healed","damage_taken":0,"max_hp_gain":0,"max_hp_loss":0,"event_name":"The Cleric","floor":5,"gold_loss":35},{"damage_healed":0,"gold_gain":0,"player_choice":"Success","damage_taken":3,"relics_obtained":["Peace Pipe"],"max_hp_gain":0,"max_hp_loss":0,"event_name":"Scrap Ooze","floor":13,"gold_loss":0},{"damage_healed":0,"gold_gain":99,"player_choice":"Stole From Cult","damage_taken":0,"max_hp_gain":0,"max_hp_loss":0,"event_name":"Nest","floor":20,"gold_loss":0},{"damage_healed":0,"gold_gain":0,"player_choice":"Fought Bandits","damage_taken":0,"max_hp_gain":0,"max_hp_loss":0,"event_name":"Masked Bandits","floor":21,"gold_loss":0},{"damage_healed":23,"gold_gain":0,"player_choice":"Heal","damage_taken":0,"max_hp_gain":0,"max_hp_loss":0,"event_name":"The Library","floor":24,"gold_loss":0},{"damage_healed":0,"gold_gain":0,"player_choice":"Fight","damage_taken":0,"max_hp_gain":0,"max_hp_loss":0,"event_name":"Mysterious Sphere","floor":36,"gold_loss":0},{"damage_healed":0,"gold_gain":222,"player_choice":"Wore Mask","damage_taken":0,"max_hp_gain":0,"max_hp_loss":0,"event_name":"Tomb of Lord Red Mask","floor":37,"gold_loss":0},{"damage_healed":0,"gold_gain":0,"player_choice":"Memory 1","damage_taken":0,"max_hp_gain":0,"max_hp_loss":0,"event_name":"SensoryStone","floor":39,"gold_loss":0}],"is_beta":false,"boss_relics":[{"not_picked":["SacredBark","Ectoplasm"],"picked":"Cursed Key"},{"not_picked":["Velvet Choker","Empty Cage"],"picked":"Black Star"}],"items_purged_floors":[],"is_endless":false,"potions_floor_spawned":[12,14,29,38,48],"killed_by":"Time Eater","ascension_level":0}}