{"host":"qgrlfjrqk9z96gfi","time":1609817198,"event":{"mods":["BaseMod","Block Reminder","Colored Map","DeckTracker","Minty Spire (QoL Compilation)"],"gold_per_floor":[117,42,54,54,69,69,95,95,95,95,110,138,138,157,157,157,157],"floor_reached":16,"playtime":464,"items_purged":[],"score":220,"play_id":"5a438bac-5aa0-40ab-b4d4-e78586b58f69","local_time":"20210104172638","is_ascension_mode":true,"campfire_choices":[{"floor":6,"key":"REST"},{"data":"Blade Dance","floor":8,"key":"SMITH"},{"floor":13,"key":"REST"},{"data":"Dash","floor":15,"key":"SMITH"}],"circlet_count":0,"master_deck":["AscendersBane","Strike_G+1","Strike_G","Strike_G","Strike_G","Strike_G","Defend_G","Defend_G","Defend_G","Defend_G+1","Defend_G","Survivor","Neutralize","CurseOfTheBell","Bane","Bouncing Flask+1","Crippling Poison","Dash+1","Blade Dance+1","Well Laid Plans","PiercingWail"],"relics":["Calling Bell","Nunchaku","Kunai","Mango","Bird Faced Urn","Torii","FossilizedHelix"],"acts_visited":["Exordium"],"potions_floor_usage":[12],"damage_taken":[{"damage":1,"enemies":"2 Louse","floor":1,"turns":4},{"damage":7,"enemies":"Jaw Worm","floor":3,"turns":3},{"damage":0,"enemies":"Cultist","floor":5,"turns":4},{"damage":14,"enemies":"Lagavulin","floor":7,"turns":7},{"damage":3,"enemies":"Gremlin Gang","floor":11,"turns":4},{"damage":22,"enemies":"Gremlin Nob","floor":12,"turns":4},{"damage":0,"enemies":"Blue Slaver","floor":14,"turns":5},{"damage":62,"enemies":"Slime Boss","floor":16,"turns":12}],"seed_played":"5482880772172558858","potions_obtained":[{"floor":1,"key":"Energy Potion"}],"is_trial":false,"path_per_floor":["M","$","M","?","M","R","E","R","T","?","M","E","R","M","R","B"],"character_chosen":"THE_SILENT","items_purchased":["Bouncing Flask"],"campfire_rested":2,"item_purchase_floors":[2],"current_hp_per_floor":[72,72,65,41,41,65,51,51,51,51,48,28,52,54,54,0,0],"gold":157,"neow_bonus":"BOSS_RELIC","is_daily":false,"chose_seed":false,"campfire_upgraded":2,"win_rate":0.0,"timestamp":1609817198,"path_taken":["M","$","M","?","M","R","E","R","T","?","?","E","R","M","R","BOSS"],"items_purchased_type":["Card"],"build_version":"2020-12-22","purchased_purges":0,"victory":false,"max_hp_per_floor":[80,80,80,80,80,80,80,80,80,80,80,80,80,80,80,80,80],"card_choices":[{"not_picked":["Outmaneuver","Choke"],"picked":"Bane","floor":1},{"not_picked":["Prepared","Expertise"],"picked":"Crippling Poison","floor":3},{"not_picked":["Bane","Dagger Throw"],"picked":"Dash","floor":5},{"not_picked":["Slice","Riddle With Holes"],"picked":"Blade Dance","floor":7},{"not_picked":["Dagger Throw","Tools of the Trade"],"picked":"Well Laid Plans","floor":11},{"not_picked":["Deflect","Distraction"],"picked":"PiercingWail","floor":12},{"not_picked":["Prepared","Distraction","Poisoned Stab"],"picked":"SKIP","floor":14}],"player_experience":968415,"relics_obtained":[{"floor":0,"key":"Nunchaku"},{"floor":0,"key":"Kunai"},{"floor":0,"key":"Mango"},{"floor":7,"key":"Bird Faced Urn"},{"floor":9,"key":"Torii"},{"floor":12,"key":"FossilizedHelix"}],"event_choices":[{"damage_healed":0,"gold_gain":0,"player_choice":"Entered Light","damage_taken":24,"max_hp_gain":0,"max_hp_loss":0,"event_name":"Shining Light","floor":4,"gold_loss":0,"cards_upgraded":["Strike_G","Defend_G"]},{"damage_healed":0,"gold_gain":0,"player_choice":"Forge","damage_taken":0,"max_hp_gain":0,"max_hp_loss":0,"event_name":"Accursed Blacksmith","floor":10,"gold_loss":0,"cards_upgraded":["Bouncing Flask"]}],"is_beta":false,"boss_relics":[],"items_purged_floors":[],"is_endless":false,"potions_floor_spawned":[1],"killed_by":"Slime Boss","ascension_level":20}}