{"host":"dgf4n6lo35jtjz0c","time":1609857171,"event":{"mods":["AchievementEnabler","BaseMod","Bestiary","Colored Powertips","Minty Spire (QoL Compilation)"],"gold_per_floor":[112,131,145,162,13,13,13,13,13,13,13,13,31,46,46,142,142,158,175,175,175,175,175,185,218,218,218,245,259,272,334,334,430,430,442,30,0,13,30,30,56,56,56,91,141,203,220,270,270,270],"floor_reached":51,"playtime":2666,"items_purged":["Strike_B"],"score":839,"play_id":"1eb32458-80d7-4e69-a181-10d7ac27bf01","local_time":"20210106013251","is_ascension_mode":false,"campfire_choices":[{"data":"Streamline","floor":6.0,"key":"SMITH"},{"data":"Streamline","floor":8.0,"key":"SMITH"},{"data":"Zap","floor":10.0,"key":"SMITH"},{"floor":15.0,"key":"REST"},{"floor":23.0,"key":"REST"},{"data":"Glacier","floor":27.0,"key":"SMITH"},{"floor":32,"key":"REST"},{"floor":40,"key":"REST"},{"data":"Apotheosis","floor":42,"key":"SMITH"},{"floor":49,"key":"REST"}],"circlet_count":0,"master_deck":["Strike_B+1","Strike_B+1","Defend_B","Defend_B","Defend_B","Defend_B","Zap+1","Rebound+1","Streamline+1","Beam Cell","Streamline+1","Beam Cell+1","Coolheaded","Glacier+1","Leap","All For One+1","Coolheaded+1","Coolheaded","Streamline+1","Storm+1","Leap+1","White Noise","Aggregate","Electrodynamics","Consume+1","Apotheosis+1","Consume+1","Capacitor","Ball Lightning+1","Coolheaded+1","White Noise","Force Field","Stack+1","Cold Snap+1","Panache"],"relics":["Cracked Core","NeowsBlessing","Letter Opener","Molten Egg 2","Sozu","SsserpentHead","Lantern","Mercury Hourglass","Meat on the Bone","Inserter","DollysMirror","Red Mask","Potion Belt","White Beast Statue","Whetstone"],"acts_visited":["Exordium","TheCity","TheBeyond"],"potions_floor_usage":[],"damage_taken":[{"damage":0.0,"enemies":"Jaw Worm","floor":1.0,"turns":1.0},{"damage":0.0,"enemies":"Small Slimes","floor":2.0,"turns":1.0},{"damage":0.0,"enemies":"2 Louse","floor":3.0,"turns":1.0},{"damage":1.0,"enemies":"2 Fungi Beasts","floor":4.0,"turns":3.0},{"damage":11.0,"enemies":"Large Slime","floor":13.0,"turns":4.0},{"damage":4.0,"enemies":"Lots of Slimes","floor":14.0,"turns":4.0},{"damage":26.0,"enemies":"Hexaghost","floor":16.0,"turns":6.0},{"damage":10.0,"enemies":"Chosen","floor":18.0,"turns":5.0},{"damage":10.0,"enemies":"2 Thieves","floor":19.0,"turns":3.0},{"damage":3.0,"enemies":"Cultist and Chosen","floor":24.0,"turns":5.0},{"damage":0.0,"enemies":"Gremlin Leader","floor":25.0,"turns":5.0},{"damage":32.0,"enemies":"Slavers","floor":28.0,"turns":4.0},{"damage":0.0,"enemies":"3 Cultists","floor":29.0,"turns":4.0},{"damage":5,"enemies":"Chosen and Byrds","floor":30,"turns":4},{"damage":14,"enemies":"Snake Plant","floor":31,"turns":3},{"damage":26,"enemies":"Champ","floor":33,"turns":10},{"damage":12,"enemies":"3 Darklings","floor":35,"turns":2},{"damage":10,"enemies":"Orb Walker","floor":38,"turns":4},{"damage":0,"enemies":"Transient","floor":39,"turns":5},{"damage":0,"enemies":"Giant Head","floor":41,"turns":12},{"damage":3,"enemies":"Nemesis","floor":44,"turns":7},{"damage":13,"enemies":"Spire Growth","floor":46,"turns":5},{"damage":15,"enemies":"4 Shapes","floor":47,"turns":3},{"damage":32,"enemies":"Time Eater","floor":50,"turns":14}],"seed_played":"-4915962326564917988","potions_obtained":[{"floor":1.0,"key":"GamblersBrew"},{"floor":3.0,"key":"EssenceOfDarkness"},{"floor":4.0,"key":"FearPotion"}],"is_trial":false,"path_per_floor":["M","M","M","M","$","R","?","R","T","R","?","?","M","M","R","B",null,"M","M","?","?","?","R","M","E","T","R","E","M","M","M","R","B",null,"M","$","?","M","M","R","E","R","T","E","?","M","M","?","R","B",null],"character_chosen":"DEFECT","items_purchased":["Beam Cell","Coolheaded","Apotheosis","DollysMirror","Capacitor"],"campfire_rested":5,"item_purchase_floors":[5,5,36,36,36],"current_hp_per_floor":[75,75,75,74,74,74,59,59,59,59,47,47,36,32,54,28,75,65,55,55,55,55,75,72,72,72,72,40,40,47,45,67,41,75,63,63,63,53,53,75,75,75,75,72,72,59,44,44,66,46],"gold":270,"neow_bonus":"THREE_ENEMY_KILL","is_daily":false,"chose_seed":false,"campfire_upgraded":5,"win_rate":0.0,"timestamp":1609857171,"path_taken":["M","M","M","M","$","R","?","R","T","R","?","?","M","M","R","BOSS","M","M","?","?","?","R","M","E","T","R","E","M","M","?","R","BOSS","M","$","?","M","M","R","E","R","T","E","?","?","M","?","R","BOSS"],"items_purchased_type":["Card","Card","Card","Relic","Card"],"build_version":"2020-12-22","purchased_purges":1,"victory":true,"max_hp_per_floor":[75,75,75,75,75,75,75,75,75,75,75,75,75,75,75,75,75,75,75,75,75,75,75,75,75,75,75,75,75,75,75,75,75,75,75,75,75,75,75,75,75,75,75,75,75,75,75,75,75,75],"card_choices":[{"not_picked":["Hello World","Steam"],"picked":"Rebound","floor":1.0},{"not_picked":["Chaos","Steam"],"picked":"Streamline","floor":2.0},{"not_picked":["Hologram","Barrage"],"picked":"Beam Cell","floor":3.0},{"not_picked":["Barrage","Steam"],"picked":"Streamline","floor":4.0},{"not_picked":["Steam","Scrape+1"],"picked":"Glacier","floor":13.0},{"not_picked":["Undo","Reprogram"],"picked":"Leap","floor":14.0},{"not_picked":["Fission","Buffer"],"picked":"All For One+1","floor":16.0},{"not_picked":["Conserve Battery","Beam Cell+1"],"picked":"Coolheaded+1","floor":18.0},{"not_picked":["Turbo","Beam Cell+1"],"picked":"Coolheaded","floor":19.0},{"not_picked":["Lockon+1","Sweeping Beam+1","Doom and Gloom+1"],"picked":"SKIP","floor":24.0},{"not_picked":["Rip and Tear+1","FTL+1"],"picked":"Storm+1","floor":25.0},{"not_picked":["Redo","Coolheaded"],"picked":"Leap+1","floor":28.0},{"not_picked":["Hologram","Leap"],"picked":"White Noise","floor":29.0},{"not_picked":["Sweeping Beam+1","Force Field+1"],"picked":"Aggregate","floor":30},{"not_picked":["Conserve Battery","Lockon+1","Sweeping Beam+1"],"picked":"SKIP","floor":31},{"not_picked":["Amplify","Fission"],"picked":"Electrodynamics","floor":33},{"not_picked":["Sweeping Beam+1","Tempest+1"],"picked":"Consume+1","floor":35},{"not_picked":["Gash+1","Sweeping Beam+1"],"picked":"Ball Lightning+1","floor":38},{"not_picked":["Conserve Battery","Darkness+1"],"picked":"Coolheaded+1","floor":39},{"not_picked":["Beam Cell+1","Static Discharge"],"picked":"White Noise","floor":41},{"not_picked":["Fission","Leap"],"picked":"Force Field","floor":44},{"not_picked":["Rip and Tear+1","Streamline+1"],"picked":"Stack+1","floor":46},{"not_picked":["Sweeping Beam+1","Go for the Eyes+1"],"picked":"Cold Snap+1","floor":47},{"not_picked":["Secret Technique","Purity"],"picked":"Panache","floor":48}],"player_experience":82911,"relics_obtained":[{"floor":9.0,"key":"Letter Opener"},{"floor":25.0,"key":"Lantern"},{"floor":26.0,"key":"Mercury Hourglass"},{"floor":28.0,"key":"Meat on the Bone"},{"floor":41,"key":"Potion Belt"},{"floor":43,"key":"White Beast Statue"},{"floor":44,"key":"Whetstone"}],"event_choices":[{"damage_healed":0.0,"max_hp_gain":0.0,"max_hp_loss":0.0,"gold_gain":0.0,"event_name":"Shining Light","player_choice":"Entered Light","floor":7.0,"gold_loss":0.0,"damage_taken":15.0,"cards_upgraded":["Beam Cell","Rebound"]},{"damage_healed":0.0,"max_hp_gain":0.0,"max_hp_loss":0.0,"gold_gain":0.0,"event_name":"Scrap Ooze","player_choice":"Success","floor":11.0,"gold_loss":0.0,"damage_taken":12.0,"relics_obtained":["Molten Egg 2"]},{"cards_removed":["Strike_B"],"damage_healed":0.0,"max_hp_gain":0.0,"max_hp_loss":0.0,"gold_gain":0.0,"event_name":"Living Wall","player_choice":"Forget","floor":12.0,"gold_loss":0.0,"damage_taken":0.0},{"cards_removed":["Dualcast"],"damage_healed":0.0,"max_hp_gain":0.0,"max_hp_loss":0.0,"gold_gain":0.0,"event_name":"Back to Basics","player_choice":"Elegance","floor":20.0,"gold_loss":0.0,"damage_taken":0.0},{"damage_healed":0.0,"max_hp_gain":0.0,"max_hp_loss":0.0,"gold_gain":0.0,"event_name":"The Library","player_choice":"Read","floor":21.0,"gold_loss":0.0,"damage_taken":0.0,"cards_obtained":["Streamline"]},{"damage_healed":0.0,"max_hp_gain":0.0,"max_hp_loss":0.0,"gold_gain":0.0,"event_name":"FaceTrader","player_choice":"Trade","floor":22.0,"gold_loss":0.0,"damage_taken":0.0,"relics_obtained":["SsserpentHead"]},{"damage_healed":0,"gold_gain":0,"player_choice":"Paid","damage_taken":0,"relics_obtained":["Red Mask"],"max_hp_gain":0,"max_hp_loss":0,"event_name":"Tomb of Lord Red Mask","floor":37,"gold_loss":80},{"damage_healed":0,"gold_gain":0,"player_choice":"Got Potions","damage_taken":0,"max_hp_gain":0,"max_hp_loss":0,"event_name":"Lab","floor":45,"gold_loss":0},{"damage_healed":0,"gold_gain":0,"player_choice":"Memory 1","damage_taken":0,"max_hp_gain":0,"max_hp_loss":0,"event_name":"SensoryStone","floor":48,"gold_loss":0}],"is_beta":false,"boss_relics":[{"not_picked":["Empty Cage","SlaversCollar"],"picked":"Sozu"},{"not_picked":["Pandora\u0027s Box","Tiny House"],"picked":"Inserter"}],"items_purged_floors":[5],"is_endless":false,"potions_floor_spawned":[1,3,4,28,30,33,38,41,44,46,47],"ascension_level":0}}