{"host":"zksvs3x2ysy9npnz","time":1609874216,"event":{"mods":["Aspiration","BaseMod","Beaked The Cultist","BetterRewards","Clockwork Mod","Colored Map","Conspire","Downfall","Duelist Mod","Ekko","Halation","Highlight Path","Hubris","Hunter ??","Infinite Spire","Jedi Mod","JesterMod","Minty Spire (QoL Compilation)","Permanent Neow","Quick Restart","Relic Stats","Replay The Spire","Retaliation","Shade Mod","Shop Mod","StSLib"],"gold_per_floor":[111,111,111,123,7,42,42,56,56,56,66,66,66,85,85,187,187,203,219,63,78,78,78,105,105,105,120,120,132,145,161,161,261,261,275,294,294,308,326,361,373,392,392,392,419,433,460,460,460,460,460,460,266,293,293],"floor_reached":56,"playtime":5115,"items_purged":["Shade:Strike_Shade","Shade:Strike_Shade","Shade:Strike_Shade"],"score":1445,"play_id":"960995ba-6f7e-4d4b-bf8b-c7fcb092d8bd","local_time":"20210105201656","is_ascension_mode":true,"campfire_choices":[{"data":"Shade:AncientSpear","floor":7,"key":"SMITH"},{"data":"Shade:AncientSpear","floor":13,"key":"SMITH"},{"data":"Shade:FuneraryJewels","floor":15,"key":"SMITH"},{"data":"Shade:LoseControl","floor":23,"key":"SMITH"},{"data":"Shade:WallOfFlesh","floor":25,"key":"SMITH"},{"data":"Shade:CarefulCut","floor":28,"key":"SMITH"},{"data":"ReplayTheSpireMod:Muscle Training","floor":32,"key":"SMITH"},{"data":"Shade:Putrefaction","floor":44,"key":"SMITH"},{"floor":49,"key":"RECALL"},{"data":"Shade:LoseControl","floor":52,"key":"SMITH"}],"circlet_count":0,"master_deck":["Shade:Defend_Shade","Shade:Defend_Shade","Shade:Defend_Shade+1","Shade:Defend_Shade","Shade:AnimateDead+1","Shade:CarefulCut+1","Shade:Carnophage+1","Shade:AncientSpear+1","Shade:AncientSpear+1","Shade:Bite_Shade","Shade:FuneraryJewels+1","Shade:LoseControl+1","Shade:WallOfFlesh+1","Shade:SkeletonArmy+1","Shade:Carnophage+1","Shade:GraveStillness+1","ReplayTheSpireMod:Muscle Training+1","Shade:LoseControl+1","Shade:AncientSpear+1","Shade:WallOfFlesh","Shade:Putrefaction+1","Shade:FleshLikeOak+1","Shade:AuraOfUnlife+1","Shade:Patience+1","Shade:LoseControl"],"relics":["Shade:YorickSkull","StoneCalendar","hubris:PeanutButter","ReplayTheSpireMod:Lightbulb","Painkiller Herb","aspiration:Nostalgia","m_ByrdBlood","Bag of Marbles","aspiration:ChemicalBlood","FossilizedHelix","SlaversCollar","halation:Jellyphish","beaked:SacredDeck","Ancient Tea Set","Chameleon Ring","hubris:SlimyHat","HornCleat","Boot"],"acts_visited":["Exordium","TheCity","TheBeyond","TheEnding"],"potions_floor_usage":[16,33,33,55,55],"damage_taken":[{"damage":0,"enemies":"Jaw Worm","floor":1,"turns":3},{"damage":0,"enemies":"Small Slimes","floor":4,"turns":3},{"damage":24,"enemies":"Lagavulin","floor":6,"turns":5},{"damage":0,"enemies":"2 Louse","floor":8,"turns":2},{"damage":0,"enemies":"Blue Slaver","floor":11,"turns":3},{"damage":0,"enemies":"2 Fungi Beasts","floor":14,"turns":3},{"damage":11,"enemies":"Hexaghost","floor":16,"turns":12},{"damage":0,"enemies":"Shell Parasite","floor":18,"turns":4},{"damage":4,"enemies":"conspire:FuzzyDice","floor":19,"turns":7},{"damage":0,"enemies":"Cultist and Chosen","floor":21,"turns":5},{"damage":13,"enemies":"Nightmare","floor":24,"turns":6},{"damage":0,"enemies":"Centurion and Healer","floor":27,"turns":6},{"damage":0,"enemies":"conspire:HollyBat","floor":29,"turns":7},{"damage":0,"enemies":"3 Cultists","floor":30,"turns":5},{"damage":0,"enemies":"Shelled Parasite and Fungi","floor":31,"turns":5},{"damage":17,"enemies":"Collector","floor":33,"turns":9},{"damage":0,"enemies":"Orb Walker","floor":35,"turns":5},{"damage":0,"enemies":"3 Darklings","floor":36,"turns":7},{"damage":0,"enemies":"Sphere and 2 Shapes","floor":38,"turns":5},{"damage":19,"enemies":"Transient","floor":39,"turns":5},{"damage":0,"enemies":"Giant Head","floor":40,"turns":8},{"damage":10,"enemies":"3 Darklings","floor":41,"turns":6},{"damage":0,"enemies":"Sphere and 2 Shapes","floor":42,"turns":6},{"damage":0,"enemies":"Reptomancer","floor":45,"turns":2},{"damage":0,"enemies":"Writhing Mass","floor":46,"turns":7},{"damage":0,"enemies":"Nemesis","floor":47,"turns":9},{"damage":0,"enemies":"Time Eater","floor":50,"turns":10},{"damage":14,"enemies":"Shield and Spear","floor":54,"turns":7},{"damage":0,"enemies":"The Heart","floor":55,"turns":12}],"seed_played":"5474693839871723615","potions_obtained":[{"floor":11,"key":"Adrenaline Potion"},{"floor":14,"key":"Venom Potion"},{"floor":16,"key":"DistilledChaos"},{"floor":21,"key":"EssenceOfSteel"},{"floor":29,"key":"Slimebound:ThreeZeroPotion"},{"floor":30,"key":"PowerPotion"},{"floor":36,"key":"EssenceOfSteel"},{"floor":40,"key":"jedi:mysterypotion"}],"is_trial":false,"path_per_floor":["M","?","?","M","$","E","R","M","T","?","M","$","R","M","R","B",null,"?","?","T","?","AVR","T","NM","T","T","?","T","?","?","?","T","B",null,"?","?","AVR","?","?","E","?","?","T","T","E","?","E","T","T","B",null,"T","T","E","B",null],"character_chosen":"SHADE","items_purchased":["Shade:AncientSpear","Shade:Bite_Shade","aspiration:Nostalgia","Shade:LoseControl","DDmod:CleansePotion"],"campfire_rested":0,"item_purchase_floors":[5,5,20,53,53],"current_hp_per_floor":[65,65,65,65,65,45,45,45,45,45,47,47,47,49,49,46,65,65,65,65,65,65,65,64,64,64,65,65,65,65,65,65,56,65,65,65,65,65,52,65,65,65,65,65,65,65,65,65,65,65,65,65,65,65,65],"gold":293,"neow_bonus":"RANDOM_EVENT","is_daily":false,"chose_seed":false,"campfire_upgraded":9,"win_rate":0.0,"timestamp":1609874216,"path_taken":["M","?","?","M","$","E","R","?","T","?","M","?","R","M","R","BOSS","?","?","T","?","AVR","T","NM","T","T","?","T","?","?","?","T","BOSS","?","?","AVR","?","?","E","?","?","T","T","E","?","E","?","T","BOSS","T","T","E","BOSS"],"items_purchased_type":["Card","Card","Relic","Card","Potion"],"build_version":"2020-12-22","purchased_purges":3,"victory":true,"max_hp_per_floor":[65,65,65,65,65,65,65,65,65,65,65,65,65,65,65,65,65,65,65,65,65,65,65,65,65,65,65,65,65,65,65,65,65,65,65,65,65,65,65,65,65,65,65,65,65,65,65,65,65,65,65,65,65,65,65],"relic_stats":{"counters":[29,174],"StoneCalendar":[392],"Boot":[0],"obtain_stats":[{"Shade:YorickSkull":0,"CeramicFish":41,"StoneCalendar":6,"Painkiller Herb":17,"hubris:SlimyHat":45,"m_ByrdBlood":20,"Ancient Tea Set":40,"Boot":54,"Nunchaku":38,"Replay:Bandana":39,"Chameleon Ring":43,"HornCleat":47,"beaked:SacredDeck":37,"aspiration:ChemicalBlood":24,"aspiration:Nostalgia":20,"Counterbalance":46,"Eternal Feather":54,"SlaversCollar":34,"Ornamental Fan":40,"halation:Jellyphish":37,"halation:PenCase":47,"hubris:PeanutButter":9,"beaked:MawFillet":42,"Turnip":55,"Bag of Marbles":22,"ReplayTheSpireMod:TigerMarble":45,"hubris:CrackedHourglass":50,"ReplayTheSpireMod:Lightbulb":10,"FossilizedHelix":26},{"Shade:YorickSkull":0,"CeramicFish":21,"StoneCalendar":3,"Painkiller Herb":7,"hubris:SlimyHat":24,"m_ByrdBlood":9,"Ancient Tea Set":21,"Boot":28,"Nunchaku":18,"Replay:Bandana":19,"Chameleon Ring":23,"HornCleat":26,"beaked:SacredDeck":18,"aspiration:ChemicalBlood":11,"aspiration:Nostalgia":9,"Counterbalance":24,"Eternal Feather":27,"SlaversCollar":16,"Ornamental Fan":20,"halation:Jellyphish":18,"halation:PenCase":25,"hubris:PeanutButter":4,"beaked:MawFillet":22,"Turnip":28,"Bag of Marbles":10,"ReplayTheSpireMod:TigerMarble":23,"hubris:CrackedHourglass":26,"ReplayTheSpireMod:Lightbulb":4,"FossilizedHelix":11},{"Shade:YorickSkull":0,"CeramicFish":115,"StoneCalendar":11,"Painkiller Herb":31,"hubris:SlimyHat":129,"m_ByrdBlood":42,"Ancient Tea Set":115,"Boot":162,"Nunchaku":97,"Replay:Bandana":102,"Chameleon Ring":127,"HornCleat":145,"beaked:SacredDeck":97,"aspiration:ChemicalBlood":53,"aspiration:Nostalgia":42,"Counterbalance":129,"Eternal Feather":155,"SlaversCollar":85,"Ornamental Fan":107,"halation:Jellyphish":97,"halation:PenCase":136,"hubris:PeanutButter":13,"beaked:MawFillet":121,"Turnip":162,"Bag of Marbles":47,"ReplayTheSpireMod:TigerMarble":127,"hubris:CrackedHourglass":145,"ReplayTheSpireMod:Lightbulb":13,"FossilizedHelix":53}]},"card_choices":[{"not_picked":["Shade:Premonition","Shade:Excise","Shade:CoffinDance"],"picked":"SKIP","floor":1},{"not_picked":["Shade:DangerousRitual","Shade:FleshToFlesh"],"picked":"Shade:AncientSpear","floor":4},{"not_picked":["Shade:AblativeArmor","Shade:Trample","Shade:OfferingToTheBeyond"],"picked":"SKIP","floor":6},{"not_picked":["Shade:BoneShards","Shade:SkeletonHug"],"picked":"Shade:FuneraryJewels","floor":8},{"not_picked":["Shade:GraveStillness","Shade:Trample","Shade:FingerOfDeath"],"picked":"SKIP","floor":11},{"not_picked":["Shade:Premonition","Shade:FleshToFlesh","Shade:SkeletonArmy"],"picked":"SKIP","floor":14},{"not_picked":["Shade:SoulPierce","Shade:SelfBurial"],"picked":"Shade:LoseControl","floor":16},{"not_picked":["Shade:Bonestorm+1","Shade:CallWraith"],"picked":"Shade:WallOfFlesh","floor":18},{"not_picked":["Shade:Bite_Shade+1","Shade:FleshToFlesh"],"picked":"Shade:SkeletonArmy+1","floor":19},{"not_picked":["Shade:ExtraLimbs","Shade:SoulToxin+1","Shade:Excise+1"],"picked":"SKIP","floor":21},{"not_picked":["Flex","Shade:Trample","Shade:ClawBack+1"],"picked":"SKIP","floor":24},{"not_picked":["Shade:Premonition","Shade:CommandSoldier","Flex"],"picked":"SKIP","floor":27},{"not_picked":["Shade:PoundOfFlesh","Shade:ClawBack"],"picked":"Shade:Carnophage+1","floor":29},{"not_picked":["Reaper","Shade:GreyBargain+1"],"picked":"Shade:GraveStillness+1","floor":30},{"not_picked":["Flex","Shade:SpontaneousRitual"],"picked":"ReplayTheSpireMod:Muscle Training","floor":31},{"not_picked":["Shade:UnbarTheGrave","Shade:OfferingToTheBeyond"],"picked":"Shade:LoseControl","floor":33},{"not_picked":["Shade:FleshToFlesh+1","Shade:Premonition+1"],"picked":"Shade:AncientSpear+1","floor":35},{"not_picked":["Shade:PoundOfFlesh","Shade:LyeBath"],"picked":"Shade:WallOfFlesh","floor":36},{"not_picked":["Shade:Patience","Shade:RavenousHorde","Shade:ExtraLimbs+1"],"picked":"SKIP","floor":38},{"not_picked":["Shade:Bonestorm","Shade:BoneShards+1","Shade:CoffinDance"],"picked":"SKIP","floor":39},{"not_picked":["Shade:FingerOfDeath","Shade:AblativeArmor","Shade:TouchOfTheGrave+1"],"picked":"SKIP","floor":40},{"not_picked":["Shade:GreyBargain+1","Shade:BoneShards+1"],"picked":"Shade:FleshLikeOak+1","floor":41},{"not_picked":["Shade:Bonestorm","Shade:DarkOfNight"],"picked":"Shade:AuraOfUnlife+1","floor":42},{"not_picked":["Shade:GreyBargain+1","Shade:Brains+1","Shade:StitchTogether"],"picked":"SKIP","floor":45},{"not_picked":["Shade:GreyBargain+1","Shade:Brains+1","Shade:StitchTogether"],"picked":"SKIP","floor":45},{"not_picked":["Shade:ExtraLimbs","Shade:StitchTogether"],"picked":"Shade:Patience+1","floor":46},{"not_picked":["Shade:LyeBath","Shade:Brains","Shade:Trample+1"],"picked":"SKIP","floor":47},{"not_picked":["Shade:FleshOffering+1","Shade:FuneraryArmor","Shade:SkeletonHug"],"picked":"SKIP","floor":54}],"player_experience":1773007,"relics_obtained":[{"floor":6,"key":"StoneCalendar"},{"floor":9,"key":"hubris:PeanutButter"},{"floor":24,"key":"aspiration:ChemicalBlood"},{"floor":26,"key":"FossilizedHelix"},{"floor":40,"key":"Ancient Tea Set"},{"floor":43,"key":"Chameleon Ring"},{"floor":45,"key":"hubris:SlimyHat"},{"floor":47,"key":"HornCleat"},{"floor":54,"key":"Boot"}],"event_choices":[{"damage_healed":0,"gold_gain":0,"player_choice":"Grow","damage_taken":0,"max_hp_gain":0,"max_hp_loss":0,"event_name":"Living Wall","floor":0,"gold_loss":0,"cards_upgraded":["Shade:AnimateDead"]}],"is_beta":false,"boss_relics":[{"not_picked":["Tiny House","halation:Yufonium"],"picked":"Painkiller Herb"},{"not_picked":["infinitespire:Cupcake","halation:PinkAlligatorPlush"],"picked":"SlaversCollar"}],"items_purged_floors":[22,37,53],"is_endless":false,"potions_floor_spawned":[11,14,16,21,27,29,30,36,41,42,46,47,54],"ascension_level":1}}