{"host":"fevvm7bbzuh4s1jc","time":1609877440,"event":{"mods":["BaseMod","Highlight Path","Minty Spire (QoL Compilation)","Relic Stats"],"gold_per_floor":[116,191,208,219,235,235,268,268,268,268,299,316,104,116,116,193,193,212,212,3,13,27,70,70,70,79,120,120,129,149,177,177,260,260,286,286,306,18,38,38,73,73,82,111,139,168,168,191,191,191,191],"floor_reached":50,"playtime":3140,"items_purged":["Strike_R","Bash","Writhe"],"score":1144,"play_id":"6a2bf157-a5cd-48d2-980a-7b33c8198e29","local_time":"20210105151040","is_ascension_mode":true,"campfire_choices":[{"data":"Hemokinesis","floor":6,"key":"SMITH"},{"data":"Berserk","floor":8,"key":"SMITH"},{"floor":10,"key":"REST"},{"data":"Shockwave","floor":15,"key":"SMITH"},{"data":"Fiend Fire","floor":24,"key":"SMITH"},{"data":"Juggernaut","floor":28,"key":"SMITH"},{"data":"Dropkick","floor":32,"key":"SMITH"},{"floor":40,"key":"RECALL"},{"data":"Dark Embrace","floor":42,"key":"SMITH"},{"data":"Twin Strike","floor":47,"key":"SMITH"},{"data":"Rupture","floor":49,"key":"SMITH"}],"circlet_count":0,"master_deck":["AscendersBane","Strike_R+1","Strike_R+1","Strike_R+1","Strike_R+1","Defend_R+1","Defend_R+1","Defend_R+1","Defend_R+1","Hemokinesis+1","Twin Strike+1","Shockwave+1","Berserk+1","Armaments+1","Cleave+1","True Grit+1","Burning Pact+1","Twin Strike+1","Fiend Fire+1","Shrug It Off+1","Disarm+1","Rage+1","Juggernaut+1","Dropkick+1","Immolate+1","Clothesline+1","Dark Embrace+1","Spot Weakness+1","Pain","Sword Boomerang+1","True Grit+1","Rupture+1"],"relics":["Burning Blood","Mummified Hand","Toxic Egg 2","Bag of Preparation","Cursed Key","CeramicFish","Meat on the Bone","Molten Egg 2","Coffee Dripper","TheAbacus","Whetstone","Gambling Chip","Calipers"],"acts_visited":["Exordium","TheCity","TheBeyond"],"potions_floor_usage":[11,16,16,27,27,33,33,41],"damage_taken":[{"damage":1,"enemies":"Cultist","floor":1,"turns":3},{"damage":1,"enemies":"2 Louse","floor":3,"turns":4},{"damage":11,"enemies":"Jaw Worm","floor":4,"turns":5},{"damage":19,"enemies":"Large Slime","floor":5,"turns":6},{"damage":19,"enemies":"Lagavulin","floor":7,"turns":6},{"damage":16,"enemies":"3 Sentries","floor":11,"turns":6},{"damage":3,"enemies":"2 Fungi Beasts","floor":12,"turns":3},{"damage":3,"enemies":"Blue Slaver","floor":14,"turns":3},{"damage":23,"enemies":"Slime Boss","floor":16,"turns":7},{"damage":24,"enemies":"Chosen","floor":18,"turns":4},{"damage":5,"enemies":"2 Thieves","floor":21,"turns":4},{"damage":0,"enemies":"Snake Plant","floor":22,"turns":4},{"damage":9,"enemies":"Book of Stabbing","floor":23,"turns":5},{"damage":14,"enemies":"Slavers","floor":27,"turns":5},{"damage":7,"enemies":"Snecko","floor":30,"turns":4},{"damage":4,"enemies":"Gremlin Leader","floor":31,"turns":5},{"damage":45,"enemies":"Champ","floor":33,"turns":12},{"damage":11,"enemies":"3 Darklings","floor":35,"turns":4},{"damage":0,"enemies":"3 Shapes","floor":37,"turns":9},{"damage":39,"enemies":"Transient","floor":39,"turns":6},{"damage":38,"enemies":"Reptomancer","floor":41,"turns":6},{"damage":5,"enemies":"Sphere and 2 Shapes","floor":44,"turns":4},{"damage":4,"enemies":"Jaw Worm Horde","floor":45,"turns":3},{"damage":23,"enemies":"Giant Head","floor":46,"turns":7},{"damage":41,"enemies":"Spire Growth","floor":48,"turns":4},{"damage":36,"enemies":"Awakened One","floor":50,"turns":3}],"seed_played":"8971746295267652739","potions_obtained":[{"floor":1,"key":"ElixirPotion"},{"floor":7,"key":"SkillPotion"},{"floor":11,"key":"Ancient Potion"},{"floor":14,"key":"PowerPotion"},{"floor":30,"key":"Block Potion"},{"floor":31,"key":"ColorlessPotion"},{"floor":33,"key":"GamblersBrew"},{"floor":39,"key":"Fire Potion"},{"floor":44,"key":"Explosive Potion"}],"is_trial":false,"path_per_floor":["M","?","M","M","M","R","E","R","T","R","E","M","$","M","R","B",null,"M","?","$","M","M","E","R","T","T","E","R","?","M","E","R","B",null,"M","?","M","$","M","R","E","R","T","M","M","E","R","M","R","B"],"character_chosen":"IRONCLAD","items_purchased":["True Grit+1","Burning Pact+1","Fire Potion","AttackPotion","TheAbacus"],"campfire_rested":1,"item_purchase_floors":[13,13,20,20,38],"current_hp_per_floor":[69,58,63,58,45,45,32,32,32,58,48,51,51,54,54,37,76,58,58,58,59,65,62,62,62,62,54,54,54,53,55,55,28,74,69,69,75,75,54,54,34,34,34,47,61,56,56,33,33,0,0],"gold":191,"neow_bonus":"TWENTY_PERCENT_HP_BONUS","is_daily":false,"chose_seed":false,"campfire_upgraded":9,"win_rate":0.0,"timestamp":1609877440,"path_taken":["M","?","M","M","M","R","E","R","T","R","E","M","$","M","R","BOSS","M","?","$","M","M","E","R","?","T","E","R","?","M","E","R","BOSS","M","?","M","$","M","R","E","R","T","M","M","E","R","M","R","BOSS"],"items_purchased_type":["Card","Card","Potion","Potion","Relic"],"build_version":"2020-12-22","purchased_purges":3,"victory":false,"max_hp_per_floor":[89,89,89,89,89,89,89,89,89,89,89,89,89,89,89,89,89,89,89,89,89,89,89,89,89,89,89,89,89,89,89,89,89,89,89,89,89,89,89,89,89,89,89,89,89,89,89,89,89,89,89],"relic_stats":{"TheAbacus":[30],"counters":[26,132],"Mummified Hand":[32],"CeramicFish":108,"Gambling Chip":[26],"Bag of Preparation":[40],"Whetstone":["Cleave","Twin Strike"],"Cursed Key":2,"obtain_stats":[{"Calipers":46,"CeramicFish":23,"Bag of Preparation":11,"Whetstone":41,"Cursed Key":17,"Burning Blood":0,"TheAbacus":38,"Mummified Hand":7,"Gambling Chip":43,"Molten Egg 2":31,"Coffee Dripper":34,"Toxic Egg 2":9,"Meat on the Bone":27},{"Calipers":24,"CeramicFish":13,"Bag of Preparation":6,"Whetstone":21,"Cursed Key":9,"Burning Blood":0,"TheAbacus":19,"Mummified Hand":5,"Gambling Chip":21,"Molten Egg 2":16,"Coffee Dripper":17,"Toxic Egg 2":5,"Meat on the Bone":14},{"Calipers":125,"CeramicFish":60,"Bag of Preparation":30,"Whetstone":111,"Cursed Key":43,"Burning Blood":0,"TheAbacus":99,"Mummified Hand":24,"Gambling Chip":111,"Molten Egg 2":74,"Coffee Dripper":86,"Toxic Egg 2":24,"Meat on the Bone":65}],"Burning Blood":150,"Meat on the Bone":84},"card_choices":[{"not_picked":["Shockwave","Armaments"],"picked":"Hemokinesis","floor":1},{"not_picked":["Iron Wave","Sword Boomerang","Warcry"],"picked":"SKIP","floor":3},{"not_picked":["Disarm","Warcry"],"picked":"Twin Strike","floor":4},{"not_picked":["Clash","Sword Boomerang"],"picked":"Shockwave","floor":5},{"not_picked":["True Grit","Second Wind"],"picked":"Berserk","floor":7},{"not_picked":["Entrench+1","Clash"],"picked":"Armaments+1","floor":11},{"not_picked":["Perfected Strike","Feel No Pain"],"picked":"Cleave","floor":12},{"not_picked":["Iron Wave","True Grit+1"],"picked":"Twin Strike","floor":14},{"not_picked":["Limit Break+1","Demon Form"],"picked":"Fiend Fire","floor":16},{"not_picked":["Inflame","Cleave"],"picked":"Shrug It Off+1","floor":18},{"not_picked":["Headbutt","Flex+1"],"picked":"Disarm+1","floor":21},{"not_picked":["Twin Strike","Bloodletting+1","Searing Blow"],"picked":"SKIP","floor":22},{"not_picked":["Perfected Strike","Iron Wave"],"picked":"Rage+1","floor":23},{"not_picked":["Sword Boomerang","Iron Wave"],"picked":"Juggernaut","floor":27},{"not_picked":["Clash","Pummel","Thunderclap"],"picked":"SKIP","floor":30},{"not_picked":["Sword Boomerang+1","Searing Blow+1","Wild Strike+1"],"picked":"SKIP","floor":31},{"not_picked":["Sword Boomerang+1","Searing Blow+1","Wild Strike+1"],"picked":"SKIP","floor":31},{"not_picked":["Juggernaut","Fiend Fire+1"],"picked":"Immolate+1","floor":33},{"not_picked":["Iron Wave+1","Evolve"],"picked":"Clothesline+1","floor":35},{"not_picked":["Headbutt+1","Whirlwind+1"],"picked":"Dark Embrace","floor":37},{"not_picked":["Wild Strike+1","Heavy Blade+1"],"picked":"Spot Weakness+1","floor":39},{"not_picked":["Berserk","Seeing Red+1","Cleave+1"],"picked":"SKIP","floor":41},{"not_picked":["Anger+1","Havoc+1"],"picked":"Sword Boomerang+1","floor":44},{"not_picked":["Anger+1","Body Slam+1"],"picked":"True Grit+1","floor":45},{"not_picked":["Havoc+1","Cleave+1","Wild Strike+1"],"picked":"SKIP","floor":46},{"not_picked":["Clothesline+1","Clash+1"],"picked":"Rupture","floor":48}],"player_experience":2643918,"relics_obtained":[{"floor":7,"key":"Mummified Hand"},{"floor":9,"key":"Toxic Egg 2"},{"floor":11,"key":"Bag of Preparation"},{"floor":23,"key":"CeramicFish"},{"floor":27,"key":"Meat on the Bone"},{"floor":31,"key":"Molten Egg 2"},{"floor":41,"key":"Whetstone"},{"floor":43,"key":"Gambling Chip"},{"floor":46,"key":"Calipers"}],"event_choices":[{"damage_healed":0,"gold_gain":75,"player_choice":"Gather Gold","damage_taken":11,"max_hp_gain":0,"max_hp_loss":0,"event_name":"World of Goop","floor":2,"gold_loss":0},{"damage_healed":0,"gold_gain":0,"player_choice":"Simplicity","damage_taken":0,"max_hp_gain":0,"max_hp_loss":0,"event_name":"Back to Basics","floor":19,"gold_loss":0,"cards_upgraded":["Strike_R","Strike_R","Strike_R","Strike_R","Defend_R","Defend_R","Defend_R","Defend_R"]},{"damage_healed":0,"gold_gain":0,"player_choice":"Read","damage_taken":0,"max_hp_gain":0,"max_hp_loss":0,"event_name":"The Library","floor":29,"gold_loss":0,"cards_obtained":["Dropkick"]},{"damage_healed":0,"gold_gain":0,"player_choice":"Ignored","damage_taken":0,"max_hp_gain":0,"max_hp_loss":0,"event_name":"Tomb of Lord Red Mask","floor":36,"gold_loss":0}],"is_beta":false,"boss_relics":[{"not_picked":["Pandora\u0027s Box","Velvet Choker"],"picked":"Cursed Key"},{"not_picked":["Busted Crown","Sozu"],"picked":"Coffee Dripper"}],"items_purged_floors":[13,20,38],"is_endless":false,"potions_floor_spawned":[1,7,11,14,23,30,31,33,39,44,48],"killed_by":"Awakened One","ascension_level":20}}