{"host":"icrrc9b69c1a6188","time":1609820272,"event":{"mods":["Act Like it!","BaseMod","Bestiary","Better Altar","Better Match","Better Note","Better Sensory Stone","Better Skull","Better Third Choice","Block Reminder","Colored Map","Colored Powertips","Curses Come First","Displayed Cursed Tome","Faster Ascension Climbing","HexUI Lib","Jorbs\u0027s Wanderer Trilogy","Minty Spire (QoL Compilation)","Quick Restart","RNG Fix","Random Character Mod","Rare Cards Sparkle","Spicy Shops","StSLib","Unceasing Turn Reminder"],"gold_per_floor":[118,174,187,205,42,42,83,83,83,83,8,38,67,97,97,187,187,221,244,194,199,199],"floor_reached":21,"playtime":2395,"items_purged":["stsjorbsmod:Strike_Wanderer"],"score":362,"play_id":"c56dd0a9-8f63-445f-a8d2-7f4ff304fd30","local_time":"20210104221752","is_ascension_mode":true,"campfire_choices":[{"data":"stsjorbsmod:MirrorImage","floor":6,"key":"SMITH"},{"data":"stsjorbsmod:OldPocket","floor":8,"key":"SMITH"},{"data":"stsjorbsmod:Firebolt","floor":10,"key":"SMITH"},{"floor":15,"key":"REST"}],"circlet_count":0,"master_deck":["AscendersBane","stsjorbsmod:ForbiddenGrimoire+1","stsjorbsmod:Strike_Wanderer","stsjorbsmod:Strike_Wanderer","stsjorbsmod:Strike_Wanderer+1","stsjorbsmod:Defend_Wanderer","stsjorbsmod:Defend_Wanderer","stsjorbsmod:Defend_Wanderer","stsjorbsmod:Defend_Wanderer","stsjorbsmod:FreshAdventure","stsjorbsmod:EyeOfTheStorm+1","stsjorbsmod:HedgeWizard","stsjorbsmod:FaerieFire","stsjorbsmod:Firebolt+1","stsjorbsmod:RefuseToForget+1","stsjorbsmod:Inferno","stsjorbsmod:Inferno","stsjorbsmod:MirrorImage+1","stsjorbsmod:OldPocket+1","stsjorbsmod:FindFamiliar","stsjorbsmod:FlameWard","stsjorbsmod:BurningFlask","stsjorbsmod:Pyromancy","stsjorbsmod:Hibernate"],"relics":["stsjorbsmod:GrimoireRelic","Orrery","CeramicFish","InkBottle","SlaversCollar"],"acts_visited":["Exordium","TheCity"],"potions_floor_usage":[18,21,21],"damage_taken":[{"damage":14,"enemies":"Jaw Worm","floor":1,"turns":6},{"damage":0,"enemies":"Cultist","floor":3,"turns":3},{"damage":0,"enemies":"Small Slimes","floor":4,"turns":3},{"damage":39,"enemies":"Gremlin Nob","floor":7,"turns":6},{"damage":0,"enemies":"2 Fungi Beasts","floor":12,"turns":5},{"damage":0,"enemies":"Exordium Wildlife","floor":13,"turns":5},{"damage":17,"enemies":"Large Slime","floor":14,"turns":7},{"damage":21,"enemies":"Hexaghost","floor":16,"turns":9},{"damage":14,"enemies":"Spheric Guardian","floor":18,"turns":6},{"damage":0,"enemies":"Chosen","floor":19,"turns":6},{"damage":46,"enemies":"Snake Plant","floor":21,"turns":4}],"seed_played":"5684235083064268707","potions_obtained":[{"floor":4,"key":"Dexterity Potion"},{"floor":12,"key":"Weak Potion"},{"floor":16,"key":"stsjorbsmod:LiquidVirtue"},{"floor":18,"key":"ColorlessPotion"}],"is_trial":false,"path_per_floor":["M","?","M","M","$","R","E","R","T","R","$","M","M","M","R","B",null,"M","M","?","M"],"character_chosen":"WANDERER","items_purchased":["Orrery"],"campfire_rested":1,"item_purchase_floors":[5],"current_hp_per_floor":[47,47,49,50,50,50,14,14,14,14,14,17,21,4,23,2,49,38,43,43,0,0],"gold":199,"neow_bonus":"UPGRADE_CARD","is_daily":false,"chose_seed":false,"campfire_upgraded":3,"win_rate":0.0,"timestamp":1609820272,"path_taken":["M","?","M","M","?","R","E","R","T","R","?","M","?","?","R","BOSS","M","?","?","M"],"items_purchased_type":["Relic"],"build_version":"2020-12-22","purchased_purges":1,"victory":false,"max_hp_per_floor":[64,64,64,64,64,64,64,64,64,64,64,64,64,64,64,64,64,64,64,64,64,64],"card_choices":[{"not_picked":["stsjorbsmod:BurningFlask","stsjorbsmod:ParryingBlow"],"picked":"stsjorbsmod:HedgeWizard","floor":1},{"not_picked":["stsjorbsmod:Index","stsjorbsmod:RayOfFrost"],"picked":"stsjorbsmod:FaerieFire","floor":3},{"not_picked":["stsjorbsmod:DisguiseSelf","stsjorbsmod:BlackTentacles"],"picked":"stsjorbsmod:Firebolt","floor":4},{"not_picked":["stsjorbsmod:Prepare","stsjorbsmod:ThirstingSword"],"picked":"stsjorbsmod:RefuseToForget","floor":5},{"not_picked":["stsjorbsmod:Message","stsjorbsmod:RayOfFrost"],"picked":"stsjorbsmod:Inferno","floor":5},{"not_picked":["stsjorbsmod:DisguiseSelf","stsjorbsmod:Prestidigitation"],"picked":"stsjorbsmod:Inferno","floor":5},{"not_picked":["stsjorbsmod:Channel","stsjorbsmod:DisguiseSelf"],"picked":"stsjorbsmod:MirrorImage","floor":5},{"not_picked":["stsjorbsmod:TrueStrike","stsjorbsmod:Prepare"],"picked":"stsjorbsmod:OldPocket","floor":7},{"not_picked":["stsjorbsmod:Patron","stsjorbsmod:MagicMissiles"],"picked":"stsjorbsmod:FindFamiliar","floor":12},{"not_picked":["stsjorbsmod:LocateObject","stsjorbsmod:MagicMirror"],"picked":"stsjorbsmod:FlameWard","floor":13},{"not_picked":["stsjorbsmod:MagicMirror","stsjorbsmod:ColorSpray"],"picked":"stsjorbsmod:BurningFlask","floor":14},{"not_picked":["stsjorbsmod:MirrorImage","stsjorbsmod:Withdraw"],"picked":"stsjorbsmod:Pyromancy","floor":16},{"not_picked":["stsjorbsmod:FindFamiliar","stsjorbsmod:UnseenServant"],"picked":"stsjorbsmod:Hibernate","floor":18},{"not_picked":["stsjorbsmod:ArcaneWeapon","stsjorbsmod:ChainLightning","stsjorbsmod:ChatteringStrike+1"],"picked":"SKIP","floor":19}],"player_experience":731948,"relics_obtained":[{"floor":7,"key":"CeramicFish"},{"floor":9,"key":"InkBottle"}],"event_choices":[{"damage_healed":0,"gold_gain":56,"player_choice":"Gained Gold","damage_taken":0,"max_hp_gain":0,"max_hp_loss":0,"event_name":"Golden Wing","floor":2,"gold_loss":0},{"damage_healed":0,"gold_gain":0,"player_choice":"Bet on Owner","damage_taken":0,"max_hp_gain":0,"max_hp_loss":0,"event_name":"The Joust","floor":20,"gold_loss":50}],"is_beta":false,"boss_relics":[{"not_picked":["Ectoplasm","Black Star"],"picked":"SlaversCollar"}],"items_purged_floors":[11],"is_endless":false,"potions_floor_spawned":[4,12,16,18],"killed_by":"Snake Plant","ascension_level":20}}