{"host":"m6aaltr68g9tvoay","time":1609838602,"event":{"mods":["AchievementEnabler","BaseMod","Colored Map","Minty Spire (QoL Compilation)","StSLib"],"gold_per_floor":[217,182,194,194,211,211,236,236,236,291,304,304,335,352,352,429,429,449,10,10,22,39,39,65,65,92,110,126,155,187,203,203,281,281,292,137,137,137,147,147,161,161,184,184,202,102,118,118,118],"floor_reached":48,"playtime":1639,"items_purged":["Pain","Strike_R"],"score":978,"play_id":"44b5ca1e-182c-4ba1-998f-b2f0314e6ac9","local_time":"20210105012322","is_ascension_mode":true,"campfire_choices":[{"data":"Bludgeon","floor":6.0,"key":"SMITH"},{"data":"Fire Breathing","floor":8.0,"key":"SMITH"},{"floor":12.0,"key":"REST"},{"data":"Whirlwind","floor":15.0,"key":"SMITH"},{"floor":23.0,"key":"REST"},{"data":"Shockwave","floor":25.0,"key":"SMITH"},{"data":"Twin Strike","floor":32.0,"key":"SMITH"},{"floor":40,"key":"REST"},{"floor":42,"key":"REST"},{"floor":44,"key":"REST"}],"circlet_count":0,"master_deck":["AscendersBane","Strike_R","Strike_R","Strike_R","Strike_R","Defend_R","Defend_R","Defend_R","Defend_R","Bash","Shockwave+1","Twin Strike+1","Bludgeon+1","Fire Breathing+1","Impervious+1","Whirlwind+1","Rage+1","Seeing Red+1","Double Tap+1","Shrug It Off+1","Sword Boomerang+1","Armaments+1","Parasite","Spot Weakness+1","Shrug It Off+1","Demon Form","Intimidate+1","Blind+1","Shame","Uppercut+1","Parasite","Parasite"],"relics":["Burning Blood","Self Forming Clay","Toxic Egg 2","Question Card","StoneCalendar","Cursed Key","Chemical X","Pantograph","Art of War","Toy Ornithopter","Pear","Red Mask","Busted Crown","Bottled Lightning","Ancient Tea Set"],"acts_visited":["Exordium","TheCity","TheBeyond"],"potions_floor_usage":[45],"damage_taken":[{"damage":19.0,"enemies":"Jaw Worm","floor":1.0,"turns":5.0},{"damage":6.0,"enemies":"2 Louse","floor":3.0,"turns":4.0},{"damage":1.0,"enemies":"Cultist","floor":5.0,"turns":3.0},{"damage":15.0,"enemies":"Lagavulin","floor":7.0,"turns":3.0},{"damage":22.0,"enemies":"3 Sentries","floor":10.0,"turns":4.0},{"damage":22.0,"enemies":"Exordium Thugs","floor":11.0,"turns":4.0},{"damage":29.0,"enemies":"Gremlin Nob","floor":13.0,"turns":5.0},{"damage":17.0,"enemies":"Lots of Slimes","floor":14.0,"turns":4.0},{"damage":20.0,"enemies":"Hexaghost","floor":16.0,"turns":7.0},{"damage":12.0,"enemies":"3 Byrds","floor":18.0,"turns":4.0},{"damage":1.0,"enemies":"Spheric Guardian","floor":21.0,"turns":3.0},{"damage":0.0,"enemies":"Centurion and Healer","floor":22.0,"turns":3.0},{"damage":21.0,"enemies":"Sentry and Sphere","floor":27.0,"turns":5.0},{"damage":0.0,"enemies":"Snecko","floor":28.0,"turns":2.0},{"damage":11.0,"enemies":"Slavers","floor":29.0,"turns":5.0},{"damage":11.0,"enemies":"Masked Bandits","floor":30.0,"turns":3.0},{"damage":9.0,"enemies":"Shelled Parasite and Fungi","floor":31.0,"turns":4.0},{"damage":21.0,"enemies":"Champ","floor":33.0,"turns":7.0},{"damage":64,"enemies":"3 Darklings","floor":35,"turns":6},{"damage":29,"enemies":"Orb Walker","floor":39,"turns":4},{"damage":0,"enemies":"Jaw Worm Horde","floor":41,"turns":2},{"damage":52,"enemies":"Maw","floor":45,"turns":7},{"damage":35,"enemies":"Writhing Mass","floor":47,"turns":6},{"damage":37,"enemies":"4 Shapes","floor":48,"turns":3}],"seed_played":"6285933186345397629","potions_obtained":[{"floor":1.0,"key":"Fire Potion"},{"floor":13.0,"key":"DuplicationPotion"},{"floor":14.0,"key":"Strength Potion"},{"floor":16.0,"key":"Dexterity Potion"},{"floor":18.0,"key":"EssenceOfSteel"},{"floor":28.0,"key":"Weak Potion"},{"floor":30.0,"key":"DuplicationPotion"},{"floor":31.0,"key":"SteroidPotion"},{"floor":35,"key":"SpeedPotion"},{"floor":45,"key":"DistilledChaos"}],"is_trial":false,"path_per_floor":["M","?","M","?","M","R","E","R","T","?","M","R","E","M","R","B",null,"M","$","?","M","M","R","T","R","T","M","M","E","?","M","R","B",null,"M","$","?","T","M","R","M","R","T","R","M","$","M","M"],"character_chosen":"IRONCLAD","items_purchased":["Chemical X","Pantograph","Intimidate+1"],"campfire_rested":5,"item_purchase_floors":[19,19,36],"current_hp_per_floor":[55,73,73,78,80,80,71,71,71,55,39,63,40,29,29,15,64,58,58,58,63,69,80,80,80,80,68,74,84,84,81,81,80,88,30,30,30,30,7,34,40,67,67,90,49,49,20,0,0],"gold":118,"neow_bonus":"HUNDRED_GOLD","is_daily":false,"chose_seed":false,"campfire_upgraded":5,"win_rate":0.0,"timestamp":1609838602,"path_taken":["M","?","M","?","?","R","E","R","T","?","M","R","E","M","R","BOSS","M","$","?","M","?","R","?","R","T","?","M","E","?","M","R","BOSS","M","$","?","?","?","R","M","R","T","R","M","$","M","?"],"items_purchased_type":["Relic","Relic","Card"],"build_version":"2020-12-22","purchased_purges":2,"victory":false,"max_hp_per_floor":[75,75,75,80,80,80,80,80,80,80,80,80,80,80,80,80,80,80,80,80,80,80,80,80,80,80,80,80,90,90,90,90,90,90,90,90,90,90,90,90,90,90,90,90,90,90,90,90,90],"card_choices":[{"not_picked":["Clash","Shrug It Off"],"picked":"Shockwave","floor":1.0},{"not_picked":["Body Slam","Entrench"],"picked":"Twin Strike","floor":3.0},{"not_picked":["Armaments","Heavy Blade"],"picked":"Bludgeon","floor":5.0},{"not_picked":["Iron Wave","Pommel Strike"],"picked":"Fire Breathing","floor":7.0},{"not_picked":["Metallicize","Anger"],"picked":"Impervious+1","floor":10.0},{"not_picked":["Havoc+1","Twin Strike","Warcry+1"],"picked":"Whirlwind","floor":11.0},{"not_picked":["Searing Blow","Armaments+1","Carnage"],"picked":"Rage+1","floor":13.0},{"not_picked":["Twin Strike","Feel No Pain","Havoc+1"],"picked":"Seeing Red+1","floor":14.0},{"not_picked":["Juggernaut","Fiend Fire","Corruption"],"picked":"Double Tap+1","floor":16.0},{"not_picked":["Sever Soul","Metallicize+1","Carnage"],"picked":"Shrug It Off+1","floor":18.0},{"not_picked":["Cleave","Wild Strike","Power Through+1"],"picked":"Sword Boomerang+1","floor":21.0},{"not_picked":["Headbutt+1","Pommel Strike","Bloodletting+1"],"picked":"Armaments+1","floor":22.0},{"not_picked":["Evolve","Clothesline","Sword Boomerang","Entrench+1"],"picked":"SKIP","floor":27.0},{"not_picked":["True Grit+1","Thunderclap","Perfected Strike"],"picked":"Spot Weakness+1","floor":28.0},{"not_picked":["Cleave","Entrench+1","Bloodletting+1","Sever Soul"],"picked":"SKIP","floor":29.0},{"not_picked":["Barricade","Headbutt","Whirlwind+1"],"picked":"Shrug It Off+1","floor":31.0},{"not_picked":["Impervious+1","Fiend Fire","Corruption"],"picked":"Demon Form","floor":33.0},{"not_picked":["Spot Weakness+1","Clothesline"],"picked":"SKIP","floor":35},{"not_picked":["Madness+1"],"picked":"Blind+1","floor":37},{"not_picked":["Metallicize","Cleave"],"picked":"SKIP","floor":39},{"not_picked":["True Grit+1"],"picked":"Uppercut+1","floor":41},{"not_picked":["Rupture","Armaments+1"],"picked":"SKIP","floor":45},{"not_picked":["Clothesline","Headbutt+1"],"picked":"SKIP","floor":47}],"player_experience":1339941,"relics_obtained":[{"floor":7.0,"key":"Self Forming Clay"},{"floor":9.0,"key":"Toxic Egg 2"},{"floor":10.0,"key":"Question Card"},{"floor":13.0,"key":"StoneCalendar"},{"floor":24.0,"key":"Art of War"},{"floor":26.0,"key":"Toy Ornithopter"},{"floor":29.0,"key":"Pear"},{"floor":30.0,"key":"Red Mask"},{"floor":38,"key":"Bottled Lightning"},{"floor":43,"key":"Ancient Tea Set"}],"event_choices":[{"damage_healed":18.0,"max_hp_gain":0.0,"max_hp_loss":0.0,"gold_gain":0.0,"event_name":"The Cleric","player_choice":"Healed","floor":2.0,"gold_loss":35.0,"damage_taken":0.0},{"damage_healed":0.0,"max_hp_gain":5.0,"max_hp_loss":0.0,"gold_gain":0.0,"event_name":"Big Fish","player_choice":"Donut","floor":4.0,"gold_loss":0.0,"damage_taken":0.0},{"damage_healed":0.0,"max_hp_gain":0.0,"max_hp_loss":0.0,"gold_gain":30.0,"event_name":"Dead Adventurer","player_choice":"Searched \u00272\u0027 times","floor":10.0,"gold_loss":0.0,"damage_taken":0.0},{"damage_healed":0.0,"max_hp_gain":0.0,"max_hp_loss":0.0,"gold_gain":0.0,"event_name":"Lab","player_choice":"Got Potions","floor":20.0,"gold_loss":0.0,"damage_taken":0.0},{"damage_healed":0.0,"max_hp_gain":0.0,"max_hp_loss":0.0,"gold_gain":0.0,"event_name":"Masked Bandits","player_choice":"Fought Bandits","floor":30.0,"gold_loss":0.0,"damage_taken":0.0},{"damage_healed":0,"gold_gain":0,"player_choice":"Memory 1","damage_taken":0,"max_hp_gain":0,"max_hp_loss":0,"event_name":"SensoryStone","floor":37,"gold_loss":0}],"is_beta":false,"boss_relics":[{"not_picked":["Coffee Dripper","Runic Cube"],"picked":"Cursed Key"},{"not_picked":["Velvet Choker","Fusion Hammer"],"picked":"Busted Crown"}],"items_purged_floors":[36,46],"is_endless":false,"potions_floor_spawned":[1,13,14,16,18,21,28,30,31,35,41,45],"killed_by":"4 Shapes","ascension_level":18}}