{"host":"g0n1ydxtx1rjaooc","time":1609878712,"event":{"mods":["AchievementEnabler","Aspiration","BaseMod","Better Note","Better Third Choice","Colored Powertips","Conspire","Downfall","Friendly Minions","Hermit","Hubris","Infinite Spire","Jorbs\u0027s Wanderer Trilogy","Minty Spire (QoL Compilation)","Rare Cards Sparkle","Replay The Spire","StSLib","The Bug Knight","The Construct","The Cursed","The Forsaken","The Gatherer","The Hierophant","The Jungle","The Mystic","The Necromancer","The Runesmith","The Servant 0.9.4","vexMod"],"gold_per_floor":[99,109,127,127,147,166,192,192,225,60,94,94,125,147,170,282,282,282,338,364,385,417,417,442,489,339,358,393,422,347,447,471,583,583,583,600,602,602,602,651,651,679,750,778,778,853,853,853,893,931,931,931],"floor_reached":50,"playtime":22622,"items_purged":["Slimebound:Defend_Slimebound"],"score":746,"play_id":"ca062609-a940-462c-836c-1f83001c6724","local_time":"20210105153152","is_ascension_mode":false,"campfire_choices":[{"data":"Slimebound:Split","floor":1,"key":"SMITH"},{"data":"1","floor":12,"key":"LIFT"},{"data":"2","floor":18,"key":"LIFT"},{"floor":26,"key":"RECALL"},{"data":"3","floor":30,"key":"LIFT"},{"data":"expansioncontent:StudyTheSpire","floor":35,"key":"SMITH"},{"floor":47,"key":"REST"}],"circlet_count":0,"master_deck":["Slimebound:Strike_Slimebound","Slimebound:Strike_Slimebound","Slimebound:Strike_Slimebound","Slimebound:Tackle","Slimebound:Defend_Slimebound","Slimebound:Defend_Slimebound","Slimebound:Split+1","Slimebound:CorrosiveSpit","Slimebound:RollThrough","Slimebound:MegaLick","Injury","Slimebound:BestDefense","Slimebound:DouseInSlime+1","Slimebound:MassRepurpose+1","Slimebound:OozeBath+1","Amnesia","expansioncontent:StudyTheSpire+1","Slimebound:SplitAcid+1","Slimebound:Chomp","Slimebound:SplitMire+1","Slimebound:LeechingTouch","Slimebound:PrepareCrush+1","Slimebound:SplitMire+1","Slimebound:SlimeSlap","Slimebound:Gluttony","Slimebound:SplitBruiser+1","Slimebound:SamplingLick+1","Slimebound:SplitAcid+1","ReplayTheSpireMod:Chaos Vortex","Slimebound:LeadByExample+1","Slimebound:Schlurp+1","Slimebound:ViciousTackle+1","Slimebound:PressTheAttack+1","Slimebound:OozeBath+1","Slimebound:RallyTheTroops","Slimebound:FormOfPuddle+1","Slimebound:SplitAcid+1","Slimebound:ViciousTackle+1","Slimebound:MinionMaster","Slimebound:ComboTackle+1","Slimebound:Nibble+1","Slimebound:GoopTackle"],"relics":["Slimebound:AbsorbEndCombat","Toxic Egg 2","Juzu Bracelet","Replay:Rubber Ducky","Girya","ReplayTheSpireMod:CursedCoin","Dream Catcher","infinitespire:Midas Blood","construct:ClawGrip","aspiration:KaomsHeart"],"acts_visited":["Exordium","TheCity","TheBeyond"],"potions_floor_usage":[10,13,13,20,21,21,28,33,33,40,40,50,50,50],"damage_taken":[{"damage":19,"enemies":"Jaw Worm","floor":2,"turns":3},{"damage":11,"enemies":"conspire:RoseBush","floor":3,"turns":2},{"damage":8,"enemies":"2 Louse","floor":5,"turns":2},{"damage":14,"enemies":"Lots of Slimes","floor":6,"turns":3},{"damage":31,"enemies":"Gremlin Nob","floor":9,"turns":4},{"damage":18,"enemies":"downfall:FleeingMerchant","floor":10,"turns":4},{"damage":12,"enemies":"HollowMod:MossKnight","floor":11,"turns":5},{"damage":24,"enemies":"3 Sentries","floor":13,"turns":3},{"damage":6,"enemies":"Large Slime","floor":14,"turns":5},{"damage":22,"enemies":"2 Fungi Beasts","floor":15,"turns":4},{"damage":25,"enemies":"downfall:Watcher","floor":16,"turns":5},{"damage":51,"enemies":"3 Byrds","floor":19,"turns":4},{"damage":26,"enemies":"Shelled Parasite and Fungi","floor":20,"turns":3},{"damage":32,"enemies":"Centurion and Healer","floor":21,"turns":6},{"damage":43,"enemies":"Snake Plant","floor":22,"turns":3},{"damage":51,"enemies":"Slavers","floor":25,"turns":5},{"damage":16,"enemies":"Snecko","floor":27,"turns":3},{"damage":31,"enemies":"Cultist and Chosen","floor":28,"turns":5},{"damage":24,"enemies":"Shelled Parasite and Fungi","floor":29,"turns":4},{"damage":27,"enemies":"Sentry and Sphere","floor":32,"turns":3},{"damage":24,"enemies":"downfall:Defect","floor":33,"turns":6},{"damage":24,"enemies":"Orb Walker","floor":36,"turns":3},{"damage":70,"enemies":"Reptomancer","floor":40,"turns":5},{"damage":39,"enemies":"3 Shapes","floor":42,"turns":3},{"damage":126,"enemies":"Nightmare","floor":43,"turns":7},{"damage":58,"enemies":"Transient","floor":44,"turns":5},{"damage":59,"enemies":"Jaw Worm Horde","floor":49,"turns":3},{"damage":184,"enemies":"downfall:Silent","floor":50,"turns":6}],"seed_played":"8023798499498862210","potions_obtained":[{"floor":3,"key":"Slimebound:SpawnSlimePotion"},{"floor":5,"key":"sneckomod:MuddlingPotion"},{"floor":9,"key":"Swift Potion"},{"floor":11,"key":"Energy Potion"},{"floor":13,"key":"Block Potion"},{"floor":15,"key":"Swift Potion"},{"floor":19,"key":"Fire Potion"},{"floor":20,"key":"conspire:TimeTravelPotion"},{"floor":25,"key":"Adrenaline Potion"},{"floor":27,"key":"CultistPotion"},{"floor":32,"key":"FearPotion"},{"floor":33,"key":"Languid Potion"},{"floor":36,"key":"Adrenaline Potion"},{"floor":43,"key":"Ancient Potion"},{"floor":46,"key":"downfall:CursedFountainPotion"},{"floor":49,"key":"ColorlessPotion"}],"is_trial":false,"path_per_floor":["R","M","M","?","M","M","T","?","E","$","E","R","E","M","M","B",null,"R","M","M","M","M","AVR","T","E","R","M","M","M","R","?","M","B",null,"R","M","?","?","?","E","T","M","NM","M","?","?","R","?","M","B"],"character_chosen":"SLIMEBOUND","items_purchased":["ReplayTheSpireMod:CursedCoin","expansioncontent:StudyTheSpire","Slimebound:SplitAcid+1","Slimebound:Chomp"],"campfire_rested":1,"item_purchase_floors":[10,10,10,10],"current_hp_per_floor":[66,63,63,63,66,66,66,66,55,66,66,66,66,66,57,63,66,66,43,45,61,34,134,134,123,133,145,150,154,154,154,155,176,176,176,164,156,156,156,138,138,129,71,65,65,65,117,117,90,0,0,0],"gold":931,"neow_bonus":"TEN_PERCENT_HP_BONUS","is_daily":false,"chose_seed":false,"campfire_upgraded":2,"win_rate":0.0,"timestamp":1609878712,"path_taken":["R","M","M","?","M","M","T","?","E","$","E","R","E","M","M","BOSS","R","M","M","M","M","AVR","T","E","R","M","M","M","R","?","M","BOSS","R","M","?","?","?","E","T","M","NM","M","?","?","R","?","M","BOSS"],"items_purchased_type":["Relic","Card","Card","Card"],"build_version":"2020-12-22","purchased_purges":1,"victory":false,"max_hp_per_floor":[66,66,66,66,66,66,66,66,66,66,66,66,66,66,66,66,66,66,66,66,66,66,166,166,166,176,176,176,176,176,176,176,176,176,176,176,176,176,176,176,176,176,176,176,176,176,176,176,176,176,176,176],"card_choices":[{"not_picked":["Slimebound:SplitAcid","Slimebound:PressTheAttack"],"picked":"Slimebound:RollThrough","floor":2},{"not_picked":["Slimebound:SplitBruiser","Slimebound:SplitAcid"],"picked":"Slimebound:MegaLick","floor":3},{"not_picked":["Slimebound:LeechingTouch","Slimebound:Chomp"],"picked":"Slimebound:BestDefense","floor":5},{"not_picked":["Slimebound:GrowthPunch","Slimebound:Schlurp+1"],"picked":"Slimebound:DouseInSlime+1","floor":6},{"not_picked":["Slimebound:LivingWall+1","Slimebound:RollThrough"],"picked":"Slimebound:MassRepurpose+1","floor":9},{"not_picked":["Slimebound:SplitAcid+1","Slimebound:FormOfPuddle+1"],"picked":"Slimebound:OozeBath+1","floor":10},{"not_picked":["Slimebound:Repurpose+1","Slimebound:PressTheAttack"],"picked":"Slimebound:SplitMire+1","floor":11},{"not_picked":["Slimebound:LeechEnergy","Slimebound:Grow"],"picked":"Slimebound:LeechingTouch","floor":13},{"not_picked":["Slimebound:Replication+1","Slimebound:SplitMire+1"],"picked":"Slimebound:PrepareCrush+1","floor":14},{"not_picked":["Slimebound:SamplingLick+1","Slimebound:Schlurp+1"],"picked":"Slimebound:SplitMire+1","floor":15},{"not_picked":["Slimebound:Overexert","Slimebound:MinionMaster"],"picked":"Slimebound:SlimeSlap","floor":16},{"not_picked":["Slimebound:RollThrough","Slimebound:LevelUp"],"picked":"Slimebound:Gluttony","floor":19},{"not_picked":["Slimebound:SlimeSpikes+1","Slimebound:SamplingLick+1"],"picked":"Slimebound:SplitBruiser+1","floor":20},{"not_picked":["Slimebound:FinishingTackle","Slimebound:Grow"],"picked":"Slimebound:SamplingLick+1","floor":21},{"not_picked":["Slimebound:LeechingTouch","Slimebound:PressTheAttack"],"picked":"Slimebound:SplitAcid+1","floor":22},{"not_picked":["Slimebound:SplitAcid+1","Slimebound:FinishingTackle+1"],"picked":"Slimebound:LeadByExample+1","floor":25},{"not_picked":["Slimebound:LeechingTouch","Slimebound:SplitMire+1"],"picked":"Slimebound:Schlurp+1","floor":27},{"not_picked":["Slimebound:TongueLash","Slimebound:SplitBruiser+1"],"picked":"Slimebound:ViciousTackle","floor":28},{"not_picked":["Slimebound:SlimeSpikes+1","Slimebound:SplitMire+1"],"picked":"Slimebound:PressTheAttack+1","floor":29},{"not_picked":["Slimebound:SplitLeeching+1","Slimebound:RollThrough"],"picked":"Slimebound:OozeBath+1","floor":32},{"not_picked":["Slimebound:MassRepurpose+1","Slimebound:SelfFormingGoo"],"picked":"Slimebound:RallyTheTroops","floor":33},{"not_picked":["Slimebound:SlimeSpikes+1","Slimebound:SplitLeeching+1"],"picked":"Slimebound:FormOfPuddle+1","floor":36},{"not_picked":["Slimebound:LeechingTouch+1","Slimebound:ViciousTackle+1"],"picked":"Slimebound:SplitAcid+1","floor":40},{"not_picked":["Slimebound:SplitMire+1","Slimebound:Schlurp+1"],"picked":"Slimebound:ViciousTackle+1","floor":42},{"not_picked":["Slimebound:RollThrough","Slimebound:SplitBruiser+1"],"picked":"Slimebound:MinionMaster","floor":43},{"not_picked":["Slimebound:SplitLeeching+1","Slimebound:SplitMire+1"],"picked":"Slimebound:ComboTackle+1","floor":44},{"not_picked":["Slimebound:Grow","Slimebound:AcidTongue"],"picked":"Slimebound:Nibble+1","floor":47},{"not_picked":["Slimebound:SplitLeeching+1","Slimebound:Grow+1"],"picked":"Slimebound:GoopTackle","floor":49}],"player_experience":51243,"relics_obtained":[{"floor":7,"key":"Juzu Bracelet"},{"floor":8,"key":"Replay:Rubber Ducky"},{"floor":9,"key":"Girya"},{"floor":11,"key":"Dream Catcher"},{"floor":13,"key":"infinitespire:Midas Blood"},{"floor":25,"key":"aspiration:KMNothing"},{"floor":40,"key":"aspiration:KMNothing"},{"floor":41,"key":"aspiration:KMNothing"},{"floor":43,"key":"aspiration:KMNothing"}],"event_choices":[],"is_beta":false,"boss_relics":[{"not_picked":["aspiration:WatcherSkillbook","hubris:GrandSneckoEye"],"picked":"construct:ClawGrip"},{"not_picked":["aspiration:KMNothing","aspiration:KMNothing"],"picked":"aspiration:KMNothing"}],"items_purged_floors":[23],"is_endless":true,"potions_floor_spawned":[3,5,9,11,13,15,19,20,25,27,32,33,36,43,49],"killed_by":"downfall:Silent","ascension_level":0}}