{"host":"3iouabftir4t7z56","time":1609887369,"event":{"mods":["2.2 Compatiblity","Act Like it!","BaseMod","Colored Map","Hallownest","Minty Spire (QoL Compilation)","StSLib","The Bug Knight"],"gold_per_floor":[109,56,56,56,66,66,66,85,158,173,202,220,220,360,360,460,510,525,435,450,375,375,375,375,375],"floor_reached":24,"playtime":1378,"items_purged":["HollowMod:NailStrikeStart"],"score":219,"play_id":"194ac637-54e0-4ca5-b3c3-8486f069d7d1","local_time":"20210105235609","is_ascension_mode":false,"campfire_choices":[{"data":"HollowMod:CycloneSlash","floor":6,"key":"SMITH"},{"floor":13,"key":"REST"},{"floor":15,"key":"REST"},{"floor":23,"key":"REST"}],"circlet_count":0,"master_deck":["HollowMod:NailStrikeStart","HollowMod:NailStrikeStart","HollowMod:NailStrikeStart","HollowMod:QuickDashStart","HollowMod:QuickDashStart","HollowMod:QuickDashStart","HollowMod:QuickDashStart","HollowMod:FocusHealStart","HollowMod:PogoStrike","HollowMod:WraithStrike","HollowMod:CycloneSlash+1","HollowMod:DungDefenderAura+1","HollowMod:SiblingsShadow","HollowMod:AbyssShriek","HollowMod:SoulMaster","HollowMod:ZotesMagnificence","HollowMod:VengefulVoid","HollowMod:SiblingsSouls+1","Hallownest:attackAdjustingAction","HollowMod:DescendingDark"],"relics":["HollowMod:VesselMask","Hallownest:DreamNailRelic","FossilizedHelix","Tiny House","Hallownest:StagBellRelic1"],"acts_visited":["Hallownest:Greenpath","Hallownest:CityofTears"],"potions_floor_usage":[16,20,20,20],"damage_taken":[{"damage":0,"enemies":"Hallownest:monsterHuskGuard","floor":1,"turns":4},{"damage":2,"enemies":"2_ Uuma","floor":5,"turns":5},{"damage":0,"enemies":"Hallownest:2_Baldur","floor":8,"turns":2},{"damage":0,"enemies":"Hallownest:Wandering_and_Horned","floor":10,"turns":6},{"damage":49,"enemies":"Hallownest:eliteVengeflyKing","floor":11,"turns":7},{"damage":11,"enemies":"Hallownest:1_Baldur_1_Crawlid_1_Warrior","floor":12,"turns":3},{"damage":70,"enemies":"Hallownest:BossFalseKnight","floor":16,"turns":12},{"damage":18,"enemies":"Hallownest:Guard_and_Sentry","floor":18,"turns":6},{"damage":43,"enemies":"Hallownest:2_Mistakes","floor":20,"turns":6},{"damage":30,"enemies":"Hallownest:monsterMisterMushroom","floor":22,"turns":9},{"damage":54,"enemies":"Hallownest:2_Flukemon","floor":24,"turns":4}],"seed_played":"-372676635551911234","potions_obtained":[{"floor":5,"key":"SteroidPotion"},{"floor":10,"key":"BlessingOfTheForge"},{"floor":12,"key":"FairyPotion"},{"floor":17,"key":"SneckoOil"},{"floor":20,"key":"Fruit Juice"}],"is_trial":false,"path_per_floor":["M","$","?","$","M","R","?","M","T","M","E","?","R","?","R","B",null,"M","?","M","$","M","R","M"],"character_chosen":"THE_BUGKNIGHT","items_purchased":["HollowMod:WraithStrike"],"campfire_rested":3,"item_purchase_floors":[2],"current_hp_per_floor":[82,82,73,73,71,71,71,71,71,71,22,11,35,35,59,17,87,69,69,37,37,13,40,0,0],"gold":375,"neow_bonus":"TEN_PERCENT_HP_BONUS","is_daily":false,"chose_seed":false,"campfire_upgraded":1,"win_rate":0.0,"timestamp":1609887369,"path_taken":["M","$","?","$","M","R","?","M","T","?","E","?","R","?","R","BOSS","M","?","M","$","M","R","M"],"items_purchased_type":["Card"],"build_version":"2020-12-22","purchased_purges":1,"victory":false,"max_hp_per_floor":[82,82,82,82,82,82,82,82,82,82,82,82,82,82,82,82,87,87,87,92,92,92,92,92,92],"card_choices":[{"not_picked":["HollowMod:InfectedAttack","HollowMod:SharpenedNail","HollowMod:DashSlash"],"picked":"SKIP","floor":1},{"not_picked":["HollowMod:BaldurShell","HollowMod:MonomonsArchive"],"picked":"HollowMod:CycloneSlash","floor":5},{"not_picked":["HollowMod:HowlingWraiths","HollowMod:NewJinnsSoul"],"picked":"HollowMod:DungDefenderAura","floor":8},{"not_picked":["HollowMod:Grubsong","HollowMod:CornifersMapStart"],"picked":"HollowMod:SiblingsShadow","floor":10},{"not_picked":["HollowMod:SiblingsShadow","HollowMod:DreamGate"],"picked":"HollowMod:AbyssShriek","floor":11},{"not_picked":["HollowMod:VengefulVoid","HollowMod:ChannelNail"],"picked":"HollowMod:SoulMaster","floor":12},{"not_picked":["HollowMod:NewInfectedGuardian","HollowMod:SoulMaster"],"picked":"HollowMod:ZotesMagnificence","floor":16},{"not_picked":["HollowMod:HeavyBlow","HollowMod:SoulEater"],"picked":"HollowMod:VengefulVoid","floor":17},{"not_picked":["HollowMod:NewJinnsSoul","HollowMod:InfectedCysts","HollowMod:GoodIntentions"],"picked":"SKIP","floor":18},{"not_picked":["HollowMod:MothsMistake+1","HollowMod:DreamGate"],"picked":"HollowMod:SiblingsSouls+1","floor":20},{"not_picked":["HollowMod:HowlingWraiths+1","HollowMod:VengefulSpirit"],"picked":"HollowMod:DescendingDark","floor":22}],"player_experience":619355,"relics_obtained":[{"floor":11,"key":"FossilizedHelix"}],"event_choices":[],"is_beta":false,"boss_relics":[{"not_picked":["Coffee Dripper","Runic Dome"],"picked":"Tiny House"}],"items_purged_floors":[21],"is_endless":false,"potions_floor_spawned":[5,10,12,20],"killed_by":"Hallownest:2_Flukemon","ascension_level":0}}