{"host":"37dk0reb6x0du8wx","time":1609829835,"event":{"mods":["BaseMod","Colored Map","DeckTracker","Minty Spire (QoL Compilation)","Quick Restart","StSLib"],"gold_per_floor":[115,115,190,140,156,187,202,202,226,226,236,261,279,279,279,381,381,396,396,411,411,28,59,59,76,123,123,123,123,123],"floor_reached":29,"playtime":791,"items_purged":[],"score":317,"play_id":"50370787-e8bd-4418-885a-9917292e559d","local_time":"20210105155715","is_ascension_mode":true,"campfire_choices":[{"data":"Consume","floor":8,"key":"SMITH"},{"data":"Zap","floor":10,"key":"SMITH"},{"floor":15,"key":"REST"},{"floor":24,"key":"REST"},{"floor":27,"key":"REST"}],"circlet_count":0,"master_deck":["Strike_B","Strike_B","Defend_B","Defend_B","Defend_B","Defend_B","Zap+1","Dualcast","Consume+1","Conserve Battery+1","Capacitor","Reinforced Body","Reinforced Body","Chill","Amplify","Defragment","Leap","Auto Shields+1"],"relics":["Cracked Core","NeowsBlessing","Smiling Mask","Bronze Scales","Dream Catcher","Philosopher\u0027s Stone","Torii","Blue Candle","Bag of Marbles"],"acts_visited":["Exordium","TheCity"],"potions_floor_usage":[13,13,16,23,23],"damage_taken":[{"damage":0,"enemies":"Small Slimes","floor":1,"turns":1},{"damage":0,"enemies":"2 Louse","floor":5,"turns":1},{"damage":0,"enemies":"Lagavulin","floor":6,"turns":1},{"damage":0,"enemies":"Cultist","floor":7,"turns":3},{"damage":9,"enemies":"Red Slaver","floor":11,"turns":3},{"damage":18,"enemies":"Gremlin Nob","floor":12,"turns":4},{"damage":8,"enemies":"Exordium Wildlife","floor":13,"turns":2},{"damage":48,"enemies":"Slime Boss","floor":16,"turns":13},{"damage":20,"enemies":"Chosen","floor":18,"turns":5},{"damage":3,"enemies":"Shell Parasite","floor":20,"turns":7},{"damage":25,"enemies":"Slavers","floor":23,"turns":7},{"damage":47,"enemies":"Snecko","floor":25,"turns":8},{"damage":25,"enemies":"Sentry and Sphere","floor":29,"turns":5}],"seed_played":"-591371376601434438","potions_obtained":[{"floor":1,"key":"DistilledChaos"},{"floor":5,"key":"Fire Potion"},{"floor":11,"key":"PotionOfCapacity"},{"floor":16,"key":"Swift Potion"},{"floor":18,"key":"FearPotion"},{"floor":28,"key":"Swift Potion"},{"floor":28,"key":"DuplicationPotion"},{"floor":28,"key":"Strength Potion"}],"is_trial":false,"path_per_floor":["M","?","?","?","M","E","M","R","T","R","M","E","M","?","R","B",null,"M","?","M","?","$","E","R","M","T","R","?","M"],"character_chosen":"DEFECT","items_purchased":["Defragment","Torii"],"campfire_rested":3,"item_purchase_floors":[22,22],"current_hp_per_floor":[75,75,64,64,64,64,64,64,64,64,55,37,29,29,51,3,75,55,55,52,52,52,27,49,2,2,24,24,0,0],"gold":123,"neow_bonus":"THREE_ENEMY_KILL","is_daily":false,"chose_seed":false,"campfire_upgraded":2,"win_rate":0.0,"timestamp":1609829835,"path_taken":["M","?","?","?","M","E","M","R","T","R","M","E","M","?","R","BOSS","M","?","?","?","$","E","R","M","T","R","?","M"],"items_purchased_type":["Card","Relic"],"build_version":"2020-12-22","purchased_purges":0,"victory":false,"max_hp_per_floor":[75,75,75,75,75,75,75,75,75,75,75,75,75,75,75,75,75,75,75,75,75,75,75,75,75,75,75,75,75,75],"card_choices":[{"not_picked":["Compile Driver","Self Repair"],"picked":"Consume","floor":1},{"not_picked":["Sweeping Beam","Hologram"],"picked":"Conserve Battery","floor":5},{"not_picked":["Sweeping Beam","Fusion","Skim"],"picked":"SKIP","floor":6},{"not_picked":["Chaos","Melter"],"picked":"Capacitor","floor":7},{"not_picked":["Gash","Coolheaded"],"picked":"Reinforced Body","floor":11},{"not_picked":["Compile Driver","Stack"],"picked":"Reinforced Body","floor":12},{"not_picked":["Storm","Sweeping Beam","Compile Driver"],"picked":"SKIP","floor":13},{"not_picked":["Echo Form","Seek"],"picked":"Amplify","floor":16},{"not_picked":["Skim","Chaos","Steam Power+1"],"picked":"SKIP","floor":18},{"not_picked":["Rebound","Sunder+1","Hologram+1"],"picked":"SKIP","floor":20},{"not_picked":["Force Field","Turbo","Sweeping Beam"],"picked":"SKIP","floor":23},{"not_picked":["Turbo","Rebound"],"picked":"Leap","floor":24},{"not_picked":["Stack","Go for the Eyes","Aggregate"],"picked":"SKIP","floor":25},{"not_picked":["Ball Lightning+1","Beam Cell"],"picked":"Auto Shields+1","floor":27}],"player_experience":148016,"relics_obtained":[{"floor":6,"key":"Smiling Mask"},{"floor":9,"key":"Bronze Scales"},{"floor":12,"key":"Dream Catcher"},{"floor":23,"key":"Blue Candle"},{"floor":26,"key":"Bag of Marbles"}],"event_choices":[{"cards_removed":["Strike_B"],"damage_healed":0,"gold_gain":0,"player_choice":"Forget","damage_taken":0,"max_hp_gain":0,"max_hp_loss":0,"event_name":"Living Wall","floor":2,"gold_loss":0},{"damage_healed":0,"gold_gain":75,"player_choice":"Gather Gold","damage_taken":11,"max_hp_gain":0,"max_hp_loss":0,"event_name":"World of Goop","floor":3,"gold_loss":0},{"cards_removed":["Strike_B"],"damage_healed":0,"gold_gain":0,"player_choice":"Card Removal","damage_taken":0,"max_hp_gain":0,"max_hp_loss":0,"event_name":"The Cleric","floor":4,"gold_loss":50},{"damage_healed":0,"gold_gain":0,"player_choice":"1 cards matched","damage_taken":0,"max_hp_gain":0,"max_hp_loss":0,"event_name":"Match and Keep!","floor":14,"gold_loss":0,"cards_obtained":["Chill"]},{"damage_healed":0,"gold_gain":0,"player_choice":"Forge","damage_taken":0,"max_hp_gain":0,"max_hp_loss":0,"event_name":"Accursed Blacksmith","floor":19,"gold_loss":0,"cards_upgraded":["Conserve Battery"]},{"damage_healed":0,"gold_gain":0,"player_choice":"Ignored","damage_taken":0,"max_hp_gain":0,"max_hp_loss":0,"event_name":"Vampires","floor":21,"gold_loss":0},{"damage_healed":0,"gold_gain":0,"player_choice":"Got Potions","damage_taken":0,"max_hp_gain":0,"max_hp_loss":0,"event_name":"Lab","floor":28,"gold_loss":0}],"is_beta":false,"boss_relics":[{"not_picked":["FrozenCore","Busted Crown"],"picked":"Philosopher\u0027s Stone"}],"items_purged_floors":[],"is_endless":false,"potions_floor_spawned":[1,5,11,16,18],"killed_by":"Sentry and Sphere","ascension_level":3}}