{"host":"m77rrhbqzv44va4v","time":1609844944,"event":{"mods":["AchievementEnabler","BaseMod","Colored Map","DeckTracker","Keyboard Shortcuts","Minty Spire (QoL Compilation)","StSLib","SuperFastMode","everything is the same but u backflip on backflip"],"gold_per_floor":[112,112,287,22,22,22,52,66,66,99,114,14,34,51,51,153,153,169,169,169,44,44,44,71,71,71,71,71,88,123,137,137,240,240,260,40,57,57,57],"floor_reached":38,"playtime":962,"items_purged":["Doubt","Defend_B","Strike_B","Strike_B+1"],"score":630,"play_id":"ca8a8376-c06f-48f2-85f9-d9f6fe9604a9","local_time":"20210105200904","is_ascension_mode":true,"campfire_choices":[{"data":"Apotheosis","floor":6,"key":"SMITH"},{"data":"Chill","floor":15,"key":"SMITH"},{"data":"Dualcast","floor":23,"key":"SMITH"},{"data":"Buffer","floor":28,"key":"SMITH"},{"data":"Defragment","floor":32,"key":"SMITH"}],"circlet_count":0,"master_deck":["AscendersBane","Defend_B","Defend_B","Zap","Dualcast+1","Cold Snap+1","Apotheosis+1","Conserve Battery","Multi-Cast","Double Energy","Self Repair","Sweeping Beam","Chill+1","Seek","Ball Lightning","Defragment+1","Buffer+1","Biased Cognition","Fission","Capacitor","Loop","White Noise+1"],"relics":["Cracked Core","Bag of Preparation","White Beast Statue","StrikeDummy","Meat on the Bone","Whetstone","Empty Cage","Singing Bowl","Ornamental Fan","MealTicket","Centennial Puzzle","SacredBark"],"acts_visited":["Exordium","TheCity","TheBeyond"],"potions_floor_usage":[10,16,30,30,33,33,38],"damage_taken":[{"damage":0,"enemies":"2 Louse","floor":1,"turns":3},{"damage":19,"enemies":"3 Sentries","floor":7,"turns":9},{"damage":0,"enemies":"Jaw Worm","floor":8,"turns":4},{"damage":16,"enemies":"Gremlin Nob","floor":10,"turns":4},{"damage":0,"enemies":"Small Slimes","floor":11,"turns":3},{"damage":0,"enemies":"Exordium Wildlife","floor":13,"turns":3},{"damage":17,"enemies":"3 Louse","floor":14,"turns":2},{"damage":24,"enemies":"Hexaghost","floor":16,"turns":11},{"damage":3,"enemies":"Chosen","floor":18,"turns":4},{"damage":19,"enemies":"Book of Stabbing","floor":24,"turns":5},{"damage":7,"enemies":"Shell Parasite","floor":29,"turns":6},{"damage":34,"enemies":"Slavers","floor":30,"turns":6},{"damage":14,"enemies":"Shelled Parasite and Fungi","floor":31,"turns":4},{"damage":33,"enemies":"Collector","floor":33,"turns":11},{"damage":52,"enemies":"3 Darklings","floor":35,"turns":5},{"damage":0,"enemies":"3 Shapes","floor":37,"turns":5},{"damage":75,"enemies":"2 Orb Walkers","floor":38,"turns":5}],"seed_played":"3432607205330893263","potions_obtained":[{"floor":7,"key":"GamblersBrew"},{"floor":8,"key":"ColorlessPotion"},{"floor":10,"key":"BlessingOfTheForge"},{"floor":11,"key":"EssenceOfSteel"},{"floor":13,"key":"DuplicationPotion"},{"floor":16,"key":"Weak Potion"},{"floor":18,"key":"FocusPotion"},{"floor":30,"key":"ColorlessPotion"},{"floor":31,"key":"PowerPotion"},{"floor":33,"key":"BlessingOfTheForge"},{"floor":35,"key":"EssenceOfSteel"},{"floor":37,"key":"FocusPotion"}],"is_trial":false,"path_per_floor":["M","?","?","$","?","R","E","M","T","E","M","$","M","M","R","B",null,"M","?","?","$","?","R","E","?","T","$","R","M","E","M","R","B",null,"M","$","M","?"],"character_chosen":"DEFECT","items_purchased":["Apotheosis","Loop"],"campfire_rested":0,"item_purchase_floors":[4,36],"current_hp_per_floor":[68,56,56,56,49,49,30,30,30,26,38,38,48,50,50,48,68,72,72,72,72,72,72,63,49,49,64,64,69,57,52,52,41,73,43,58,68,0,0],"gold":57,"neow_bonus":"RANDOM_COMMON_RELIC","is_daily":false,"chose_seed":false,"campfire_upgraded":5,"win_rate":0.0,"timestamp":1609844944,"path_taken":["M","?","?","$","?","R","E","M","T","E","?","$","M","M","R","BOSS","M","?","?","$","?","R","E","?","T","?","R","?","E","M","R","BOSS","M","$","M","?"],"items_purchased_type":["Card","Card"],"build_version":"2020-12-22","purchased_purges":4,"victory":false,"max_hp_per_floor":[75,75,75,75,75,75,75,75,75,75,75,75,75,75,75,75,75,75,75,75,75,75,75,75,80,80,80,80,82,82,84,84,84,84,84,84,84,84,84],"card_choices":[{"not_picked":["Redo","FTL"],"picked":"Cold Snap","floor":1},{"not_picked":["Chill","Stack"],"picked":"Conserve Battery","floor":7},{"not_picked":["Sunder","Cold Snap"],"picked":"Multi-Cast","floor":8},{"not_picked":["Turbo","Go for the Eyes"],"picked":"Double Energy","floor":10},{"not_picked":["Steam","Compile Driver"],"picked":"Self Repair","floor":11},{"not_picked":["Conserve Battery","Leap"],"picked":"Sweeping Beam","floor":13},{"not_picked":["Go for the Eyes","Gash"],"picked":"Chill","floor":14},{"not_picked":["Buffer","Machine Learning"],"picked":"Seek","floor":16},{"not_picked":["Sunder+1","Steam"],"picked":"Ball Lightning","floor":18},{"not_picked":["Sunder+1","Redo"],"picked":"Buffer","floor":24},{"not_picked":["Steam","Genetic Algorithm+1","Hologram"],"picked":"Singing Bowl","floor":29},{"not_picked":["Rebound","Compile Driver"],"picked":"Biased Cognition","floor":30},{"not_picked":["Rebound","Rip and Tear","Stack+1"],"picked":"Singing Bowl","floor":31},{"not_picked":["Machine Learning","Meteor Strike"],"picked":"Fission","floor":33},{"not_picked":["Steam","Consume"],"picked":"Capacitor","floor":35},{"not_picked":["Leap","Gash+1"],"picked":"White Noise+1","floor":37}],"player_experience":895637,"relics_obtained":[{"floor":7,"key":"StrikeDummy"},{"floor":9,"key":"Meat on the Bone"},{"floor":10,"key":"Whetstone"},{"floor":24,"key":"Ornamental Fan"},{"floor":26,"key":"MealTicket"},{"floor":30,"key":"Centennial Puzzle"}],"event_choices":[{"damage_healed":0,"gold_gain":0,"player_choice":"Success","damage_taken":12,"relics_obtained":["White Beast Statue"],"max_hp_gain":0,"max_hp_loss":0,"event_name":"Scrap Ooze","floor":2,"gold_loss":0},{"damage_healed":0,"gold_gain":175,"player_choice":"AGREE","damage_taken":0,"max_hp_gain":0,"max_hp_loss":0,"event_name":"Liars Game","floor":3,"gold_loss":0,"cards_obtained":["Doubt"]},{"cards_removed":["Strike_B"],"damage_healed":0,"gold_gain":0,"player_choice":"Card Removal","damage_taken":7,"max_hp_gain":0,"max_hp_loss":0,"event_name":"Golden Wing","floor":5,"gold_loss":0},{"damage_healed":0,"gold_gain":0,"player_choice":"Read","damage_taken":0,"max_hp_gain":0,"max_hp_loss":0,"event_name":"The Library","floor":19,"gold_loss":0,"cards_obtained":["Defragment"]},{"damage_healed":0,"gold_gain":0,"player_choice":"Ignored","damage_taken":0,"max_hp_gain":0,"max_hp_loss":0,"event_name":"Vampires","floor":20,"gold_loss":0},{"damage_healed":0,"gold_gain":0,"player_choice":"Opened","damage_taken":0,"relics_obtained":["Singing Bowl"],"max_hp_gain":0,"max_hp_loss":0,"event_name":"The Mausoleum","floor":22,"gold_loss":0},{"damage_healed":0,"gold_gain":0,"player_choice":"Shed Blood","damage_taken":19,"max_hp_gain":5,"max_hp_loss":0,"event_name":"Forgotten Altar","floor":25,"gold_loss":0},{"damage_healed":0,"gold_gain":0,"player_choice":"Fight","damage_taken":0,"max_hp_gain":0,"max_hp_loss":0,"event_name":"Mysterious Sphere","floor":38,"gold_loss":0}],"is_beta":false,"boss_relics":[{"not_picked":["SlaversCollar","Velvet Choker"],"picked":"Empty Cage"},{"not_picked":["Tiny House","Runic Pyramid"],"picked":"SacredBark"}],"items_purged_floors":[4,12,21,36],"is_endless":false,"potions_floor_spawned":[7,8,10,11,13,14,16,18,24,29,30,31,33,35,37],"killed_by":"2 Orb Walkers","ascension_level":10}}