{"host":"dpbezu80jg8zk7un","time":1609837834,"event":{"mods":["BaseMod","Colored Map","Colored Powertips","Custom Start","DeckTracker","Minty Spire (QoL Compilation)","Quick Restart","StSLib","SuperFastMode"],"gold_per_floor":[111,111,36,51,62,62,94,94,94,129,204,231,231,269,269,346,346,366,266,293,312,187,216,216,231,279,279,296,326,344,354,354,354,354],"floor_reached":33,"playtime":1186,"items_purged":["Strike_P","Strike_P","Defend_P"],"score":660,"play_id":"b90b3b44-8661-4458-be9c-5aef776c27f6","local_time":"20210105181034","is_ascension_mode":true,"campfire_choices":[{"data":"Eruption","floor":6.0,"key":"SMITH"},{"data":"Tantrum","floor":13.0,"key":"SMITH"},{"floor":15.0,"key":"REST"},{"data":"Adaptation","floor":24.0,"key":"SMITH"},{"data":"Vault","floor":27.0,"key":"SMITH"},{"floor":32.0,"key":"RECALL"}],"circlet_count":0,"master_deck":["AscendersBane","Strike_P","Strike_P","Defend_P+1","Defend_P","Eruption+1","Vigilance+1","Tantrum+1","EmptyFist","DeusExMachina","Vault+1","Adaptation+1"],"relics":["PureWater","Eternal Feather","MealTicket","Mummified Hand","Happy Flower","VioletLotus","Red Mask","Bag of Preparation","CeramicFish"],"acts_visited":["Exordium","TheCity"],"potions_floor_usage":[33,33],"damage_taken":[{"damage":4.0,"enemies":"Jaw Worm","floor":1.0,"turns":3.0},{"damage":0.0,"enemies":"2 Louse","floor":4.0,"turns":2.0},{"damage":0.0,"enemies":"Small Slimes","floor":5.0,"turns":2.0},{"damage":0.0,"enemies":"Gremlin Nob","floor":7.0,"turns":2.0},{"damage":3.0,"enemies":"Lagavulin","floor":10.0,"turns":5.0},{"damage":16.0,"enemies":"Gremlin Nob","floor":12.0,"turns":3.0},{"damage":7.0,"enemies":"Exordium Wildlife","floor":14.0,"turns":4.0},{"damage":35.0,"enemies":"The Guardian","floor":16.0,"turns":15.0},{"damage":0.0,"enemies":"3 Byrds","floor":18.0,"turns":5.0},{"damage":9.0,"enemies":"Masked Bandits","floor":20.0,"turns":4.0},{"damage":0.0,"enemies":"Chosen","floor":21.0,"turns":3.0},{"damage":4.0,"enemies":"Book of Stabbing","floor":23.0,"turns":4.0},{"damage":15.0,"enemies":"Snake Plant","floor":25.0,"turns":6.0},{"damage":0.0,"enemies":"3 Cultists","floor":28.0,"turns":4.0},{"damage":22.0,"enemies":"Slavers","floor":29.0,"turns":4.0},{"damage":0.0,"enemies":"Snecko","floor":30.0,"turns":3.0},{"damage":0.0,"enemies":"Cultist and Chosen","floor":31.0,"turns":3.0},{"damage":81,"enemies":"Champ","floor":33,"turns":11}],"seed_played":"2286499197654975711","potions_obtained":[{"floor":1.0,"key":"DistilledChaos"},{"floor":4.0,"key":"Fire Potion"},{"floor":10.0,"key":"ColorlessPotion"},{"floor":16.0,"key":"Swift Potion"},{"floor":18.0,"key":"SpeedPotion"},{"floor":20.0,"key":"PowerPotion"},{"floor":23.0,"key":"Dexterity Potion"},{"floor":30.0,"key":"SteroidPotion"}],"is_trial":false,"path_per_floor":["M","?","$","M","M","R","E","?","T","E","?","E","R","M","R","B",null,"M","$","?","M","$","E","R","M","T","R","M","E","M","M","R","B"],"character_chosen":"WATCHER","items_purchased":[],"campfire_rested":1,"item_purchase_floors":[],"current_hp_per_floor":[57,62,62,62,62,62,62,40,40,37,26,10,16,9,36,1,55,55,70,61,61,73,69,73,58,58,64,64,42,42,42,48,0,0],"gold":354,"neow_bonus":"REMOVE_CARD","is_daily":false,"chose_seed":false,"campfire_upgraded":4,"win_rate":0.0,"timestamp":1609837834,"path_taken":["M","?","$","M","M","R","E","?","T","E","?","E","R","?","R","BOSS","M","$","?","M","$","E","R","M","T","R","M","E","M","M","R","BOSS"],"items_purchased_type":[],"build_version":"2020-12-22","purchased_purges":3,"victory":false,"max_hp_per_floor":[68,73,73,73,73,73,73,73,73,73,73,73,73,73,73,73,73,73,73,73,73,73,73,73,73,73,73,73,73,73,73,73,73,73],"card_choices":[{"not_picked":["ForeignInfluence","WaveOfTheHand"],"picked":"Tantrum","floor":1.0},{"not_picked":["FlurryOfBlows","EmptyBody"],"picked":"EmptyFist","floor":4.0},{"not_picked":["FlyingSleeves","Conclude","FollowUp"],"picked":"SKIP","floor":5.0},{"not_picked":["Protect","FlyingSleeves","SandsOfTime"],"picked":"SKIP","floor":7.0},{"not_picked":["Collect","Pray","BowlingBash"],"picked":"SKIP","floor":10.0},{"not_picked":["SandsOfTime","Meditate"],"picked":"DeusExMachina","floor":12.0},{"not_picked":["BattleHymn","ClearTheMind","PathToVictory"],"picked":"SKIP","floor":14.0},{"not_picked":["MasterReality","DeusExMachina"],"picked":"Vault","floor":16.0},{"not_picked":["Halt","Indignation","Evaluate"],"picked":"SKIP","floor":18.0},{"not_picked":["SashWhip","ClearTheMind","PathToVictory"],"picked":"SKIP","floor":21.0},{"not_picked":["ForeignInfluence+1","BattleHymn"],"picked":"Adaptation","floor":23.0},{"not_picked":["Swivel","BattleHymn","Evaluate+1"],"picked":"SKIP","floor":25.0},{"not_picked":["Nirvana","BowlingBash","CrushJoints"],"picked":"SKIP","floor":28.0},{"not_picked":["Halt","Prostrate","SignatureMove"],"picked":"SKIP","floor":29.0},{"not_picked":["Collect","Swivel","Crescendo"],"picked":"SKIP","floor":30.0},{"not_picked":["Collect","Swivel","Crescendo"],"picked":"SKIP","floor":30.0},{"not_picked":["Judgement","Protect","Halt"],"picked":"SKIP","floor":31.0}],"player_experience":2835830,"relics_obtained":[{"floor":7.0,"key":"Eternal Feather"},{"floor":9.0,"key":"MealTicket"},{"floor":10.0,"key":"Mummified Hand"},{"floor":12.0,"key":"Happy Flower"},{"floor":20.0,"key":"Red Mask"},{"floor":23.0,"key":"Bag of Preparation"},{"floor":29.0,"key":"CeramicFish"}],"event_choices":[{"damage_healed":0.0,"max_hp_gain":5.0,"max_hp_loss":0.0,"gold_gain":0.0,"event_name":"Big Fish","player_choice":"Donut","floor":2.0,"gold_loss":0.0,"damage_taken":0.0},{"damage_healed":0.0,"max_hp_gain":0.0,"max_hp_loss":0.0,"gold_gain":0.0,"event_name":"Shining Light","player_choice":"Entered Light","floor":8.0,"gold_loss":0.0,"damage_taken":22.0,"cards_upgraded":["Defend_P","Vigilance"]},{"damage_healed":0.0,"max_hp_gain":0.0,"max_hp_loss":0.0,"gold_gain":75.0,"event_name":"World of Goop","player_choice":"Gather Gold","floor":11.0,"gold_loss":0.0,"damage_taken":11.0},{"damage_healed":0.0,"max_hp_gain":0.0,"max_hp_loss":0.0,"gold_gain":0.0,"event_name":"Masked Bandits","player_choice":"Fought Bandits","floor":20.0,"gold_loss":0.0,"damage_taken":0.0}],"is_beta":false,"boss_relics":[{"not_picked":["Ectoplasm","HolyWater"],"picked":"VioletLotus"}],"items_purged_floors":[3,19,22],"is_endless":false,"potions_floor_spawned":[1,4,10,16,18,20,23,28,30],"killed_by":"Champ","ascension_level":20}}