{"host":"fjaupvxe7fzqrf4j","time":1609836113,"event":{"mods":["ATMod(°¢èªMod)","BaseMod","Minty Spire (QoL Compilation)","StSLib"],"gold_per_floor":[117,42,42,62,62,396,396,526,552,881,1011,1011,1344,1478,1478,1651,1651,1667,1680,1708,1067,489,619,752,882,908,1041,1041,1169,1304,971,971,1148,1148,1168,1168,1168,949,949,1375,1375,1507,1507,1637,1637,1763,1763,1894,1894,2294,2494,2494,2494,1765,2050,2175],"floor_reached":57,"playtime":1298,"items_purged":["Decay","Quick Slash","AT_WindFlip","Dagger Throw+1"],"score":4675,"play_id":"17a883b4-63e5-4b96-91ca-d530608fe72c","local_time":"20210105164153","daily_mods":["SealedDeck","Heirloom","Time Dilation","Flight","Elite Swarm"],"is_ascension_mode":true,"campfire_choices":[{"data":"Reflex","floor":7.0,"key":"SMITH"},{"data":"Adrenaline","floor":15.0,"key":"SMITH"},{"data":"AT_ShadowStep","floor":28.0,"key":"SMITH"},{"data":"AT_KingSlayer","floor":32.0,"key":"SMITH"},{"data":"AT_Desolate","floor":41.0,"key":"SMITH"},{"data":"Panacea","floor":45.0,"key":"SMITH"},{"floor":49.0,"key":"RECALL"},{"data":"Backflip","floor":53.0,"key":"SMITH"}],"circlet_count":0,"master_deck":["AscendersBane","Prepared","Tactician+1","Concentrate+1","Reflex+1","Acrobatics+1","Backflip+1","Eviscerate+1","After Image","Adrenaline+1","AT_Desolate+1","AT_KingSlayer+1","AT_ShadowStep+1","Panacea+1"],"relics":["Ring of the Snake","AT_ATBox","AT_TheCollector","AT_SunfireAegis","Tiny Chest","Whetstone","War Paint","AT_ForceNature","Bronze Scales","AT_RabadonDeathcap","Black Star","Red Mask","TungstenRod","Omamori","Pear","Mercury Hourglass","Kunai","Question Card","Matryoshka","AT_GuinsooRageblade","Akabeko","Vajra","Happy Flower","Girya","MealTicket","Ginger","Bird Faced Urn","AT_BellDemon","Smiling Mask","Singing Bowl","Prayer Wheel","Philosopher\u0027s Stone","StoneCalendar","Juzu Bracelet","AT_BellowingDragoncrestRing","Strawberry","Old Coin","White Beast Statue","Toy Ornithopter","Unceasing Top","AT_DeathDance","Mummified Hand","Pantograph","Mango","FossilizedHelix","Paper Crane","Orichalcum","Nunchaku","Art of War","AT_ImmortalShieldbow","AT_MibuBalloonWealth","Incense Burner","Frozen Eye","Thread and Needle","Ice Cream","Gambling Chip"],"acts_visited":["Exordium","TheCity","TheBeyond","TheEnding"],"potions_floor_usage":[56,56],"damage_taken":[{"damage":0.0,"enemies":"2 Louse","floor":1.0,"turns":1.0},{"damage":0.0,"enemies":"Small Slimes","floor":4.0,"turns":1.0},{"damage":5.0,"enemies":"3 Sentries","floor":6.0,"turns":2.0},{"damage":0.0,"enemies":"Gremlin Nob","floor":8.0,"turns":1.0},{"damage":0.0,"enemies":"3 Sentries","floor":10.0,"turns":1.0},{"damage":0.0,"enemies":"Gremlin Nob","floor":11.0,"turns":1.0},{"damage":0.0,"enemies":"3 Sentries","floor":13.0,"turns":1.0},{"damage":0.0,"enemies":"Gremlin Nob","floor":14.0,"turns":1.0},{"damage":0.0,"enemies":"The Guardian","floor":16.0,"turns":1.0},{"damage":0.0,"enemies":"3 Byrds","floor":18.0,"turns":1.0},{"damage":0.0,"enemies":"Shell Parasite","floor":19.0,"turns":1.0},{"damage":0.0,"enemies":"Masked Bandits","floor":20.0,"turns":1.0},{"damage":0.0,"enemies":"Gremlin Leader","floor":23.0,"turns":1.0},{"damage":0.0,"enemies":"Book of Stabbing","floor":24.0,"turns":1.0},{"damage":0.0,"enemies":"Gremlin Leader","floor":25.0,"turns":1.0},{"damage":0.0,"enemies":"Slavers","floor":27.0,"turns":1.0},{"damage":0.0,"enemies":"Book of Stabbing","floor":29.0,"turns":1.0},{"damage":0.0,"enemies":"Slavers","floor":30.0,"turns":1.0},{"damage":0.0,"enemies":"Automaton","floor":33.0,"turns":1.0},{"damage":0.0,"enemies":"Orb Walker","floor":35.0,"turns":1.0},{"damage":0.0,"enemies":"Giant Head","floor":40.0,"turns":1.0},{"damage":0.0,"enemies":"Reptomancer","floor":42.0,"turns":1.0},{"damage":0.0,"enemies":"Nemesis","floor":44.0,"turns":1.0},{"damage":0.0,"enemies":"Reptomancer","floor":46.0,"turns":1.0},{"damage":0.0,"enemies":"Giant Head","floor":48.0,"turns":1.0},{"damage":0.0,"enemies":"Awakened One","floor":50.0,"turns":2.0},{"damage":0.0,"enemies":"Donu and Deca","floor":51.0,"turns":1.0},{"damage":0.0,"enemies":"Shield and Spear","floor":55.0,"turns":1.0},{"damage":0,"enemies":"The Heart","floor":56,"turns":4}],"seed_played":"9185704316463010743","potions_obtained":[{"floor":6.0,"key":"Explosive Potion"},{"floor":11.0,"key":"Weak Potion"},{"floor":29.0,"key":"SkillPotion"},{"floor":39.0,"key":"Fruit Juice"},{"floor":39.0,"key":"Fire Potion"}],"is_trial":true,"path_per_floor":["M","?","?","M","$","E","R","E","T","E","E","?","E","E","R","B",null,"M","M","?","$","$","E","E","E","T","E","R","E","E","$","R","B",null,"M","?","T","$","?","E","R","E","T","E","R","E","?","E","R","B","B",null,"R","$","E","B",null],"character_chosen":"THE_SILENT","items_purchased":["AT_Desolate","TungstenRod","AT_KingSlayer","Omamori","Pear","AT_ShadowStep","Singing Bowl","Strawberry","AT_MibuBalloonWealth","Incense Burner","Frozen Eye","DuplicationPotion"],"campfire_rested":0,"item_purchase_floors":[21,21,21,22,22,22,31,38,54,54,54,54],"current_hp_per_floor":[59,59,59,59,59,54,54,54,54,54,54,54,54,54,54,54,63,63,63,63,63,73,73,73,73,73,73,73,73,76,76,76,78,78,82,82,82,93,98,100,100,102,102,118,118,120,114,116,116,116,116,116,116,116,118,118],"gold":2175,"neow_bonus":"","is_daily":false,"chose_seed":false,"campfire_upgraded":7,"win_rate":0.0,"timestamp":1609836113,"path_taken":["M","?","?","?","$","E","R","E","T","E","E","?","E","E","R","BOSS","M","M","?","$","$","E","E","E","T","E","R","E","E","$","R","BOSS","M","?","?","$","?","E","R","E","T","E","R","E","?","E","R","BOSS","BOSS","R","$","E","BOSS"],"items_purchased_type":["Card","Relic","Card","Relic","Relic","Card","Relic","Relic","Relic","Relic","Relic","Potion"],"build_version":"2020-12-22","purchased_purges":4,"victory":true,"max_hp_per_floor":[66,66,66,66,66,66,66,66,66,66,66,66,66,66,66,66,66,66,66,66,66,76,76,76,76,76,76,76,76,76,76,76,78,78,82,86,86,93,98,100,100,102,102,118,118,120,114,116,116,116,116,116,116,116,118,118],"card_choices":[{"not_picked":["Poisoned Stab","Acrobatics"],"picked":"Eviscerate","floor":1.0},{"not_picked":["Quick Slash","Blade Dance","Caltrops"],"picked":"SKIP","floor":4.0},{"not_picked":["AT_MyraUnstableElement","Corpse Explosion","Envenom"],"picked":"SKIP","floor":6.0},{"not_picked":["AT_EssenceShift","Tools of the Trade","Night Terror"],"picked":"SKIP","floor":8.0},{"not_picked":["Die Die Die","Unload","Wraith Form v2"],"picked":"SKIP","floor":10.0},{"not_picked":["Tools of the Trade","Storm of Steel","Malaise"],"picked":"SKIP","floor":11.0},{"not_picked":["Phantasmal Killer","AT_EssenceShift"],"picked":"After Image","floor":13.0},{"not_picked":["Burst","After Image"],"picked":"Adrenaline","floor":14.0},{"not_picked":["Backflip","Outmaneuver","Flying Knee"],"picked":"SKIP","floor":18.0},{"not_picked":["Concentrate","Acrobatics","Slice"],"picked":"SKIP","floor":19.0},{"not_picked":["After Image","Unload","Venomology"],"picked":"SKIP","floor":23.0},{"not_picked":["Die Die Die","AT_EssenceShift","Phantasmal Killer"],"picked":"SKIP","floor":24.0},{"not_picked":["Storm of Steel","AT_EssenceShift","Night Terror","Die Die Die"],"picked":"SKIP","floor":25.0},{"not_picked":["Adrenaline","Corpse Explosion","Bullet Time","Unload"],"picked":"SKIP","floor":27.0},{"not_picked":["Adrenaline","Bullet Time","Corpse Explosion","AT_KingSlayer"],"picked":"SKIP","floor":29.0},{"not_picked":["AT_EssenceShift","Glass Knife","Burst","Storm of Steel"],"picked":"SKIP","floor":30.0},{"not_picked":["Wraith Form v2","Grand Finale","AT_EssenceShift","Unload"],"picked":"Singing Bowl","floor":33.0},{"not_picked":["Finisher","Flying Knee","Deflect","Infinite Blades+1"],"picked":"Singing Bowl","floor":35.0},{"not_picked":["Deadly Poison","Dagger Throw+1","Slice","AT_KneejerkReflex"],"picked":"Singing Bowl","floor":35.0},{"not_picked":["Dark Shackles","Master of Strategy","HandOfGreed","The Bomb"],"picked":"Singing Bowl","floor":36.0},{"not_picked":["Mayhem","Flash of Steel","Dark Shackles","Impatience"],"picked":"Singing Bowl","floor":36.0},{"not_picked":["Enlightenment","AT_Homeward","Finesse"],"picked":"Panacea","floor":36.0},{"not_picked":["Corpse Explosion","AT_KingSlayer","AT_EssenceShift","Wraith Form v2"],"picked":"Singing Bowl","floor":40.0},{"not_picked":["Tools of the Trade","Wraith Form v2","AT_MyraUnstableElement","Unload"],"picked":"Singing Bowl","floor":42.0},{"not_picked":["Corpse Explosion","Glass Knife","Burst","Venomology"],"picked":"Singing Bowl","floor":44.0},{"not_picked":["AT_MyraUnstableElement","Tools of the Trade","Malaise","Envenom"],"picked":"Singing Bowl","floor":46.0},{"not_picked":["Grand Finale","Night Terror","Unload","A Thousand Cuts"],"picked":"Singing Bowl","floor":48.0},{"not_picked":["AT_EssenceShift","Glass Knife","AT_MyraUnstableElement","AT_KingSlayer"],"picked":"Singing Bowl","floor":55.0}],"player_experience":346045,"relics_obtained":[{"floor":6.0,"key":"AT_SunfireAegis"},{"floor":8.0,"key":"Tiny Chest"},{"floor":9.0,"key":"Whetstone"},{"floor":10.0,"key":"War Paint"},{"floor":11.0,"key":"AT_ForceNature"},{"floor":13.0,"key":"Bronze Scales"},{"floor":14.0,"key":"AT_RabadonDeathcap"},{"floor":20.0,"key":"Red Mask"},{"floor":23.0,"key":"Mercury Hourglass"},{"floor":23.0,"key":"Kunai"},{"floor":24.0,"key":"Question Card"},{"floor":24.0,"key":"Matryoshka"},{"floor":25.0,"key":"AT_GuinsooRageblade"},{"floor":25.0,"key":"Akabeko"},{"floor":26.0,"key":"Vajra"},{"floor":26.0,"key":"Happy Flower"},{"floor":27.0,"key":"Girya"},{"floor":27.0,"key":"MealTicket"},{"floor":29.0,"key":"Ginger"},{"floor":29.0,"key":"Bird Faced Urn"},{"floor":30.0,"key":"AT_BellDemon"},{"floor":30.0,"key":"Smiling Mask"},{"floor":33.0,"key":"Prayer Wheel"},{"floor":35.0,"key":"StoneCalendar"},{"floor":37.0,"key":"Juzu Bracelet"},{"floor":37.0,"key":"AT_BellowingDragoncrestRing"},{"floor":40.0,"key":"Old Coin"},{"floor":40.0,"key":"White Beast Statue"},{"floor":42.0,"key":"Toy Ornithopter"},{"floor":42.0,"key":"Unceasing Top"},{"floor":42.0,"key":"AT_DeathDance"},{"floor":44.0,"key":"Mummified Hand"},{"floor":44.0,"key":"Pantograph"},{"floor":44.0,"key":"Mango"},{"floor":46.0,"key":"FossilizedHelix"},{"floor":46.0,"key":"Paper Crane"},{"floor":46.0,"key":"Orichalcum"},{"floor":48.0,"key":"Nunchaku"},{"floor":48.0,"key":"Art of War"},{"floor":48.0,"key":"AT_ImmortalShieldbow"},{"floor":55.0,"key":"Thread and Needle"},{"floor":55.0,"key":"Ice Cream"},{"floor":55.0,"key":"Gambling Chip"}],"event_choices":[{"cards_removed":["Underhanded Strike"],"damage_healed":0.0,"max_hp_gain":0.0,"max_hp_loss":0.0,"gold_gain":0.0,"event_name":"The Cleric","player_choice":"Card Removal","floor":2.0,"gold_loss":75.0,"damage_taken":0.0},{"damage_healed":0.0,"max_hp_gain":0.0,"max_hp_loss":0.0,"gold_gain":0.0,"event_name":"Wheel of Change","player_choice":"Cursed","floor":3.0,"gold_loss":0.0,"damage_taken":0.0,"cards_obtained":["Decay"]},{"damage_healed":0.0,"max_hp_gain":0.0,"max_hp_loss":0.0,"gold_gain":0.0,"event_name":"Living Wall","player_choice":"Grow","floor":12.0,"gold_loss":0.0,"damage_taken":0.0,"cards_upgraded":["Acrobatics"]},{"damage_healed":0.0,"max_hp_gain":0.0,"max_hp_loss":0.0,"gold_gain":0.0,"event_name":"Masked Bandits","player_choice":"Fought Bandits","floor":20.0,"gold_loss":0.0,"damage_taken":0.0},{"damage_healed":0.0,"max_hp_gain":0.0,"max_hp_loss":0.0,"gold_gain":0.0,"event_name":"SensoryStone","player_choice":"Memory 3","floor":36.0,"gold_loss":0.0,"damage_taken":10.0},{"damage_healed":0.0,"max_hp_gain":0.0,"max_hp_loss":0.0,"gold_gain":0.0,"event_name":"Lab","player_choice":"Got Potions","floor":39.0,"gold_loss":0.0,"damage_taken":0.0},{"damage_healed":0.0,"max_hp_gain":0.0,"max_hp_loss":6.0,"gold_gain":0.0,"event_name":"Winding Halls","player_choice":"Max HP","floor":47.0,"gold_loss":0.0,"damage_taken":0.0}],"is_beta":false,"boss_relics":[{"not_picked":["Coffee Dripper","Runic Dome"],"picked":"Black Star"},{"not_picked":["Cursed Key","Velvet Choker"],"picked":"Philosopher\u0027s Stone"}],"items_purged_floors":[21,22,31,38],"is_endless":false,"potions_floor_spawned":[6,11,14,16,20,23,25,29,33],"ascension_level":20}}