{"host":"y2kfqdipa4rrljwb","time":1609851066,"event":{"mods":["AchievementEnabler","Act Like it!","BaseMod","Downfall","Friendly Minions","GungeonMod","Infinite Spire","Minty Spire (QoL Compilation)","Relic Stats","Replay The Spire","StSLib","vexMod","¡¾ÒÅÎï¿¨ÅÆ¡¿REMEMod"],"gold_per_floor":[113,129,129,144,168,198,8,8,59,79,92,92,92],"floor_reached":12,"playtime":2189,"items_purged":["DemoMod:Strike_Huntress"],"score":80,"play_id":"696aed6c-40d2-497d-b685-7ad008a0af5c","local_time":"20210105205106","is_ascension_mode":false,"campfire_choices":[{"data":"DemoMod:ChanceBullets","floor":8,"key":"SMITH"}],"circlet_count":0,"master_deck":["DemoMod:Strike_Huntress","DemoMod:Strike_Huntress","DemoMod:Defend_Huntress","DemoMod:Defend_Huntress","DemoMod:Defend_Huntress","DemoMod:Defend_Huntress","DemoMod:Roll","DemoMod:ManualReload","DemoMod:RustySidearm","DemoMod:CrossBow","REME_CRH","DemoMod:HighKaliber","DemoMod:ChanceBullets+1","DemoMod:HardPowerCard","DemoMod:FeignSurrender","DemoMod:ZorGun","DemoMod:TripleGun"],"relics":["DemoMod:Dog","REME_ComplimentaryCards","infinitespire:Beetle Shell","Pen Nib","Replay:Baseball","DemoMod:GnawedKey","Orichalcum","DemoMod:GlassGuonStoneRelic","Mercury Hourglass"],"acts_visited":["Exordium"],"potions_floor_usage":[],"damage_taken":[{"damage":3,"enemies":"Jaw Worm","floor":1,"turns":5},{"damage":0,"enemies":"Cultist","floor":2,"turns":2},{"damage":3,"enemies":"2 Louse","floor":4,"turns":3},{"damage":54,"enemies":"Gremlin Nob","floor":6,"turns":5},{"damage":7,"enemies":"Blue Slaver","floor":10,"turns":2},{"damage":0,"enemies":"Gremlin Gang","floor":11,"turns":3},{"damage":11,"enemies":"3 Sentries","floor":12,"turns":2}],"seed_played":"3993177865971080891","potions_obtained":[{"floor":1,"key":"Ancient Potion"},{"floor":4,"key":"Elixir"},{"floor":10,"key":"Strength Potion"}],"is_trial":false,"path_per_floor":["M","M","?","M","T","E","$","R","T","M","M","E"],"character_chosen":"HUNTRESS","items_purchased":["DemoMod:GnawedKey"],"campfire_rested":0,"item_purchase_floors":[7],"current_hp_per_floor":[74,74,71,68,68,14,14,14,14,7,7,0,0],"gold":92,"neow_bonus":"TEN_PERCENT_HP_BONUS","is_daily":false,"chose_seed":false,"campfire_upgraded":1,"win_rate":0.0,"timestamp":1609851066,"path_taken":["M","M","?","M","?","E","$","R","T","M","M","E"],"items_purchased_type":["Relic"],"build_version":"2020-12-22","purchased_purges":1,"victory":false,"max_hp_per_floor":[77,77,77,77,77,77,77,77,77,77,77,77,77],"relic_stats":{"counters":[7,22],"Pen Nib":[2],"Orichalcum":[0],"obtain_stats":[{"Replay:Baseball":6,"DemoMod:Dog":0,"DemoMod:GlassGuonStoneRelic":1,"infinitespire:Beetle Shell":3,"Pen Nib":5,"DemoMod:GnawedKey":7,"Orichalcum":9,"REME_ComplimentaryCards":0,"Mercury Hourglass":11},{"Replay:Baseball":4,"DemoMod:Dog":0,"DemoMod:GlassGuonStoneRelic":1,"infinitespire:Beetle Shell":2,"Pen Nib":3,"DemoMod:GnawedKey":4,"Orichalcum":4,"REME_ComplimentaryCards":0,"Mercury Hourglass":6},{"Replay:Baseball":15,"DemoMod:Dog":0,"DemoMod:GlassGuonStoneRelic":5,"infinitespire:Beetle Shell":7,"Pen Nib":10,"DemoMod:GnawedKey":15,"Orichalcum":15,"REME_ComplimentaryCards":0,"Mercury Hourglass":20}],"Mercury Hourglass":[18]},"card_choices":[{"not_picked":["DemoMod:GunstockTap","DemoMod:TableSutra"],"picked":"DemoMod:HighKaliber","floor":1},{"not_picked":["DemoMod:DoubleSwitch","DemoMod:CursedBullets"],"picked":"DemoMod:ChanceBullets","floor":2},{"not_picked":["DemoMod:Ejector","DemoMod:LifeOrb"],"picked":"DemoMod:HardPowerCard","floor":4},{"not_picked":["DemoMod:AbyssalTentacle","DemoMod:GunstockTap"],"picked":"DemoMod:FeignSurrender","floor":6},{"not_picked":["DemoMod:DoubleSwitch","DemoMod:GunstockTap"],"picked":"DemoMod:ZorGun","floor":10},{"not_picked":["DemoMod:ProbeStrike","DemoMod:MegaHand"],"picked":"DemoMod:TripleGun","floor":11}],"player_experience":214396,"relics_obtained":[{"floor":5,"key":"Pen Nib"},{"floor":6,"key":"Replay:Baseball"},{"floor":9,"key":"Orichalcum"},{"floor":11,"key":"Mercury Hourglass"}],"event_choices":[{"damage_healed":0,"gold_gain":0,"player_choice":"Success","damage_taken":3,"relics_obtained":["infinitespire:Beetle Shell"],"max_hp_gain":0,"max_hp_loss":0,"event_name":"Scrap Ooze","floor":3,"gold_loss":0}],"is_beta":false,"boss_relics":[],"items_purged_floors":[7],"is_endless":false,"potions_floor_spawned":[1,4,10],"killed_by":"3 Sentries","ascension_level":0}}