{"host":"p4yrwepmrl4g8pul","time":1609843003,"event":{"mods":["Act Like it!","BaseMod","BetterRewards","Colored Map","Custom Start","Gensokyo","Marisa£®ÏF”Í°°ƒß¿Ì…≥£©","Minty Spire (QoL Compilation)","Quick Restart","Rare Cards Sparkle","Reimu£®≤©¿ˆ¡È√Œ£©","Remilia£®¿Ÿ√◊¿Ú—«£©","Remove Card Discount Mod","Shop Mod","StSLib","The Jungle"],"gold_per_floor":[113,113,125,84,96,96,106,138,138,138,165,165,53,68,68,147,147,167,167,167,167,183,218,157,192,192,226,226,236,261,279,279,350,350,368,278,276,306,306,306,331,331,331,362,14,49,49,66,66,66,66],"floor_reached":52,"playtime":1487,"items_purged":["Pain","Strike_RM","Strike_RM","Defend_RM","Defend_RM","Defend_RM","Strike_RM","Defend_RM","Pain","Strike_RM","RedMoon+1","Pain","Shame","ScarletShoot+1","BloodHunter","Clumsy"],"score":2484,"play_id":"d250f8ad-abac-4b85-8c6e-a5a835b04d48","local_time":"20210105183643","daily_mods":["Cursed Run","Time Dilation","DeadlyEvents"],"is_ascension_mode":true,"campfire_choices":[{"data":"RedMoon","floor":6.0,"key":"SMITH"},{"data":"UnstableMagic","floor":10.0,"key":"SMITH"},{"data":"UnstableMagic","floor":12.0,"key":"SMITH"},{"data":"BombardNight","floor":15.0,"key":"SMITH"},{"floor":32.0,"key":"REST"},{"data":"BloodHunter","floor":40,"key":"SMITH"},{"floor":47,"key":"REST"},{"floor":49,"key":"REST"}],"circlet_count":0,"master_deck":["AscendersBane","UnstableMagic+1","UnstableMagic+1","BombardNight+1","ForecastOfChange+1","StarOfDavid+1","Finesse+1","QueenOfMidnight+1","Gensokyo:CustomPotion","BloodHunter+1","Gensokyo:ImpossibleRequest","Clumsy"],"relics":["Cursed Key","Darkstone Periapt","Du-Vu Doll","Gensokyo:LunaticRedEyes","Molten Egg 2","Gungnir","Incense Burner","Sozu","Gensokyo:SongOfSouls","Prayer Wheel","Letter Opener","FossilizedHelix","Centennial Puzzle","Kunai","ScarletDevilRocket","Empty Cage","War Paint","The Courier","Bird Faced Urn","HandDrill","RedBat","Peace Pipe"],"acts_visited":["Gensokyo:Gensokyo","Gensokyo:Gensokyoer","Gensokyo:Gensokyoest"],"potions_floor_usage":[],"damage_taken":[{"damage":11.0,"enemies":"Gensokyo:2_Kodama","floor":1.0,"turns":3.0},{"damage":10.0,"enemies":"Gensokyo:3_Fairies","floor":3.0,"turns":5.0},{"damage":0.0,"enemies":"Gensokyo:Gryphon","floor":5.0,"turns":3.0},{"damage":0.0,"enemies":"Gensokyo:5_Fairies","floor":7.0,"turns":4.0},{"damage":2.0,"enemies":"Gensokyo:Aya","floor":8.0,"turns":7.0},{"damage":13.0,"enemies":"Gensokyo:Mamizou","floor":11.0,"turns":6.0},{"damage":0.0,"enemies":"Gensokyo:3_Kodama","floor":14.0,"turns":2.0},{"damage":1.0,"enemies":"Gensokyo:Reimu","floor":16.0,"turns":3.0},{"damage":1.0,"enemies":"Gensokyo:CosmicMonolith","floor":18.0,"turns":1.0},{"damage":37.0,"enemies":"Gensokyo:AngelMirror","floor":22.0,"turns":2.0},{"damage":20.0,"enemies":"Gensokyo:Koishi","floor":23.0,"turns":4.0},{"damage":0.0,"enemies":"Gensokyo:Tenshi","floor":25.0,"turns":1.0},{"damage":0.0,"enemies":"Gensokyo:Reisen","floor":27.0,"turns":2.0},{"damage":0.0,"enemies":"Gensokyo:Slime_Group","floor":29.0,"turns":2.0},{"damage":0.0,"enemies":"Gensokyo:Tenshi","floor":30.0,"turns":1.0},{"damage":0.0,"enemies":"Gensokyo:Chomper_and_Gloop","floor":31.0,"turns":3.0},{"damage":12.0,"enemies":"Gensokyo:Eiki","floor":33.0,"turns":5.0},{"damage":0.0,"enemies":"Gensokyo:AncientGuardian","floor":35.0,"turns":2.0},{"damage":0.0,"enemies":"Gensokyo:Doremy","floor":38.0,"turns":5.0},{"damage":0,"enemies":"Gensokyo:Kasen","floor":41,"turns":3},{"damage":0,"enemies":"Gensokyo:Doremy","floor":44,"turns":4},{"damage":0,"enemies":"Gensokyo:Kasen","floor":46,"turns":3},{"damage":0,"enemies":"Gensokyo:3_Boulders","floor":48,"turns":2},{"damage":0,"enemies":"Gensokyo:Yuyuko","floor":50,"turns":5},{"damage":0,"enemies":"Gensokyo:Scarlet_Devils","floor":51,"turns":4}],"seed_played":"253242206897609463","potions_obtained":[{"floor":3.0,"key":"EntropicBrew"},{"floor":5.0,"key":"Dexterity Potion"},{"floor":11.0,"key":"LiquidMemories"}],"is_trial":true,"path_per_floor":["M","?","M","$","M","R","M","E","T","R","E","R","$","M","R","B",null,"M","?","?","?","M","E","$","E","T","E","T","M","E","M","R","B",null,"M","?","$","E","T","R","E","?","T","E","$","E","R","M","R","B","B",null],"character_chosen":"REMILIA","items_purchased":["BombardNight","Finesse","NightDance+1","HandDrill","RedBat"],"campfire_rested":3,"item_purchase_floors":[4,13,24,45,45],"current_hp_per_floor":[54,60,50,50,51,51,54,54,60,60,69,69,69,69,69,81,86,86,86,92,92,57,50,50,56,62,64,70,70,75,78,106,105,110,112,112,112,112,112,112,112,112,112,112,112,112,112,112,112,118,124],"gold":66,"neow_bonus":"","is_daily":false,"chose_seed":false,"campfire_upgraded":5,"win_rate":0.0,"timestamp":1609843003,"path_taken":["M","?","M","$","M","R","M","?","T","R","E","R","$","M","R","BOSS","M","?","?","?","?","E","$","?","T","E","?","M","E","M","R","BOSS","M","?","$","?","?","R","E","?","T","E","$","?","R","?","R","BOSS","BOSS"],"items_purchased_type":["Card","Card","Card","Relic","Relic"],"build_version":"2020-12-22","purchased_purges":16,"victory":true,"max_hp_per_floor":[70,76,76,76,76,76,76,76,82,82,82,82,82,82,82,88,88,88,88,94,94,94,94,94,94,100,100,106,106,106,106,106,112,112,112,112,112,112,112,112,112,112,112,112,112,112,112,112,112,118,124],"card_choices":[{"not_picked":["EndlessAdversity","Maim"],"picked":"UnstableMagic","floor":1.0},{"not_picked":["FavorOfDestiny","VampireFantasy"],"picked":"UnstableMagic","floor":3.0},{"not_picked":["BloodyMagicSquare","CharismaGuard","TricksterDevil"],"picked":"SKIP","floor":5.0},{"not_picked":["ReincarnationDial","ScarletImprint","EndlessAdversity"],"picked":"SKIP","floor":7.0},{"not_picked":["UnstableMagic","BombardNight+1"],"picked":"ForecastOfChange+1","floor":8.0},{"not_picked":["TwelveNightmare","UnderTheZenith"],"picked":"StarOfDavid+1","floor":11.0},{"not_picked":["ChainGang+1","ScarletGensokyo","FavorOfDestiny"],"picked":"SKIP","floor":14.0},{"not_picked":["ForecastOfChange+1","BatForm"],"picked":"QueenOfMidnight","floor":16.0},{"not_picked":["Septette","BloodAndWine"],"picked":"BloodHunter","floor":18.0},{"not_picked":["RedMagic","ScarletGensokyo","BloodHunter"],"picked":"SKIP","floor":22.0},{"not_picked":["NightLord+1","ReincarnationDial","BloodHunter"],"picked":"SKIP","floor":23.0},{"not_picked":["StarOfDavid+1","BombardNight+1","DiffusionOfMisfortune+1"],"picked":"SKIP","floor":25.0},{"not_picked":["BloodyMagicSquare","GlobalNightmare","ScarletMeister"],"picked":"SKIP","floor":27.0},{"not_picked":["MastersStateliness","VampireKiss+1","ScarletImprint+1"],"picked":"SKIP","floor":29.0},{"not_picked":["HunterOfTheNight+1","ScarletGensokyo","FitfulNightmare"],"picked":"SKIP","floor":29.0},{"not_picked":["GlobalNightmare","UnderTheZenith","ScarletImprint+1"],"picked":"SKIP","floor":30.0},{"not_picked":["GlobalNightmare","ForbiddenFruit","MillenniumVampire"],"picked":"SKIP","floor":31.0},{"not_picked":["RedRainbow+1","ScarletImprint+1","BombardNight+1"],"picked":"SKIP","floor":31.0},{"not_picked":["VampireKiss+1","LeisurelyOfLord+1","NightDance+1"],"picked":"SKIP","floor":35.0},{"not_picked":["VampireKiss+1","Ultimatum+1","EndlessAdversity+1"],"picked":"SKIP","floor":35.0},{"not_picked":["MastersStateliness","NightLord+1"],"picked":"BloodHunter","floor":38.0},{"not_picked":["BloodyTrap+1","Ultimatum+1","StarOfDavid+1"],"picked":"SKIP","floor":41},{"not_picked":["VampireFantasy+1","CharismaGuard","HunterOfTheNight+1"],"picked":"SKIP","floor":44},{"not_picked":["BlasphemousPunishment","CharismaGuard","RedRainbow+1"],"picked":"SKIP","floor":46},{"not_picked":["CharismaGuard","GlobalNightmare","StarOfDavid+1"],"picked":"SKIP","floor":48},{"not_picked":["ScarletImprint+1","QueenOfMidnight","BombardNight+1"],"picked":"SKIP","floor":48}],"player_experience":780052,"relics_obtained":[{"floor":8.0,"key":"Molten Egg 2"},{"floor":9.0,"key":"Gungnir"},{"floor":11.0,"key":"Incense Burner"},{"floor":23.0,"key":"Prayer Wheel"},{"floor":25.0,"key":"Letter Opener"},{"floor":26.0,"key":"FossilizedHelix"},{"floor":27.0,"key":"Centennial Puzzle"},{"floor":28.0,"key":"Kunai"},{"floor":30.0,"key":"ScarletDevilRocket"},{"floor":38.0,"key":"War Paint"},{"floor":41,"key":"The Courier"},{"floor":44,"key":"Bird Faced Urn"},{"floor":46,"key":"Peace Pipe"}],"event_choices":[],"is_beta":false,"boss_relics":[{"not_picked":["Calling Bell","Snecko Eye"],"picked":"Sozu"},{"not_picked":["Pandora\u0027s Box","Runic Pyramid"],"picked":"Empty Cage"}],"items_purged_floors":[4,4,4,4,4,4,4,4,13,13,13,24,24,24,24,37],"is_endless":false,"potions_floor_spawned":[3,5,11,25,29,31,38,41,48],"ascension_level":20}}