{"host":"acczert1kscx59ut","time":1609836128,"event":{"mods":["AchievementEnabler","Act Like it!","Aspiration","Astrologer","BaseMod","Beaked The Cultist","BetterRewards","Conspire","Decade(???)","Dio Mod","Downfall","Duelist Mod","Elementarium","Gensokyo","GifTheSpireLib","Glutton Mod","Gold Saver","Gremlin Mod","GungeonMod","Hallownest","Hermit","Hero for Fun","Hubris","Infinite Spire","Jorbs\u0027s Wanderer Trilogy","Koishi","Lobotomy","LobotomyExtend","Magitek Elite","Melee Mod","Minty Spire (QoL Compilation)","Quick Restart","Replay The Spire","Robot Space Explorer","Shade Mod","Shedinja","Shop Mod","Somnambulant","Spicy Shops","StSLib","Stuff the Spire","SuperFastMode","Td1madao Mod","The Animator","The Blackbeard","The Bug Knight","The Clintock","The Construct","The Cursed","The Disciple","The Dragon Tamer","The Exalted","The Factory","The Forsaken","The Gatherer","The Hayseed","The Hierophant","The Jungle","The Kombatant","The Necromancer","The Problem Sleuth","The Runesmith","The Showman","The Valiant","The Vixen","The Wild Card","TheFirefly","thorton","vexMod"],"gold_per_floor":[2118,1239,1256,1271,1295,1312,1345,1370,1370,1370,1370,1383,1413,1431,1522,1640,1640,1667,1705,1718,1734,1734,1778,1801,1860,1884,1918,1918],"floor_reached":27,"playtime":1918,"items_purged":[],"score":282,"play_id":"7d44e023-405d-45b5-b46f-96a04db77039","local_time":"20210105034208","is_ascension_mode":false,"campfire_choices":[{"data":"blackbeard:InfiniteBarrage","floor":10,"key":"SMITH"}],"circlet_count":0,"master_deck":["blackbeard:BlackbeardStrike+1","blackbeard:BlackbeardStrike+1","blackbeard:BlackbeardStrike+1","blackbeard:BlackbeardStrike+1","blackbeard:IntimidatingStrike","blackbeard:BlackbeardDefend+1","blackbeard:BlackbeardDefend+1","blackbeard:BlackbeardDefend+1","blackbeard:BlackbeardDefend+1","blackbeard:Cutlass","blackbeard:SwordDance","blackbeard:GoldenCannonball","blackbeard:Sword","blackbeard:Scrap","LockedBlood","blackbeard:SmithingHammer","blackbeard:InfiniteBarrage+1","blackbeard:Spear","LockedMercury","blackbeard:FinalBarrage","blackbeard:Sword","blackbeard:InfiniteBarrage+1","blackbeard:Sword+1","blackbeard:CloakAndCannonball","blackbeard:GoldenCannonball","blackbeard:Bandana+1","blackbeard:CannonBarrage+1"],"relics":["blackbeard:LoadTheCannons","aspiration:Nostalgia","m_MercuryCore","LetterFromLob","Matryoshka","infinitespire:Midas Blood","Mercury Hourglass","vexMod:Dragonfruit","Orichalcum","Replay:Wax Seal","Blood Vial","Question Card","Odd Mushroom","Empty Cage","Oddly Smooth Stone","ReplayTheSpireMod:Shallot","infinitespire:Eraser","Angel_Ring"],"acts_visited":["Exordium","TheCity"],"potions_floor_usage":[7,16,19,20,21,27],"damage_taken":[{"damage":1,"enemies":"Cultist","floor":1,"turns":3},{"damage":0,"enemies":"Small Slimes","floor":3,"turns":2},{"damage":0,"enemies":"2 Louse","floor":4,"turns":1},{"damage":9,"enemies":"Lots of Slimes","floor":5,"turns":2},{"damage":0,"enemies":"3 Louse","floor":6,"turns":1},{"damage":0,"enemies":"Gremlin Nob","floor":7,"turns":2},{"damage":0,"enemies":"2 Fungi Beasts","floor":12,"turns":2},{"damage":0,"enemies":"The Mushroom Lair","floor":13,"turns":3},{"damage":0,"enemies":"Gremlin Gang","floor":14,"turns":3},{"damage":57,"enemies":"The Guardian","floor":16,"turns":9},{"damage":15,"enemies":"Shell Parasite","floor":18,"turns":5},{"damage":22,"enemies":"conspire:MimicChest","floor":19,"turns":5},{"damage":2,"enemies":"Spheric Guardian","floor":20,"turns":3},{"damage":0,"enemies":"Snecko","floor":21,"turns":4},{"damage":60,"enemies":"Slavers","floor":23,"turns":5},{"damage":15,"enemies":"Centurion and Healer","floor":24,"turns":3},{"damage":15,"enemies":"Book of Stabbing","floor":25,"turns":4},{"damage":14,"enemies":"Slavers","floor":27,"turns":4}],"seed_played":"-6319837059389486661","potions_obtained":[{"floor":4,"key":"Milkshake"},{"floor":5,"key":"Fire Potion"},{"floor":12,"key":"Fire Potion"},{"floor":14,"key":"blackbeard:OrangeJuicePotion"},{"floor":16,"key":"Venom Potion"},{"floor":18,"key":"Fire Potion"},{"floor":19,"key":"Explosive Potion"},{"floor":25,"key":"BlessingOfTheForge"}],"is_trial":false,"path_per_floor":["M","$","M","M","M","M","E","T","T","R","E","M","?","M","R","B",null,"M","?","M","M","?","E","M","E","T","E"],"character_chosen":"BLACKBEARD_CLASS","items_purchased":["blackbeard:GoldenCannonball","Matryoshka","infinitespire:Midas Blood","Mercury Hourglass","LockedMedicine"],"campfire_rested":0,"item_purchase_floors":[2,2,2,2,2],"current_hp_per_floor":[74,74,74,74,65,65,70,70,70,70,70,72,74,78,78,29,80,71,57,75,77,77,28,15,8,8,0,0],"gold":1918,"neow_bonus":"NOSTALGIA","is_daily":false,"chose_seed":false,"campfire_upgraded":1,"win_rate":0.0,"timestamp":1609836128,"path_taken":["M","$","M","M","?","M","E","?","T","R","E","M","?","M","R","BOSS","M","?","?","M","?","E","M","E","T","E"],"items_purchased_type":["Card","Relic","Relic","Relic","Card"],"build_version":"2020-12-22","purchased_purges":0,"victory":false,"max_hp_per_floor":[75,75,75,75,75,75,80,80,80,80,80,80,80,80,80,80,80,80,80,80,80,80,80,80,80,80,80,80],"card_choices":[{"not_picked":["blackbeard:Boarding","blackbeard:Sword"],"picked":"blackbeard:SwordDance","floor":1},{"not_picked":["blackbeard:Shrapnel","blackbeard:Toast"],"picked":"blackbeard:Sword","floor":3},{"not_picked":["blackbeard:GoldenDefense","Force Field"],"picked":"blackbeard:Scrap","floor":4},{"not_picked":["blackbeard:Recklessness","LockedTornado"],"picked":"LockedBlood","floor":5},{"not_picked":["LockedBlood","blackbeard:PirateHook"],"picked":"blackbeard:SmithingHammer","floor":6},{"not_picked":["blackbeard:CannonBarrage","blackbeard:SwordDance"],"picked":"blackbeard:InfiniteBarrage","floor":7},{"not_picked":["blackbeard:Sharpening","blackbeard:FieryDefense","blackbeard:TacticalRetreat"],"picked":"blackbeard:Spear","floor":12},{"not_picked":["blackbeard:Recklessness","LockedFlame","blackbeard:FieryDefense"],"picked":"blackbeard:WiseDefense","floor":13},{"not_picked":["blackbeard:GoldenDefense","blackbeard:JollyRoger","blackbeard:Sharpening"],"picked":"LockedMercury","floor":14},{"not_picked":["blackbeard:Intoxication","blackbeard:HumongousCannonball","blackbeard:CaptainsHat"],"picked":"blackbeard:FinalBarrage","floor":16},{"not_picked":["blackbeard:ArmorUp","blackbeard:DangerousBlow+1","blackbeard:BeatUp+1"],"picked":"blackbeard:Sword","floor":18},{"not_picked":["blackbeard:Sword","blackbeard:AgileStrike","blackbeard:Shrapnel"],"picked":"blackbeard:InfiniteBarrage+1","floor":19},{"not_picked":["blackbeard:JollyRoger","blackbeard:FieryDefense","blackbeard:GoldenDefense"],"picked":"blackbeard:Sword+1","floor":20},{"not_picked":["blackbeard:Shrapnel","blackbeard:BeatUp+1","blackbeard:DeadlyArsenal"],"picked":"blackbeard:CloakAndCannonball","floor":21},{"not_picked":["blackbeard:Spear","blackbeard:PirateHook","blackbeard:Dagger+1"],"picked":"blackbeard:GoldenCannonball","floor":23},{"not_picked":["blackbeard:Scrap","blackbeard:Spear","blackbeard:PiratesWill"],"picked":"blackbeard:Bandana+1","floor":24},{"not_picked":["blackbeard:PirateEarring","blackbeard:Sword+1","blackbeard:RearmingStrike"],"picked":"blackbeard:CannonBarrage+1","floor":25}],"player_experience":172270,"relics_obtained":[{"floor":1,"key":"LetterFromLob"},{"floor":7,"key":"vexMod:Dragonfruit"},{"floor":8,"key":"Orichalcum"},{"floor":8,"key":"Replay:Wax Seal"},{"floor":9,"key":"Blood Vial"},{"floor":9,"key":"Question Card"},{"floor":13,"key":"Odd Mushroom"},{"floor":19,"key":"Oddly Smooth Stone"},{"floor":23,"key":"ReplayTheSpireMod:Shallot"},{"floor":25,"key":"infinitespire:Eraser"},{"floor":26,"key":"Angel_Ring"}],"event_choices":[{"damage_healed":0,"gold_gain":0,"player_choice":"Fought Mushrooms","damage_taken":0,"max_hp_gain":0,"max_hp_loss":0,"event_name":"Mushrooms","floor":13,"gold_loss":0},{"damage_healed":0,"gold_gain":0,"player_choice":"Simplicity","damage_taken":0,"max_hp_gain":0,"max_hp_loss":0,"event_name":"Back to Basics","floor":22,"gold_loss":0,"cards_upgraded":["blackbeard:BlackbeardStrike","blackbeard:BlackbeardStrike","blackbeard:BlackbeardStrike","blackbeard:BlackbeardStrike","blackbeard:BlackbeardDefend","blackbeard:BlackbeardDefend","blackbeard:BlackbeardDefend","blackbeard:BlackbeardDefend"]}],"is_beta":false,"boss_relics":[{"not_picked":["StuffTheSpire:RunicConfusion","Busted Crown"],"picked":"Empty Cage"}],"items_purged_floors":[],"is_endless":false,"potions_floor_spawned":[4,5,12,14,16,18,19,25],"killed_by":"Slavers","ascension_level":0}}