{"host":"1a3cjta80tad0aqj","time":1609807610,"event":{"mods":["2.2 Compatiblity","AchievementEnabler","BaseMod","Colored Map","DeckTracker","KOR Keyword Fix","Keyboard Shortcuts","Minty Spire (QoL Compilation)","Permanent Neow","Quick Restart","Random Character Button","StSLib","SuperFastMode","everything is the same but u backflip on backflip"],"gold_per_floor":[144,15,15,60,60,60,150,195,195,195,240,285,330,420,420,720,720,765,302,347,327,39,129,129,174,174,264,39,39,84,129,129,429,729,774,486,486,540,585,675,675,675,709,359,404,449,494,548,548,548,548],"floor_reached":50,"playtime":4375,"items_purged":["Defend_G","Strike_B","Zap","Bash","Survivor","Pain"],"score":651,"play_id":"f3ffb769-3245-4c9a-89bd-10934274ef51","local_time":"20210105094650","daily_mods":["Chimera","Diverse","Midas"],"is_ascension_mode":false,"campfire_choices":[{"floor":6.0,"key":"REST"},{"floor":10.0,"key":"REST"},{"floor":15.0,"key":"REST"},{"floor":24.0,"key":"REST"},{"floor":32.0,"key":"REST"},{"floor":41.0,"key":"REST"},{"floor":49.0,"key":"REST"}],"circlet_count":0,"master_deck":["Eruption+1","Strike_R","Strike_G","Defend_P+1","Halt","EmptyFist","Genetic Algorithm","Prepared","Evaluate","Cleave","Rage+1","Sunder","Multi-Cast+1","Double Tap+1","Steam+1","ClearTheMind+1","Venomology+1","Beam Cell+1","Ghostly+1","Ghostly+1","Ghostly+1","Ghostly+1","Ghostly+1","Adrenaline+1","CurseOfTheBell","Reprogram+1","Footwork+1"],"relics":["Cracked Core","Happy Flower","Toxic Egg 2","Thread and Needle","Cursed Key","Membership Card","Blood Vial","Orichalcum","Singing Bowl","Toolbox","Oddly Smooth Stone","Dream Catcher","Ice Cream","Calling Bell","CeramicFish","Darkstone Periapt","Old Coin","Letter Opener","Strange Spoon","Boot","Akabeko","Regal Pillow","DataDisk","OrangePellets"],"acts_visited":["Exordium","TheCity","TheBeyond"],"potions_floor_usage":[50,50,50,50,50],"damage_taken":[{"damage":0.0,"enemies":"Cultist","floor":1.0,"turns":3.0},{"damage":0.0,"enemies":"Small Slimes","floor":4.0,"turns":2.0},{"damage":14.0,"enemies":"Gremlin Nob","floor":7.0,"turns":3.0},{"damage":3.0,"enemies":"2 Louse","floor":8.0,"turns":3.0},{"damage":10.0,"enemies":"2 Fungi Beasts","floor":11.0,"turns":3.0},{"damage":0.0,"enemies":"Blue Slaver","floor":12.0,"turns":3.0},{"damage":0.0,"enemies":"Red Slaver","floor":13.0,"turns":3.0},{"damage":0.0,"enemies":"Lagavulin","floor":14.0,"turns":3.0},{"damage":55.0,"enemies":"The Guardian","floor":16.0,"turns":8.0},{"damage":12.0,"enemies":"Spheric Guardian","floor":18.0,"turns":4.0},{"damage":9.0,"enemies":"2 Thieves","floor":20.0,"turns":4.0},{"damage":5.0,"enemies":"Slavers","floor":23.0,"turns":4.0},{"damage":0.0,"enemies":"Snecko","floor":25.0,"turns":3.0},{"damage":22.0,"enemies":"Book of Stabbing","floor":27.0,"turns":3.0},{"damage":0.0,"enemies":"Cultist and Chosen","floor":30.0,"turns":4.0},{"damage":0.0,"enemies":"Shelled Parasite and Fungi","floor":31.0,"turns":4.0},{"damage":17.0,"enemies":"Collector","floor":33.0,"turns":7.0},{"damage":0.0,"enemies":"3 Darklings","floor":35.0,"turns":7.0},{"damage":0.0,"enemies":"Orb Walker","floor":38.0,"turns":4.0},{"damage":0.0,"enemies":"3 Darklings","floor":39.0,"turns":4.0},{"damage":0.0,"enemies":"Nemesis","floor":40.0,"turns":5.0},{"damage":30.0,"enemies":"Sphere and 2 Shapes","floor":45.0,"turns":4.0},{"damage":0.0,"enemies":"Transient","floor":46.0,"turns":5.0},{"damage":1.0,"enemies":"4 Shapes","floor":47.0,"turns":4.0},{"damage":0.0,"enemies":"3 Darklings","floor":48.0,"turns":2.0},{"damage":110,"enemies":"Time Eater","floor":50,"turns":9}],"seed_played":"-6631355389535803282","potions_obtained":[{"floor":7.0,"key":"BlessingOfTheForge"},{"floor":8.0,"key":"Energy Potion"},{"floor":11.0,"key":"Energy Potion"},{"floor":14.0,"key":"FocusPotion"},{"floor":20.0,"key":"AttackPotion"},{"floor":30.0,"key":"Block Potion"},{"floor":35.0,"key":"SmokeBomb"},{"floor":39.0,"key":"Block Potion"},{"floor":45.0,"key":"Strength Potion"}],"is_trial":false,"path_per_floor":["M","$","?","M","?","R","E","M","T","R","M","M","M","E","R","B",null,"M","$","M","?","$","E","R","M","T","E","$","?","M","M","R","B",null,"M","$","?","M","M","E","R","?","T","$","M","M","M","M","R","B"],"character_chosen":"DEFECT","items_purchased":["EmptyFist","Membership Card","Steam+1","ClearTheMind+1","Blood Vial","Orichalcum","SteroidPotion","EssenceOfSteel","Energy Potion","Singing Bowl","Toolbox","Ice Cream","Letter Opener","Strange Spoon","Regal Pillow","DataDisk","OrangePellets","BlessingOfTheForge"],"campfire_rested":7,"item_purchase_floors":[2,19,19,19,19,19,19,19,22,22,22,28,36,36,44,44,44,44],"current_hp_per_floor":[75,75,60,60,53,75,61,58,58,75,65,65,65,65,75,20,75,63,63,56,56,56,53,75,75,75,55,55,38,40,42,44,27,44,46,46,48,48,50,52,54,54,60,60,32,36,39,41,68,0,0],"gold":548,"neow_bonus":"","is_daily":true,"chose_seed":false,"campfire_upgraded":0,"win_rate":0.0,"timestamp":1609807610,"path_taken":["M","$","?","M","?","R","E","M","T","R","M","M","M","E","R","BOSS","M","$","M","?","$","E","R","?","T","E","$","?","M","M","R","BOSS","M","$","?","M","M","E","R","?","T","$","M","M","M","M","R","BOSS"],"items_purchased_type":["Card","Relic","Card","Card","Relic","Relic","Potion","Potion","Potion","Relic","Relic","Relic","Relic","Relic","Relic","Relic","Relic","Potion"],"build_version":"2020-12-22","purchased_purges":6,"victory":false,"max_hp_per_floor":[75,75,75,75,75,75,75,75,75,75,75,75,75,75,75,75,75,75,75,75,75,75,75,75,75,75,77,77,38,40,42,44,44,44,46,46,48,48,50,52,54,54,60,60,62,64,66,66,68,68,68],"card_choices":[{"not_picked":["EmptyFist","Feel No Pain"],"picked":"Halt","floor":1.0},{"not_picked":["Second Wind","Halt"],"picked":"Genetic Algorithm","floor":4.0},{"not_picked":["Outmaneuver","Accuracy"],"picked":"Prepared","floor":7.0},{"not_picked":["Skim","Redo"],"picked":"Evaluate","floor":8.0},{"not_picked":["True Grit+1","CutThroughFate"],"picked":"Cleave","floor":11.0},{"not_picked":["Poisoned Stab","Go for the Eyes"],"picked":"Rage+1","floor":12.0},{"not_picked":["Prepared+1","CutThroughFate"],"picked":"Sunder","floor":13.0},{"not_picked":["FlurryOfBlows","Choke"],"picked":"Multi-Cast+1","floor":14.0},{"not_picked":["All For One","LessonLearned"],"picked":"Double Tap+1","floor":16.0},{"not_picked":["Rupture","Coolheaded+1","Metallicize"],"picked":"SKIP","floor":18.0},{"not_picked":["Pray+1","Cleave","Sweeping Beam"],"picked":"SKIP","floor":20.0},{"not_picked":["Distraction+1","Perfected Strike"],"picked":"Venomology+1","floor":23.0},{"not_picked":["Caltrops+1","JustLucky"],"picked":"Beam Cell+1","floor":25.0},{"not_picked":["Deflect+1","Metallicize","Rupture"],"picked":"Singing Bowl","floor":27.0},{"not_picked":["Rebound","Dash","Inflame+1"],"picked":"Singing Bowl","floor":30.0},{"not_picked":["Heavy Blade+1","Clothesline+1","Sucker Punch"],"picked":"Singing Bowl","floor":31.0},{"not_picked":["Genetic Algorithm+1","Prostrate+1","Quick Slash"],"picked":"Singing Bowl","floor":32.0},{"not_picked":["Omniscience+1","Scrawl+1"],"picked":"Adrenaline+1","floor":33.0},{"not_picked":["Calculated Gamble+1","Cloak And Dagger+1","Defragment+1"],"picked":"Singing Bowl","floor":35.0},{"not_picked":["Mind Blast","Trip+1","Forethought+1"],"picked":"Singing Bowl","floor":37.0},{"not_picked":["Iron Wave+1","Tactician+1"],"picked":"Reprogram+1","floor":38.0},{"not_picked":["Caltrops","Go for the Eyes+1","FearNoEvil"],"picked":"Singing Bowl","floor":39.0},{"not_picked":["Seeing Red+1","Ball Lightning+1","Go for the Eyes+1"],"picked":"Singing Bowl","floor":40.0},{"not_picked":["Anger+1","Leg Sweep+1","Darkness+1"],"picked":"Singing Bowl","floor":41.0},{"not_picked":["Thunderclap+1","EmptyFist","Steam+1"],"picked":"Singing Bowl","floor":45.0},{"not_picked":["Blizzard+1","PathToVictory+1","Thunderclap+1"],"picked":"Singing Bowl","floor":46.0},{"not_picked":["Adrenaline+1","ClearTheMind+1","Fusion+1"],"picked":"Singing Bowl","floor":47.0},{"not_picked":["Beam Cell","Bouncing Flask+1"],"picked":"Footwork+1","floor":48.0},{"not_picked":["Clothesline","Power Through+1","Halt+1"],"picked":"Singing Bowl","floor":49.0}],"player_experience":99189,"relics_obtained":[{"floor":7.0,"key":"Happy Flower"},{"floor":9.0,"key":"Toxic Egg 2"},{"floor":14.0,"key":"Thread and Needle"},{"floor":23.0,"key":"Oddly Smooth Stone"},{"floor":27.0,"key":"Dream Catcher"},{"floor":34.0,"key":"CeramicFish"},{"floor":34.0,"key":"Darkstone Periapt"},{"floor":34.0,"key":"Old Coin"},{"floor":40.0,"key":"Boot"},{"floor":43.0,"key":"Akabeko"}],"event_choices":[{"damage_healed":0.0,"max_hp_gain":0.0,"max_hp_loss":0.0,"gold_gain":0.0,"event_name":"Shining Light","player_choice":"Entered Light","floor":3.0,"gold_loss":0.0,"damage_taken":15.0,"cards_upgraded":["Eruption","Defend_P"]},{"cards_removed":["Defend_R"],"damage_healed":0.0,"max_hp_gain":0.0,"max_hp_loss":0.0,"gold_gain":0.0,"event_name":"Golden Wing","player_choice":"Card Removal","floor":5.0,"gold_loss":0.0,"damage_taken":7.0},{"damage_healed":0.0,"max_hp_gain":0.0,"max_hp_loss":0.0,"gold_gain":0.0,"event_name":"The Woman in Blue","player_choice":"Bought 1 Potion","floor":21.0,"gold_loss":0.0,"damage_taken":0.0},{"damage_healed":0.0,"max_hp_gain":0.0,"max_hp_loss":39.0,"gold_gain":0.0,"event_name":"Ghosts","player_choice":"Became a Ghost","floor":29.0,"gold_loss":0.0,"damage_taken":0.0,"cards_obtained":["Ghostly","Ghostly","Ghostly","Ghostly","Ghostly"]},{"damage_healed":0.0,"max_hp_gain":0.0,"max_hp_loss":0.0,"gold_gain":0.0,"event_name":"SensoryStone","player_choice":"Memory 1","floor":37.0,"gold_loss":0.0,"damage_taken":0.0},{"damage_healed":0.0,"max_hp_gain":0.0,"max_hp_loss":0.0,"gold_gain":0.0,"event_name":"Tomb of Lord Red Mask","player_choice":"Ignored","floor":42.0,"gold_loss":0.0,"damage_taken":0.0}],"is_beta":false,"boss_relics":[{"not_picked":["Black Star","Inserter"],"picked":"Cursed Key"},{"not_picked":["Tiny House","Velvet Choker"],"picked":"Calling Bell"}],"items_purged_floors":[2,19,22,28,36,44],"is_endless":false,"potions_floor_spawned":[7,8,11,14,20,30,31,35,39,45],"killed_by":"Time Eater","ascension_level":0}}