{"host":"c5j8t0wyh2hvx9ju","time":1609853764,"event":{"mods":["Astrologer","BaseMod","BetterRewards","HololiveMod","Minty Spire (QoL Compilation)","Prisma Mod","StSLib"],"gold_per_floor":[110,185,201,221,235,235,265,265,265,284,323,323,288,304,304,425,425,446,462,462,462,462],"floor_reached":21,"playtime":887,"items_purged":[],"score":229,"play_id":"bf7001b8-2207-4e05-9d15-b5108153c329","local_time":"20210105223604","is_ascension_mode":true,"campfire_choices":[{"data":"Eruption","floor":6.0,"key":"SMITH"},{"floor":15,"key":"REST"}],"circlet_count":0,"master_deck":["Strike_P","Strike_P","Strike_P","Strike_P","Defend_P","Defend_P","Defend_P","Defend_P","Eruption+1","Vigilance","SandsOfTime","ThirdEye","Prostrate","Crescendo","Vengeance","ThirdEye","Brilliance"],"relics":["PureWater","NeowsBlessing","Tiny Chest","Golden Idol","PreservedInsect","Pantograph","Runic Pyramid","Dream Catcher"],"acts_visited":["Exordium","TheCity"],"potions_floor_usage":[16,18,21],"damage_taken":[{"damage":0.0,"enemies":"Cultist","floor":1.0,"turns":1.0},{"damage":0.0,"enemies":"Small Slimes","floor":3.0,"turns":1.0},{"damage":0.0,"enemies":"Jaw Worm","floor":4.0,"turns":1.0},{"damage":3.0,"enemies":"Blue Slaver","floor":5.0,"turns":5.0},{"damage":23.0,"enemies":"Lagavulin","floor":7.0,"turns":8.0},{"damage":2,"enemies":"Looter","floor":10,"turns":4},{"damage":20,"enemies":"3 Sentries","floor":11,"turns":5},{"damage":2,"enemies":"Red Slaver","floor":14,"turns":4},{"damage":71,"enemies":"Slime Boss","floor":16,"turns":12},{"damage":58,"enemies":"3 Byrds","floor":18,"turns":7},{"damage":10,"enemies":"Chosen","floor":19,"turns":5},{"damage":6,"enemies":"Snake Plant","floor":21,"turns":1}],"seed_played":"-1274434202534395880","potions_obtained":[{"floor":7,"key":"Energy Potion"},{"floor":11,"key":"LiquidBronze"},{"floor":16,"key":"BottledMiracle"},{"floor":19,"key":"StancePotion"}],"is_trial":false,"path_per_floor":["M","?","M","M","M","R","E","?","T","M","E","?","?","M","R","B",null,"M","M","T","M"],"character_chosen":"WATCHER","items_purchased":[],"campfire_rested":1,"item_purchase_floors":[],"current_hp_per_floor":[72,61,61,61,58,58,35,35,35,33,13,13,31,29,50,1,72,14,4,4,0,0],"gold":462,"neow_bonus":"THREE_ENEMY_KILL","is_daily":false,"chose_seed":false,"campfire_upgraded":1,"win_rate":0.0,"timestamp":1609853764,"path_taken":["M","?","M","M","M","R","E","?","T","M","E","?","?","M","R","BOSS","M","M","?","?"],"items_purchased_type":[],"build_version":"2020-12-22","purchased_purges":0,"victory":false,"max_hp_per_floor":[72,72,72,72,72,72,72,72,72,72,72,72,72,72,72,72,72,72,72,72,72,72],"card_choices":[{"not_picked":["SashWhip","BowlingBash","Swivel"],"picked":"SKIP","floor":1.0},{"not_picked":["EmptyFist","CutThroughFate"],"picked":"SandsOfTime","floor":3.0},{"not_picked":["Evaluate","PathToVictory"],"picked":"ThirdEye","floor":4.0},{"not_picked":["EmptyFist","Meditate"],"picked":"Prostrate","floor":5.0},{"not_picked":["Alpha","Study"],"picked":"Crescendo","floor":7},{"not_picked":["Evaluate","CrushJoints"],"picked":"Vengeance","floor":10},{"not_picked":["WheelKick","FlurryOfBlows"],"picked":"ThirdEye","floor":11},{"not_picked":["FlurryOfBlows","SashWhip","ThirdEye"],"picked":"SKIP","floor":14},{"not_picked":["Establishment","SpiritShield"],"picked":"Brilliance","floor":16},{"not_picked":["BowlingBash","JustLucky","CrushJoints"],"picked":"SKIP","floor":18},{"not_picked":["CrushJoints","PathToVictory","Nirvana"],"picked":"SKIP","floor":19}],"player_experience":899099,"relics_obtained":[{"floor":7,"key":"Tiny Chest"},{"floor":9,"key":"PreservedInsect"},{"floor":11,"key":"Pantograph"},{"floor":20,"key":"Dream Catcher"}],"event_choices":[{"damage_healed":0.0,"max_hp_gain":0.0,"max_hp_loss":0.0,"gold_gain":75.0,"event_name":"World of Goop","player_choice":"Gather Gold","floor":2.0,"gold_loss":0.0,"damage_taken":11.0},{"damage_healed":0,"gold_gain":0,"player_choice":"Take Wound","damage_taken":0,"relics_obtained":["Golden Idol"],"max_hp_gain":0,"max_hp_loss":0,"event_name":"Golden Idol","floor":8,"gold_loss":0,"cards_obtained":["Injury"]},{"cards_removed":["Injury"],"damage_healed":0,"gold_gain":0,"player_choice":"Forget","damage_taken":0,"max_hp_gain":0,"max_hp_loss":0,"event_name":"Living Wall","floor":12,"gold_loss":0},{"damage_healed":18,"gold_gain":0,"player_choice":"Healed","damage_taken":0,"max_hp_gain":0,"max_hp_loss":0,"event_name":"The Cleric","floor":13,"gold_loss":35}],"is_beta":false,"boss_relics":[{"not_picked":["SacredBark","Runic Dome"],"picked":"Runic Pyramid"}],"items_purged_floors":[],"is_endless":false,"potions_floor_spawned":[7,11,16,19],"killed_by":"Snake Plant","ascension_level":4}}