{"host":"eydwxg59205c3vtl","time":1609812188,"event":{"mods":["2.2 Compatiblity","BaseMod","Colored Map","Colored Powertips","Hubris","Minty Spire (QoL Compilation)","StSLib","The Jungle","The Necromancer"],"gold_per_floor":[113,113,63,79,97,97,123,141,141,173,173,173,173,206,206,303,303,318,45,45,63,63,95,95,120,169,179,197,197,222,172,172,273,273,290,290,290,41,41,41,60,60,60,60,60,73,123,143,143,143],"floor_reached":51,"playtime":2568,"items_purged":["All For One","hubris:Prefetch"],"score":1058,"play_id":"e7dafd40-69c9-4992-aa23-eaaa29922874","local_time":"20210104210308","is_ascension_mode":true,"campfire_choices":[{"data":"Multi-Cast","floor":6.0,"key":"SMITH"},{"floor":11.0,"key":"REST"},{"data":"Zap","floor":13.0,"key":"SMITH"},{"floor":15.0,"key":"REST"},{"data":"Double Energy","floor":24.0,"key":"SMITH"},{"data":"Echo Form","floor":32.0,"key":"SMITH"},{"data":"Echo Form","floor":40.0,"key":"SMITH"},{"data":"Echo Form","floor":42.0,"key":"SMITH"},{"data":"Consume","floor":45.0,"key":"SMITH"},{"data":"Cold Snap","floor":49.0,"key":"SMITH"}],"circlet_count":0,"master_deck":["Zap+1","Dualcast","Coolheaded+1","Multi-Cast+1","Conserve Battery","Conserve Battery","Double Energy+1","Consume+1","Electrodynamics","Echo Form+1","Echo Form+1","Self Repair","Fusion","Echo Form+1","BootSequence","Glacier","Double Energy+1","Cold Snap+1"],"relics":["Cracked Core","Bronze Scales","Strawberry","Pear","Happy Flower","MealTicket","Pandora\u0027s Box","hubris:SlimyHat","PreservedInsect","Bottled Lightning","Bag of Preparation","hubris:Icosahedron","Symbiotic Virus","Nuclear Battery","hubris:Towel","Runic Capacitor","Mercury Hourglass","Calipers"],"acts_visited":["Exordium","TheCity","TheBeyond"],"potions_floor_usage":[50,50],"damage_taken":[{"damage":9.0,"enemies":"2 Louse","floor":1.0,"turns":2.0},{"damage":6.0,"enemies":"Small Slimes","floor":4.0,"turns":2.0},{"damage":0.0,"enemies":"Cultist","floor":5.0,"turns":3.0},{"damage":44.0,"enemies":"Lagavulin","floor":7.0,"turns":8.0},{"damage":1.0,"enemies":"3 Louse","floor":8.0,"turns":3.0},{"damage":0.0,"enemies":"3 Sentries","floor":10.0,"turns":9.0},{"damage":28.0,"enemies":"Gremlin Nob","floor":14.0,"turns":3.0},{"damage":9.0,"enemies":"The Guardian","floor":16.0,"turns":8.0},{"damage":37.0,"enemies":"2 Thieves","floor":18.0,"turns":3.0},{"damage":4.0,"enemies":"Shell Parasite","floor":21.0,"turns":6.0},{"damage":30.0,"enemies":"Slavers","floor":23.0,"turns":3.0},{"damage":11.0,"enemies":"Book of Stabbing","floor":25.0,"turns":5.0},{"damage":0.0,"enemies":"3 Cultists","floor":27.0,"turns":3.0},{"damage":27.0,"enemies":"Chosen and Byrds","floor":28.0,"turns":7.0},{"damage":11.0,"enemies":"Gremlin Leader","floor":30.0,"turns":5.0},{"damage":18.0,"enemies":"hubris:MusketHawk","floor":33.0,"turns":6.0},{"damage":1.0,"enemies":"3 Shapes","floor":35.0,"turns":3.0},{"damage":26.0,"enemies":"3 Darklings","floor":41.0,"turns":5.0},{"damage":31.0,"enemies":"Writhing Mass","floor":46.0,"turns":5.0},{"damage":0.0,"enemies":"Mind Bloom Boss Battle","floor":47.0,"turns":9.0},{"damage":5.0,"enemies":"Maw","floor":48.0,"turns":8.0},{"damage":0,"enemies":"hubris:GrandSnecko","floor":50,"turns":11}],"seed_played":"1670437566714463379","potions_obtained":[{"floor":7.0,"key":"SkillPotion"},{"floor":8.0,"key":"Strength Potion"},{"floor":14.0,"key":"Regen Potion"},{"floor":16.0,"key":"Energy Potion"},{"floor":21.0,"key":"SneckoOil"},{"floor":25.0,"key":"Block Potion"},{"floor":33.0,"key":"SkillPotion"},{"floor":46.0,"key":"ColorlessPotion"}],"is_trial":false,"path_per_floor":["M","?","?","M","M","R","E","M","T","E","R","?","R","E","R","B",null,"M","$","?","M","?","E","R","E","T","M","M","?","E","$","R","B",null,"M","?","?","$","?","R","M","R","T","$","R","M","?","M","R","B",null],"character_chosen":"DEFECT","items_purchased":["Glacier","hubris:SlimyHat","PowerPotion","Runic Capacitor"],"campfire_rested":2,"item_purchase_floors":[19,19,31,38],"current_hp_per_floor":[66,51,51,45,45,45,8,7,17,17,44,44,44,16,43,34,92,62,77,77,80,80,50,50,46,46,53,40,40,36,51,51,40,92,92,92,92,92,92,92,73,73,73,88,88,64,78,87,87,92],"gold":143,"neow_bonus":"RANDOM_COMMON_RELIC","is_daily":false,"chose_seed":false,"campfire_upgraded":8,"win_rate":0.0,"timestamp":1609812188,"path_taken":["M","?","?","M","M","R","E","M","T","E","R","?","R","E","R","BOSS","M","?","?","?","?","E","R","E","T","M","M","?","E","$","R","BOSS","M","?","?","$","?","R","M","R","T","?","R","?","?","M","R","BOSS"],"items_purchased_type":["Card","Relic","Potion","Relic"],"build_version":"2020-12-22","purchased_purges":2,"victory":true,"max_hp_per_floor":[75,75,75,75,75,75,82,82,92,92,92,92,92,92,92,92,92,92,92,92,92,92,92,92,92,92,92,92,92,92,92,92,92,92,92,92,92,92,92,92,92,92,92,92,92,92,92,92,92,92],"card_choices":[{"not_picked":["Barrage","Steam"],"picked":"Coolheaded","floor":1.0},{"not_picked":["Undo","hubris:Ukulele","Turbo"],"picked":"SKIP","floor":4.0},{"not_picked":["Melter","Sweeping Beam"],"picked":"Multi-Cast","floor":5.0},{"not_picked":["Heatsinks","Gash"],"picked":"Conserve Battery","floor":7.0},{"not_picked":["Turbo","Hologram"],"picked":"Conserve Battery","floor":8.0},{"not_picked":["Consume","Steam"],"picked":"Double Energy","floor":10.0},{"not_picked":["Static Discharge","Stack"],"picked":"Electrodynamics","floor":14.0},{"not_picked":["Fission","Multi-Cast"],"picked":"Echo Form","floor":16.0},{"not_picked":["Lockon","Reinforced Body"],"picked":"BootSequence","floor":18.0},{"not_picked":["Barrage","Rip and Tear"],"picked":"Double Energy","floor":21.0},{"not_picked":["Rebound","Hologram","Barrage"],"picked":"SKIP","floor":23.0},{"not_picked":["Compile Driver","Reprogram+1","Aggregate"],"picked":"SKIP","floor":25.0},{"not_picked":["Cold Snap","Melter","hubris:Ukulele"],"picked":"SKIP","floor":27.0},{"not_picked":["Compile Driver","Steam+1","Leap"],"picked":"SKIP","floor":28.0},{"not_picked":["Hyperbeam","Genetic Algorithm","Steam+1"],"picked":"SKIP","floor":30.0},{"not_picked":["Hyperbeam","hubris:SpecializedCircuitry"],"picked":"hubris:Prefetch","floor":33.0},{"not_picked":["Streamline","Undo+1","Turbo+1"],"picked":"SKIP","floor":35.0},{"not_picked":["Sweeping Beam+1","Melter+1","Steam+1"],"picked":"SKIP","floor":41.0},{"not_picked":["Leap","Conserve Battery+1","Aggregate+1"],"picked":"SKIP","floor":46.0},{"not_picked":["Go for the Eyes","Hologram"],"picked":"Cold Snap","floor":47.0},{"not_picked":["Leap","Coolheaded","Stack"],"picked":"SKIP","floor":48.0}],"player_experience":587836,"relics_obtained":[{"floor":7.0,"key":"Strawberry"},{"floor":9.0,"key":"Pear"},{"floor":10.0,"key":"Happy Flower"},{"floor":14.0,"key":"MealTicket"},{"floor":23.0,"key":"PreservedInsect"},{"floor":25.0,"key":"Bottled Lightning"},{"floor":26.0,"key":"Bag of Preparation"},{"floor":30.0,"key":"Symbiotic Virus"},{"floor":43.0,"key":"Mercury Hourglass"},{"floor":47.0,"key":"Calipers"}],"event_choices":[{"damage_healed":0.0,"max_hp_gain":0.0,"max_hp_loss":0.0,"gold_gain":0.0,"event_name":"Shining Light","player_choice":"Entered Light","floor":2.0,"gold_loss":0.0,"damage_taken":15.0,"cards_upgraded":["Coolheaded","Strike_B"]},{"cards_removed":["Strike_B"],"damage_healed":0.0,"max_hp_gain":0.0,"max_hp_loss":0.0,"gold_gain":0.0,"event_name":"The Cleric","player_choice":"Card Removal","floor":3.0,"gold_loss":50.0,"damage_taken":0.0},{"damage_healed":0.0,"max_hp_gain":0.0,"max_hp_loss":0.0,"gold_gain":0.0,"cards_transformed":["Strike_B"],"event_name":"Transmorgrifier","player_choice":"Transformed","floor":12.0,"gold_loss":0.0,"damage_taken":0.0,"cards_obtained":["Consume"]},{"cards_removed":["hubris:SpecializedCircuitry"],"damage_healed":0.0,"max_hp_gain":0.0,"max_hp_loss":0.0,"gold_gain":0.0,"event_name":"Wheel of Change","player_choice":"Card Removal","floor":20.0,"gold_loss":0.0,"damage_taken":0.0},{"damage_healed":0.0,"max_hp_gain":0.0,"max_hp_loss":0.0,"gold_gain":0.0,"event_name":"MindBloom","player_choice":"Fight","floor":47.0,"gold_loss":0.0,"damage_taken":0.0}],"is_beta":false,"boss_relics":[{"not_picked":["Snecko Eye","Empty Cage"],"picked":"Pandora\u0027s Box"},{"not_picked":["FrozenCore","Calling Bell"],"picked":"Nuclear Battery"}],"items_purged_floors":[19,38],"is_endless":false,"potions_floor_spawned":[7,8,14,16,21,25,33,41,46,47],"ascension_level":4}}