{"host":"tgr1xoidyjfo4u0n","time":1609865268,"event":{"mods":["Act Like it!","BaseMod","Better Vampires","CapriCore","Colored Powertips","GifTheSpireLib","Highlight Path","Minty Spire (QoL Compilation)","StSLib"],"gold_per_floor":[110,120,195,215,231,231,264,264,264,274,274,274,47,81,81,205,205,223,148,194,194,213,213,213,213,213,213,227,565,280,315,315,446,446,465,465,488,62,62,62,95,95,95,131,464,464,464,481,481,481,481,481,3,31,31],"floor_reached":56,"playtime":6043,"items_purged":["Strike_B","Defend_B","Defend_B","Self Repair"],"score":1401,"play_id":"aae49cb6-60d7-4c35-b56c-5da8785ff5ef","local_time":"20210106004748","is_ascension_mode":true,"campfire_choices":[{"data":"Chaos","floor":6.0,"key":"SMITH"},{"data":"Multi-Cast","floor":8.0,"key":"SMITH"},{"data":"Hologram","floor":12.0,"key":"SMITH"},{"data":"Dualcast","floor":15.0,"key":"SMITH"},{"data":"Skim","floor":23.0,"key":"SMITH"},{"data":"White Noise","floor":25.0,"key":"SMITH"},{"data":"Biased Cognition","floor":27.0,"key":"SMITH"},{"data":"Seek","floor":32.0,"key":"SMITH"},{"floor":40.0,"key":"RECALL"},{"data":"White Noise","floor":42.0,"key":"SMITH"},{"data":"Coolheaded","floor":47.0,"key":"SMITH"},{"data":"Steam Power","floor":49.0,"key":"SMITH"},{"data":"Defragment","floor":52,"key":"SMITH"}],"circlet_count":0,"master_deck":["Defend_B","Defend_B","Zap+1","Dualcast+1","Chaos+1","Hologram+1","Multi-Cast+1","Glacier","Skim+1","Biased Cognition+1","Turbo+1","Auto Shields+1","Tempest+1","White Noise+1","White Noise+1","Capacitor+1","Compile Driver","Seek+1","Reboot","Coolheaded+1","Steam Power+1","Coolheaded+1","Defragment+1","Chill","Storm","Defragment+1","Compile Driver","Defragment+1","Turbo","Magnetism+1","Stack"],"relics":["Cracked Core","Symbiotic Virus","Orichalcum","Astrolabe","Bag of Marbles","FaceOfCleric","Nilry\u0027s Codex","Bird Faced Urn","Old Coin","Blood Vial","Runic Pyramid","Centennial Puzzle","Bronze Scales","Frozen Egg 2","Mercury Hourglass","HornCleat","Akabeko"],"acts_visited":["TheEnding"],"potions_floor_usage":[55,55],"damage_taken":[{"damage":0.0,"enemies":"Small Slimes","floor":1.0,"turns":2.0},{"damage":1.0,"enemies":"Jaw Worm","floor":2.0,"turns":3.0},{"damage":0.0,"enemies":"Cultist","floor":4.0,"turns":2.0},{"damage":0.0,"enemies":"Exordium Wildlife","floor":5.0,"turns":3.0},{"damage":40.0,"enemies":"3 Sentries","floor":7.0,"turns":6.0},{"damage":2.0,"enemies":"Looter","floor":10.0,"turns":2.0},{"damage":0.0,"enemies":"Gremlin Nob","floor":14.0,"turns":2.0},{"damage":13.0,"enemies":"Hexaghost","floor":16.0,"turns":9.0},{"damage":0.0,"enemies":"2 Thieves","floor":18.0,"turns":4.0},{"damage":5.0,"enemies":"3 Byrds","floor":22.0,"turns":3.0},{"damage":0.0,"enemies":"Snake Plant","floor":28.0,"turns":1.0},{"damage":16.0,"enemies":"Book of Stabbing","floor":29.0,"turns":4.0},{"damage":2.0,"enemies":"Gremlin Leader","floor":31.0,"turns":3.0},{"damage":0.0,"enemies":"Automaton","floor":33.0,"turns":4.0},{"damage":0.0,"enemies":"3 Shapes","floor":35.0,"turns":2.0},{"damage":0.0,"enemies":"Orb Walker","floor":37.0,"turns":2.0},{"damage":0.0,"enemies":"Giant Head","floor":41.0,"turns":7.0},{"damage":0.0,"enemies":"Nemesis","floor":44.0,"turns":3.0},{"damage":6.0,"enemies":"Transient","floor":48.0,"turns":5.0},{"damage":17,"enemies":"Donu and Deca","floor":50,"turns":6},{"damage":0,"enemies":"Shield and Spear","floor":54,"turns":4},{"damage":31,"enemies":"The Heart","floor":55,"turns":8}],"seed_played":"-3678164488808890053","potions_obtained":[{"floor":1.0,"key":"Weak Potion"},{"floor":7.0,"key":"EssenceOfDarkness"},{"floor":10.0,"key":"PowerPotion"},{"floor":28.0,"key":"Block Potion"},{"floor":29.0,"key":"BlessingOfTheForge"},{"floor":48.0,"key":"EssenceOfDarkness"}],"is_trial":false,"path_per_floor":["M","M","?","M","M","R","E","R","T","M","?","R","$","E","R","B",null,"M","?","T","?","M","R","?","R","T","R","M","E","$","E","R","B",null,"M","?","M","$","?","R","E","R","T","E","?","T","R","M","R","B",null,"R","$","E","B",null],"character_chosen":"DEFECT","items_purchased":["Glacier","Skim","Compile Driver","Seek","Defragment","Chill","Centennial Puzzle","Defragment+1","Turbo","Magnetism+1","Stack"],"campfire_rested":0,"item_purchase_floors":[13,13,30,30,38,38,38,53,53,53,53],"current_hp_per_floor":[75,74,63,63,63,63,30,30,30,28,28,28,28,28,28,22,69,69,69,69,69,70,70,54,54,54,54,59,61,61,73,73,74,74,75,75,76,76,72,72,73,73,73,74,74,74,74,75,75,76,76,76,76,77,70],"gold":31,"neow_bonus":"UPGRADE_CARD","is_daily":false,"chose_seed":false,"campfire_upgraded":12,"win_rate":0.0,"timestamp":1609865268,"path_taken":["M","M","?","M","M","R","E","R","T","M","?","R","$","E","R","BOSS","M","?","?","?","?","R","?","R","T","R","M","E","$","E","R","BOSS","M","?","?","$","?","R","E","R","T","E","?","?","R","M","R","BOSS","R","$","E","BOSS"],"items_purchased_type":["Card","Card","Card","Card","Card","Card","Relic","Card","Card","Card","Card"],"build_version":"2020-12-22","purchased_purges":4,"victory":true,"max_hp_per_floor":[75,75,75,75,75,75,75,75,75,75,69,69,69,69,69,69,69,69,69,69,69,70,70,70,70,70,70,71,72,72,73,73,74,74,75,75,76,76,72,72,73,73,73,74,74,74,74,75,75,76,76,76,76,77,78],"card_choices":[{"not_picked":["Leap","Beam Cell"],"picked":"Tempest","floor":1.0},{"not_picked":["Aggregate","Sweeping Beam"],"picked":"Chaos","floor":2.0},{"not_picked":["Leap","Gash"],"picked":"Hologram","floor":4.0},{"not_picked":["Rainbow","Barrage"],"picked":"Self Repair","floor":5.0},{"not_picked":["Beam Cell","Force Field"],"picked":"Multi-Cast","floor":7.0},{"not_picked":["Sweeping Beam","Static Discharge","Fusion"],"picked":"SKIP","floor":10.0},{"not_picked":["Steam","Gash","Fusion"],"picked":"SKIP","floor":14.0},{"not_picked":["Buffer","Amplify"],"picked":"Biased Cognition","floor":16.0},{"not_picked":["Rebound","Hologram"],"picked":"White Noise","floor":18.0},{"not_picked":["Gash+1","Reprogram","Conserve Battery+1"],"picked":"SKIP","floor":22.0},{"not_picked":["Static Discharge","Capacitor"],"picked":"White Noise","floor":28.0},{"not_picked":["Streamline","Chill+1"],"picked":"Capacitor+1","floor":29.0},{"not_picked":["Rebound","Cold Snap","Conserve Battery"],"picked":"SKIP","floor":31.0},{"not_picked":["Hyperbeam","Fission"],"picked":"Reboot","floor":33.0},{"not_picked":["Go for the Eyes+1","Compile Driver+1"],"picked":"Coolheaded","floor":35.0},{"not_picked":["FTL","Conserve Battery"],"picked":"Coolheaded+1","floor":37.0},{"not_picked":["Hello World","Leap"],"picked":"Storm","floor":41.0},{"not_picked":["Sweeping Beam","Blizzard+1"],"picked":"Defragment+1","floor":44.0},{"not_picked":["Conserve Battery+1","Leap"],"picked":"Compile Driver","floor":48.0},{"not_picked":["Barrage","Go for the Eyes+1","Ball Lightning"],"picked":"SKIP","floor":54}],"player_experience":326502,"relics_obtained":[{"floor":7.0,"key":"Symbiotic Virus"},{"floor":14.0,"key":"Orichalcum"},{"floor":20.0,"key":"Bag of Marbles"},{"floor":24.0,"key":"Nilry\u0027s Codex"},{"floor":26.0,"key":"Bird Faced Urn"},{"floor":29.0,"key":"Old Coin"},{"floor":31.0,"key":"Blood Vial"},{"floor":41.0,"key":"Bronze Scales"},{"floor":43.0,"key":"Frozen Egg 2"},{"floor":44.0,"key":"Mercury Hourglass"},{"floor":46.0,"key":"HornCleat"},{"floor":54,"key":"Akabeko"}],"event_choices":[{"damage_healed":0.0,"max_hp_gain":0.0,"max_hp_loss":0.0,"gold_gain":75.0,"event_name":"World of Goop","player_choice":"Gather Gold","floor":3.0,"gold_loss":0.0,"damage_taken":11.0},{"damage_healed":0.0,"max_hp_gain":0.0,"max_hp_loss":6.0,"gold_gain":0.0,"event_name":"Golden Idol","player_choice":"Lose Max HP","floor":11.0,"gold_loss":0.0,"damage_taken":0.0,"relics_obtained":["Golden Idol"]},{"cards_removed":["Strike_B"],"damage_healed":0.0,"max_hp_gain":0.0,"max_hp_loss":0.0,"gold_gain":0.0,"event_name":"Beggar","player_choice":"Gave Gold","floor":19.0,"gold_loss":75.0,"damage_taken":0.0},{"damage_healed":0.0,"max_hp_gain":0.0,"max_hp_loss":0.0,"gold_gain":0.0,"event_name":"FaceTrader","player_choice":"Trade","floor":21.0,"gold_loss":0.0,"damage_taken":0.0,"relics_obtained":["FaceOfCleric"]},{"damage_healed":0.0,"max_hp_gain":0.0,"max_hp_loss":0.0,"gold_gain":0.0,"event_name":"Cursed Tome","player_choice":"Obtained Book","floor":24.0,"gold_loss":0.0,"damage_taken":16.0},{"damage_healed":0.0,"max_hp_gain":0.0,"max_hp_loss":0.0,"gold_gain":0.0,"event_name":"Match and Keep!","player_choice":"1 cards matched","floor":36.0,"gold_loss":0.0,"damage_taken":0.0,"cards_obtained":["Steam Power"]},{"damage_healed":0.0,"max_hp_gain":0.0,"max_hp_loss":4.0,"gold_gain":0.0,"event_name":"Winding Halls","player_choice":"Max HP","floor":39.0,"gold_loss":0.0,"damage_taken":0.0},{"damage_healed":0.0,"max_hp_gain":0.0,"max_hp_loss":0.0,"gold_gain":333.0,"event_name":"The Moai Head","player_choice":"Gave Idol","floor":45.0,"relics_lost":["Golden Idol"],"gold_loss":0.0,"damage_taken":0.0}],"is_beta":false,"boss_relics":[{"not_picked":["Empty Cage","Fusion Hammer"],"picked":"Astrolabe"},{"not_picked":["Inserter","Calling Bell"],"picked":"Runic Pyramid"}],"items_purged_floors":[13,30,38,53],"is_endless":false,"potions_floor_spawned":[1,7,10,28,29,31,48],"ascension_level":1}}