{"host":"27tk4xseidcli2mr","time":1609839561,"event":{"mods":["2.2 Compatiblity","AchievementEnabler","Aspiration","BaseMod","Better Third Choice","Conspire","Custom Start","Downfall","Hubris","Infinite Spire","Jorbs\u0027s Wanderer Trilogy","Minty Spire (QoL Compilation)","Replay The Spire","StSLib","SuperFastMode","[IsaacMod]????"],"gold_per_floor":[117,135,60,60,70,70,104,104,174,209,209,228,228,35,35,109,109,125,142,67,67,67],"floor_reached":21,"playtime":1056,"items_purged":["Strike_B"],"score":424,"play_id":"dbe45330-684c-404d-a3f0-6b48d7797a05","local_time":"20210105103921","is_ascension_mode":true,"campfire_choices":[{"data":"FIFO Queue","floor":6.0,"key":"SMITH"},{"data":"ReplayTheSpireMod:Calculation Training","floor":11.0,"key":"SMITH"},{"data":"Conserve Battery","floor":13.0,"key":"SMITH"},{"data":"Strike_B","floor":15.0,"key":"PURGE"}],"circlet_count":0,"master_deck":["AscendersBane","Strike_B","Strike_B","Defend_B","Defend_B","Defend_B","Defend_B","Zap","Dualcast","Creative AI","Cold Snap","Coolheaded","FIFO Queue+1","Voices","ReplayTheSpireMod:Calculation Training+1","Conserve Battery+1","Midas Touch+1","Creative AI+1","ReplayTheSpireMod:Calculation Training+1","Capacitor","Chill"],"relics":["Cracked Core","HushsDoor","ReplayTheSpireMod:Ring of Exchange","Ring of Panic","PillsDrop","hubris:OldNail","hubris:PeanutButter","Prayer Wheel","Guide Book"],"acts_visited":["Exordium","TheCity"],"potions_floor_usage":[21],"damage_taken":[{"damage":1.0,"enemies":"Cultist","floor":1.0,"turns":3.0},{"damage":1.0,"enemies":"2 Louse","floor":2.0,"turns":2.0},{"damage":9.0,"enemies":"Small Slimes","floor":5.0,"turns":5.0},{"damage":0.0,"enemies":"3 Sentries","floor":7.0,"turns":2.0},{"damage":16.0,"enemies":"Lagavulin","floor":10.0,"turns":8.0},{"damage":0.0,"enemies":"Blue Slaver","floor":12.0,"turns":5.0},{"damage":28.0,"enemies":"The Guardian","floor":16.0,"turns":12.0},{"damage":17.0,"enemies":"3 Byrds","floor":18.0,"turns":7.0},{"damage":27.0,"enemies":"2 Thieves","floor":19.0,"turns":3.0},{"damage":17,"enemies":"Snake Plant","floor":21,"turns":2}],"seed_played":"5681063374026529637","potions_obtained":[{"floor":10.0,"key":"Block Potion"},{"floor":12.0,"key":"ColorlessPotion"},{"floor":19.0,"key":"Strength Potion"}],"is_trial":false,"path_per_floor":["M","M","$","?","M","R","E","?","T","E","R","M","R","$","R","B",null,"M","M","$","M"],"character_chosen":"DEFECT","items_purchased":["FIFO Queue","Midas Touch"],"campfire_rested":0,"item_purchase_floors":[3,14],"current_hp_per_floor":[63,62,62,62,53,53,53,58,58,42,42,42,42,42,42,14,57,40,13,13,0,0],"gold":67,"neow_bonus":"ONE_RANDOM_RARE_CARD","is_daily":false,"chose_seed":false,"campfire_upgraded":3,"win_rate":0.0,"timestamp":1609839561,"path_taken":["M","?","$","?","M","R","E","?","T","E","R","?","R","?","R","BOSS","M","?","?","M"],"items_purchased_type":["Card","Card"],"build_version":"2020-12-22","purchased_purges":1,"victory":false,"max_hp_per_floor":[71,71,71,71,71,71,71,76,76,71,71,71,71,71,71,71,71,66,66,66,66,66],"card_choices":[{"not_picked":["ReplayTheSpireMod:GoodbyeWorld","Doom and Gloom"],"picked":"Cold Snap","floor":1.0},{"not_picked":["Go for the Eyes","Sweeping Beam"],"picked":"Coolheaded","floor":2.0},{"not_picked":["Panic Button","ReplayTheSpireMod:GoodbyeWorld","Rebound"],"picked":"SKIP","floor":5.0},{"not_picked":["aspiration:Polymerization","Steam"],"picked":"ReplayTheSpireMod:Calculation Training","floor":7.0},{"not_picked":["Compile Driver","Sweeping Beam","Cancel"],"picked":"SKIP","floor":10.0},{"not_picked":["Heatsinks","Turbo"],"picked":"Conserve Battery","floor":12.0},{"not_picked":["ReplayTheSpireMod:Fabricate Wheel","Hyperbeam"],"picked":"Creative AI","floor":16.0},{"not_picked":["Barrage","Cold Snap"],"picked":"ReplayTheSpireMod:Calculation Training+1","floor":18.0},{"not_picked":["Beam Cell+1","Leap"],"picked":"Capacitor","floor":18.0},{"not_picked":["Barrage","Stack"],"picked":"Chill","floor":19.0},{"not_picked":["ReplayTheSpireMod:Omega Cannon","Steam","BasicCrystalCard+1"],"picked":"SKIP","floor":19.0}],"player_experience":1274604,"relics_obtained":[{"floor":4.0,"key":"ReplayTheSpireMod:Ring of Exchange"},{"floor":4.0,"key":"Ring of Panic"},{"floor":7.0,"key":"hubris:OldNail"},{"floor":10.0,"key":"hubris:PeanutButter"}],"event_choices":[{"damage_healed":0.0,"max_hp_gain":5.0,"max_hp_loss":0.0,"gold_gain":0.0,"event_name":"Big Fish","player_choice":"Donut","floor":8.0,"gold_loss":0.0,"damage_taken":0.0}],"is_beta":false,"boss_relics":[{"not_picked":["Replay:Drink Me","ReplayTheSpireMod:DimensionalGlitch"],"picked":"Guide Book"},{"not_picked":[]}],"items_purged_floors":[20],"is_endless":false,"potions_floor_spawned":[10,12,19],"killed_by":"Snake Plant","ascension_level":20}}