{"host":"6jrnojxwearbrjzo","time":1609882052,"event":{"mods":["BaseMod","Minty Spire (QoL Compilation)","Shop Mod","Spicy Shops","StSLib","The Cursed","The Servant 0.9.4","[功能]功能增强和修复MOD","vexMod"],"gold_per_floor":[114,114,1,24,24,50,50,82,128,203,203,203,223,242,242,341,341,356,242,113,113,113,113,123,123,149,26,26,125,125,20,20,121,121,135,110,110,0,53,53,73,9,9,9,3,13,45,45,45,37],"floor_reached":51,"playtime":1546,"items_purged":["Defend_R","Shame","Strike_R","Defend_R","Strike_R","Defend_R","Iron Wave","Clash"],"score":1046,"play_id":"cb8c560d-4075-4ca5-8a06-82d5ba6562b9","local_time":"20210106052732","is_ascension_mode":false,"campfire_choices":[{"data":"Armaments","floor":12,"key":"SMITH"},{"floor":15,"key":"REST"},{"data":"Sword Boomerang","floor":23,"key":"SMITH"},{"data":"Flex","floor":25,"key":"SMITH"},{"data":"True Grit","floor":30,"key":"SMITH"},{"data":"Double Tap","floor":32,"key":"SMITH"},{"data":"Seeing Red","floor":40,"key":"SMITH"},{"data":"Demon Form","floor":49,"key":"SMITH"}],"circlet_count":0,"master_deck":["Seeing Red+1","Armaments+1","Entrench+1","Double Tap+1","True Grit+1","Clash+1","Feed","Sword Boomerang+1","Body Slam+1","Flex+1","Rage","Finesse","Demon Form+1","Thunderclap+1","Flash of Steel+1","Doubt","Infernal Blade+1"],"relics":["vexMod:MegatonBomb","ClockworkSouvenir","Membership Card","Bag of Preparation","Ginger","Vajra","Lantern","vexMod:BarristanHead","Orichalcum","Ancient Tea Set","Philosopher\u0027s Stone","Bronze Scales","vexMod:InvisibilityCloak","Chemical X","Happy Flower","MealTicket","White Beast Statue","vexMod:PlasmaPancake","vexMod:PaidLearning","Darkstone Periapt","Boot","Toolbox","Blood Vial","Meat on the Bone","Sundial","Strange Spoon","TheAbacus","Gremlin Horn","Regal Pillow","vexMod:Cooldron","Letter Opener","Charon\u0027s Ashes","FossilizedHelix","vexMod:DeviousBotling","Sling","Champion Belt","vexMod:RedPlottingStone","Red Skull","Whetstone","Lee\u0027s Waffle","vexMod:FocusSash","vexMod:Dragonfruit","TungstenRod","Medical Kit","CaptainsWheel","Brimstone","Potion Belt","Bottled Lightning"],"acts_visited":["Exordium","TheCity","TheBeyond"],"potions_floor_usage":[14,24,24,33,33,33,41,41,50,50,50,50,50,50,50,50,50,50,50,50,50,50,50,50,50],"damage_taken":[{"damage":2.0,"enemies":"2 Louse","floor":1.0,"turns":3.0},{"damage":10.0,"enemies":"Gremlin Nob","floor":6.0,"turns":3.0},{"damage":25,"enemies":"3 Sentries","floor":8,"turns":9},{"damage":0,"enemies":"Cultist","floor":13,"turns":1},{"damage":2,"enemies":"Small Slimes","floor":14,"turns":3},{"damage":7,"enemies":"Slime Boss","floor":16,"turns":8},{"damage":9,"enemies":"2 Thieves","floor":18,"turns":4},{"damage":0,"enemies":"Shell Parasite","floor":24,"turns":1},{"damage":1,"enemies":"Collector","floor":33,"turns":3},{"damage":0,"enemies":"3 Shapes","floor":35,"turns":1},{"damage":0,"enemies":"Orb Walker","floor":41,"turns":1},{"damage":8,"enemies":"4 Shapes","floor":46,"turns":1},{"damage":0,"enemies":"Reptomancer","floor":47,"turns":1},{"damage":33,"enemies":"Awakened One","floor":50,"turns":2}],"seed_played":"-8957613223352047390","potions_obtained":[{"floor":1.0,"key":"Fire Potion"},{"floor":6.0,"key":"Block Potion"},{"floor":8,"key":"ElixirPotion"},{"floor":13,"key":"BloodPotion"},{"floor":18,"key":"Dexterity Potion"},{"floor":24,"key":"LiquidBronze"},{"floor":33,"key":"EntropicBrew"},{"floor":33,"key":"EntropicBrew"},{"floor":35,"key":"EntropicBrew"},{"floor":41,"key":"EntropicBrew"},{"floor":47,"key":"EntropicBrew"},{"floor":47,"key":"EntropicBrew"}],"is_trial":false,"path_per_floor":["M","?","$","T","?","E","M","E","T","?","?","R","M","M","R","B",null,"M","$","$","?","?","R","M","R","T","$","?","?","R","$","R","B",null,"M","?","?","$","T","R","M","$","T","?","$","M","E","T","R","B",null],"character_chosen":"IRONCLAD","items_purchased":["ClockworkSouvenir","Membership Card","Bag of Preparation","Ginger","Vajra","Armaments","Bronze Scales","vexMod:InvisibilityCloak","Chemical X","Happy Flower","MealTicket","Body Slam","Explosive Potion","Swift Potion","White Beast Statue","vexMod:PlasmaPancake","vexMod:PaidLearning","Darkstone Periapt","Boot","Toolbox","Meat on the Bone","Sundial","Strange Spoon","TheAbacus","Gremlin Horn","Regal Pillow","Strength Potion","Finesse","vexMod:Cooldron","Letter Opener","Charon\u0027s Ashes","FossilizedHelix","Sling","Champion Belt","vexMod:RedPlottingStone","Red Skull","Whetstone","Lee\u0027s Waffle","vexMod:Dragonfruit","TungstenRod","Medical Kit","Brimstone"],"campfire_rested":1,"item_purchase_floors":[3,3,3,3,3,3,19,19,19,19,19,19,19,19,20,20,20,20,20,20,27,27,27,27,27,27,27,27,31,31,31,31,38,38,38,38,38,38,42,42,42,45],"current_hp_per_floor":[78,78,78,78,78,68,68,43,43,32,32,32,32,46,70,63,80,75,75,90,90,90,90,90,90,90,90,90,90,90,90,90,89,90,93,93,93,106,106,106,106,111,111,111,117,112,114,114,114,90],"gold":37,"neow_bonus":"BOSS_RELIC","is_daily":false,"chose_seed":false,"campfire_upgraded":7,"win_rate":0.0,"timestamp":1609882052,"path_taken":["M","?","$","?","?","E","?","E","T","?","?","R","?","?","R","BOSS","M","?","$","?","?","R","?","R","T","$","?","?","R","?","R","BOSS","M","?","?","$","?","R","?","$","T","?","?","?","E","?","R","BOSS"],"items_purchased_type":["Relic","Relic","Relic","Relic","Relic","Card","Relic","Relic","Relic","Relic","Relic","Card","Potion","Potion","Relic","Relic","Relic","Relic","Relic","Relic","Relic","Relic","Relic","Relic","Relic","Relic","Potion","Card","Relic","Relic","Relic","Relic","Relic","Relic","Relic","Relic","Relic","Relic","Relic","Relic","Relic","Relic"],"build_version":"2020-12-22","purchased_purges":8,"victory":true,"max_hp_per_floor":[80,80,80,80,80,80,80,80,80,80,80,80,80,80,80,80,80,84,84,90,90,90,90,90,90,90,90,90,90,90,90,90,90,90,93,93,93,106,106,106,106,111,111,111,117,120,120,120,120,123],"card_choices":[{"not_picked":["Thunderclap","Burning Pact"],"picked":"Seeing Red","floor":1.0},{"not_picked":["Cleave","Warcry"],"picked":"Clash","floor":6.0},{"not_picked":["Clothesline","Seeing Red"],"picked":"Double Tap","floor":8},{"not_picked":["True Grit","Sword Boomerang"],"picked":"Clash","floor":13},{"not_picked":["Perfected Strike","Infernal Blade","Bludgeon"],"picked":"SKIP","floor":14},{"not_picked":["Fiend Fire","Juggernaut"],"picked":"Feed","floor":16},{"not_picked":["Flex","Entrench"],"picked":"Sword Boomerang","floor":18},{"not_picked":["Headbutt","Sword Boomerang","Feed"],"picked":"SKIP","floor":24},{"not_picked":["Offering","Double Tap"],"picked":"Demon Form","floor":33},{"not_picked":["Bloodletting+1","Feel No Pain+1"],"picked":"Thunderclap+1","floor":35},{"not_picked":["vexMod:EmailVexCard","Jack Of All Trades"],"picked":"Flash of Steel","floor":37},{"not_picked":["Anger","Body Slam","Thunderclap"],"picked":"SKIP","floor":41},{"not_picked":["Rampage","True Grit+1","Metallicize+1"],"picked":"SKIP","floor":46},{"not_picked":["Flex","Clash+1"],"picked":"Infernal Blade+1","floor":47}],"player_experience":18916,"relics_obtained":[{"floor":4.0,"key":"Lantern"},{"floor":6.0,"key":"vexMod:BarristanHead"},{"floor":8,"key":"Orichalcum"},{"floor":9,"key":"Ancient Tea Set"},{"floor":26,"key":"Blood Vial"},{"floor":39,"key":"vexMod:FocusSash"},{"floor":43,"key":"CaptainsWheel"},{"floor":47,"key":"Potion Belt"},{"floor":48,"key":"Bottled Lightning"}],"event_choices":[{"damage_healed":0.0,"max_hp_gain":0.0,"max_hp_loss":0.0,"gold_gain":0.0,"event_name":"Match and Keep!","player_choice":"0 cards matched","floor":2.0,"gold_loss":0.0,"damage_taken":0.0,"cards_obtained":[]},{"damage_healed":0.0,"max_hp_gain":0.0,"max_hp_loss":0.0,"gold_gain":0.0,"cards_transformed":["Strike_R"],"event_name":"Transmorgrifier","player_choice":"Transformed","floor":5.0,"gold_loss":0.0,"damage_taken":0.0,"cards_obtained":["Entrench"]},{"damage_healed":0,"gold_gain":0,"player_choice":"Leave","damage_taken":0,"max_hp_gain":0,"max_hp_loss":0,"event_name":"The Cleric","floor":7,"gold_loss":0},{"damage_healed":0,"gold_gain":75,"player_choice":"Gather Gold","damage_taken":11,"max_hp_gain":0,"max_hp_loss":0,"event_name":"World of Goop","floor":10,"gold_loss":0},{"damage_healed":0,"gold_gain":0,"cards_transformed":["Strike_R"],"player_choice":"Transformed","damage_taken":0,"max_hp_gain":0,"max_hp_loss":0,"event_name":"Transmorgrifier","floor":11,"gold_loss":0,"cards_obtained":["True Grit"]},{"damage_healed":0,"gold_gain":0,"cards_transformed":["Strike_R","Defend_R"],"player_choice":"Became Test Subject","damage_taken":0,"max_hp_gain":0,"max_hp_loss":0,"event_name":"Drug Dealer","floor":21,"gold_loss":0,"cards_obtained":["Flex","Rage"]},{"cards_removed":["Bash"],"damage_healed":0,"gold_gain":0,"player_choice":"Took Card","damage_taken":0,"max_hp_gain":0,"max_hp_loss":0,"event_name":"NoteForYourself","floor":22,"gold_loss":0,"cards_obtained":["Iron Wave"]},{"damage_healed":0,"gold_gain":0,"player_choice":"Ignored","damage_taken":0,"max_hp_gain":0,"max_hp_loss":0,"event_name":"Ghosts","floor":28,"gold_loss":0},{"damage_healed":0,"gold_gain":99,"player_choice":"Stole From Cult","damage_taken":0,"max_hp_gain":0,"max_hp_loss":0,"event_name":"Nest","floor":29,"gold_loss":0},{"damage_healed":0,"gold_gain":0,"player_choice":"Memory 1","damage_taken":0,"max_hp_gain":0,"max_hp_loss":0,"event_name":"SensoryStone","floor":37,"gold_loss":0},{"cards_removed":["Normality"],"damage_healed":0,"gold_gain":0,"player_choice":"Removed Curses","damage_taken":0,"max_hp_gain":0,"max_hp_loss":0,"event_name":"Fountain of Cleansing","floor":44,"gold_loss":0}],"is_beta":false,"boss_relics":[{"not_picked":["vexMod:RockOfEvil","Sozu"],"picked":"Philosopher\u0027s Stone"},{"not_picked":["Calling Bell","Coffee Dripper"],"picked":"vexMod:DeviousBotling"}],"items_purged_floors":[3,19,19,19,19,20,31,42],"is_endless":false,"potions_floor_spawned":[1,6,8,8,13,14,18,24,33,33,35,35,41,41,41,46,46,47,47,47],"ascension_level":0}}