{"host":"2461dio7vetlq1z3","time":1609809737,"event":{"mods":["2.2 Compatiblity","AchievementEnabler","BaseMod","Better Third Choice","Friendly Minions","Minty Spire (QoL Compilation)","Relic Stats","Spicy Shops","StSLib","The Marked","Waifu the Spire"],"gold_per_floor":[118,43,43,57,70,70,95,95,95,195,227,237,237,254,254,349,349,361,65,78,95,114,114,149,149,176,206,224,240,251,251,251,350,350,368,382,60,77,77,103,103,117,144,162,190,208,224,249,249,249,249,249,14,39,39],"floor_reached":56,"playtime":3048,"items_purged":["theMarked:Strike","theMarked:SoldierOfQuellstein+1","theMarked:Parkour","theMarked:BanishingStrike"],"score":1393,"play_id":"583bb487-9158-4680-bcf3-48657c54e457","local_time":"20210105022217","is_ascension_mode":false,"campfire_choices":[{"data":"theMarked:SoldierOfQuellstein","floor":6.0,"key":"SMITH"},{"data":"theMarked:BanishingStrike","floor":8.0,"key":"SMITH"},{"data":"theMarked:KeepCalmAndFightOn","floor":13.0,"key":"SMITH"},{"data":"theMarked:WastefulAttack","floor":15.0,"key":"SMITH"},{"data":"theMarked:MysticalArsenal","floor":23.0,"key":"SMITH"},{"data":"theMarked:SummonStrength","floor":25.0,"key":"SMITH"},{"data":"theMarked:DeterminationOfTheMarked","floor":32.0,"key":"SMITH"},{"floor":41,"key":"RECALL"},{"floor":49,"key":"REST"},{"floor":52,"key":"REST"}],"circlet_count":0,"master_deck":["theMarked:WastefulAttack+1","theMarked:WastefulAttack+1","theMarked:BanishingStrike+1","theMarked:KeepCalmAndFightOn+1","theMarked:Overthink","theMarked:TurnInvisible","theMarked:UnarmedFury","theMarked:MaelstromOfLightning","theMarked:Vacuum","theMarked:MuscleMemory+1","theMarked:Overcharge","theMarked:StartUp","theMarked:TunnelVision","theMarked:SummonStrength+1","theMarked:Seal+1","theMarked:MysticalArsenal+1","theMarked:TwofoldDefense+1","theMarked:WardOff","theMarked:DeterminationOfTheMarked+1","theMarked:SelfDefenseTraining+1","theMarked:Abjuration","Necronomicurse","theMarked:MuscleMemory","theMarked:BanishingStrike+1","theMarked:HeritageOfTheMarked","theMarked:HeritageOfTheMarked","theMarked:Seal+1","theMarked:MysticalArsenal+1","theMarked:DeterminationOfTheMarked+1"],"relics":["theMarked:ArtifactOfAir","Nunchaku","StoneCalendar","StrikeDummy","Akabeko","Pandora\u0027s Box","Membership Card","Bag of Marbles","Gremlin Horn","Anchor","Question Card","Necronomicon","Fusion Hammer","TungstenRod","Whetstone","Mummified Hand","Blue Candle","InkBottle","Pantograph","Pear"],"acts_visited":["Exordium","TheCity","TheBeyond","TheEnding"],"potions_floor_usage":[50,50,55,55],"damage_taken":[{"damage":1.0,"enemies":"Cultist","floor":1.0,"turns":3.0},{"damage":0.0,"enemies":"2 Louse","floor":4.0,"turns":2.0},{"damage":0.0,"enemies":"Small Slimes","floor":5.0,"turns":3.0},{"damage":36.0,"enemies":"Lagavulin","floor":7.0,"turns":6.0},{"damage":6.0,"enemies":"Gremlin Nob","floor":11.0,"turns":3.0},{"damage":4.0,"enemies":"Gremlin Gang","floor":12.0,"turns":3.0},{"damage":0.0,"enemies":"Red Slaver","floor":14.0,"turns":1.0},{"damage":7.0,"enemies":"Slime Boss","floor":16.0,"turns":7.0},{"damage":18.0,"enemies":"Shell Parasite","floor":18.0,"turns":2.0},{"damage":0.0,"enemies":"Chosen","floor":20.0,"turns":1.0},{"damage":3.0,"enemies":"Snake Plant","floor":21.0,"turns":2.0},{"damage":0.0,"enemies":"Centurion and Healer","floor":22.0,"turns":3.0},{"damage":0.0,"enemies":"Gremlin Leader","floor":24.0,"turns":2.0},{"damage":0.0,"enemies":"Slavers","floor":27.0,"turns":1.0},{"damage":0.0,"enemies":"Chosen and Byrds","floor":28.0,"turns":3.0},{"damage":3.0,"enemies":"Snake Plant","floor":29.0,"turns":2.0},{"damage":0.0,"enemies":"Cultist and Chosen","floor":30.0,"turns":2.0},{"damage":2.0,"enemies":"Champ","floor":33.0,"turns":5.0},{"damage":0.0,"enemies":"3 Darklings","floor":35.0,"turns":1.0},{"damage":5,"enemies":"3 Shapes","floor":36,"turns":3},{"damage":0,"enemies":"Writhing Mass","floor":38,"turns":4},{"damage":0,"enemies":"Giant Head","floor":40,"turns":4},{"damage":0,"enemies":"Maw","floor":42,"turns":3},{"damage":0,"enemies":"4 Shapes","floor":44,"turns":1},{"damage":0,"enemies":"Reptomancer","floor":45,"turns":2},{"damage":0,"enemies":"Transient","floor":46,"turns":5},{"damage":0,"enemies":"3 Darklings","floor":47,"turns":1},{"damage":8,"enemies":"Giant Head","floor":48,"turns":4},{"damage":56,"enemies":"Awakened One","floor":50,"turns":8},{"damage":0,"enemies":"Shield and Spear","floor":54,"turns":2},{"damage":66,"enemies":"The Heart","floor":55,"turns":7}],"seed_played":"4761156321529466795","potions_obtained":[{"floor":1.0,"key":"DuplicationPotion"},{"floor":12.0,"key":"Swift Potion"},{"floor":14.0,"key":"FearPotion"},{"floor":22.0,"key":"Energy Potion"},{"floor":24.0,"key":"AttackPotion"},{"floor":29.0,"key":"Regen Potion"},{"floor":30.0,"key":"DuplicationPotion"},{"floor":36,"key":"Swift Potion"}],"is_trial":false,"path_per_floor":["M","$","?","M","M","R","E","R","T","?","E","M","R","M","R","B",null,"M","$","M","M","M","R","E","R","T","E","M","M","M","?","R","B",null,"M","M","$","M","?","E","R","M","T","M","E","M","M","E","R","B",null,"R","$","E","B",null],"character_chosen":"THE_DEFAULT","items_purchased":["Membership Card","theMarked:MysticalArsenal","Bag of Marbles","TungstenRod","theMarked:HeritageOfTheMarked","Whetstone","Pantograph","EssenceOfSteel"],"campfire_rested":2,"item_purchase_floors":[19,19,19,37,37,37,53,53],"current_hp_per_floor":[69,69,74,74,74,74,38,38,38,38,32,28,28,28,28,21,75,57,57,57,54,54,54,54,54,54,54,54,51,51,35,35,47,75,75,70,70,70,70,70,70,70,70,70,70,70,70,62,75,19,75,75,75,85,19],"gold":39,"neow_bonus":"RANDOM_COMMON_RELIC","is_daily":false,"chose_seed":false,"campfire_upgraded":7,"win_rate":0.0,"timestamp":1609809737,"path_taken":["M","?","?","M","M","R","E","R","T","?","E","M","R","?","R","BOSS","M","$","M","M","M","R","E","R","T","E","M","M","M","?","R","BOSS","M","M","$","M","?","E","R","M","T","M","E","M","M","E","R","BOSS","R","$","E","BOSS"],"items_purchased_type":["Relic","Card","Relic","Relic","Card","Relic","Relic","Potion"],"build_version":"2020-12-22","purchased_purges":4,"victory":true,"max_hp_per_floor":[70,70,75,75,75,75,75,75,75,75,75,75,75,75,75,75,75,75,75,75,75,75,75,75,75,75,75,75,75,75,75,75,75,75,75,75,75,75,75,75,75,75,75,75,75,75,75,75,75,75,75,75,75,85,85],"relic_stats":{"Gremlin Horn":[19,20],"counters":[31,95],"Blue Candle":[10],"StoneCalendar":[113],"Whetstone":["theMarked:WastefulAttack","theMarked:MuscleMemory"],"Question Card":15,"Nunchaku":[24],"Mummified Hand":[44],"Pantograph":0,"Pandora\u0027s Box":["theMarked:MaelstromOfLightning","theMarked:Vacuum","theMarked:MuscleMemory","theMarked:Overcharge","theMarked:StartUp","theMarked:TunnelVision","theMarked:SummonStrength","theMarked:BanishingStrike"],"Necronomicon":[19],"obtain_stats":[{"Pear":54,"Gremlin Horn":24,"Blue Candle":45,"StoneCalendar":7,"Whetstone":37,"Question Card":27,"Akabeko":11,"theMarked:ArtifactOfAir":0,"Nunchaku":0,"Anchor":26,"Mummified Hand":40,"Pantograph":53,"Pandora\u0027s Box":17,"Fusion Hammer":34,"Bag of Marbles":19,"Necronomicon":31,"Membership Card":19,"StrikeDummy":9,"TungstenRod":37,"InkBottle":48},{"Pear":30,"Gremlin Horn":13,"Blue Candle":25,"StoneCalendar":4,"Whetstone":20,"Question Card":14,"Akabeko":5,"theMarked:ArtifactOfAir":0,"Nunchaku":0,"Anchor":13,"Mummified Hand":22,"Pantograph":29,"Pandora\u0027s Box":8,"Fusion Hammer":18,"Bag of Marbles":9,"Necronomicon":17,"Membership Card":9,"StrikeDummy":4,"TungstenRod":20,"InkBottle":28},{"Pear":88,"Gremlin Horn":38,"Blue Candle":68,"StoneCalendar":14,"Whetstone":55,"Question Card":39,"Akabeko":17,"theMarked:ArtifactOfAir":0,"Nunchaku":0,"Anchor":38,"Mummified Hand":63,"Pantograph":86,"Pandora\u0027s Box":28,"Fusion Hammer":51,"Bag of Marbles":30,"Necronomicon":46,"Membership Card":30,"StrikeDummy":14,"TungstenRod":55,"InkBottle":78}],"TungstenRod":52,"InkBottle":[8]},"card_choices":[{"not_picked":["theMarked:ParalyzingBlade","theMarked:Opportunist"],"picked":"theMarked:WastefulAttack","floor":1.0},{"not_picked":["theMarked:SwordAndMagic","theMarked:ResourceFulStrike"],"picked":"theMarked:WastefulAttack","floor":4.0},{"not_picked":["theMarked:BanishingStrike","theMarked:RepellingDischarge"],"picked":"theMarked:Parkour","floor":5.0},{"not_picked":["theMarked:Parkour","theMarked:RogueSparks"],"picked":"theMarked:BanishingStrike","floor":7.0},{"not_picked":["theMarked:WardOff","theMarked:ResourceFulStrike"],"picked":"theMarked:KeepCalmAndFightOn","floor":11.0},{"not_picked":["theMarked:HeightenedSenses","theMarked:WastefulDefense"],"picked":"theMarked:Overthink","floor":12.0},{"not_picked":["theMarked:Improvise","theMarked:HeightenedSenses"],"picked":"theMarked:TurnInvisible","floor":14.0},{"not_picked":["theMarked:MuscleMemory","theMarked:Levitate"],"picked":"theMarked:UnarmedFury","floor":16.0},{"not_picked":["theMarked:ParalyzingBlade","theMarked:DeterminationOfTheMarked"],"picked":"theMarked:Seal+1","floor":18.0},{"not_picked":["theMarked:WastefulAttack","theMarked:ResourceFulStrike"],"picked":"theMarked:TwofoldDefense+1","floor":20.0},{"not_picked":["theMarked:HeightenedSenses","theMarked:ElectricStrings"],"picked":"theMarked:WardOff","floor":21.0},{"not_picked":["theMarked:WastefulDefense","theMarked:Frustration"],"picked":"theMarked:WardOff","floor":22.0},{"not_picked":["theMarked:StartUp","theMarked:Generate"],"picked":"theMarked:DeterminationOfTheMarked","floor":24.0},{"not_picked":["theMarked:BanishingStrike","theMarked:ElectricStrings+1","theMarked:Standoff"],"picked":"SKIP","floor":27.0},{"not_picked":["theMarked:Parkour+1","theMarked:DeterminationOfTheMarked","theMarked:EmpowerWeapon"],"picked":"theMarked:SelfDefenseTraining+1","floor":28.0},{"not_picked":["theMarked:ResourceFulStrike","theMarked:Frustration+1","theMarked:ElementalBlade+1"],"picked":"theMarked:Abjuration","floor":29.0},{"not_picked":["theMarked:CreepingChasm","theMarked:PowerFlow+1","theMarked:Panic","theMarked:TakeCover"],"picked":"SKIP","floor":30.0},{"not_picked":["theMarked:BindingBlade","theMarked:TurnInvisible","theMarked:ThrowWeapon"],"picked":"theMarked:MuscleMemory","floor":33.0},{"not_picked":["theMarked:ElectricStrings","theMarked:WardOff","theMarked:CreepingChasm+1"],"picked":"theMarked:BanishingStrike+1","floor":35.0},{"not_picked":["theMarked:Frustration+1","theMarked:RepellingDischarge","theMarked:EmpowerWeapon","theMarked:ElectricStrings+1"],"picked":"SKIP","floor":36},{"not_picked":["theMarked:Indomitable","theMarked:RogueSparks","theMarked:Improvise","theMarked:RepellingDischarge"],"picked":"SKIP","floor":38},{"not_picked":["theMarked:Seal","theMarked:UnarmedFury","theMarked:EmpowerWeapon+1"],"picked":"theMarked:HeritageOfTheMarked","floor":40},{"not_picked":["theMarked:WastefulAttack","theMarked:Parkour+1","theMarked:KeepCalmAndFightOn+1"],"picked":"theMarked:Seal+1","floor":42},{"not_picked":["theMarked:SwordAndMagic","theMarked:WastefulAttack+1","theMarked:CreepingChasm+1","theMarked:ShockingTouch+1"],"picked":"SKIP","floor":44},{"not_picked":["theMarked:ReduceFriction","theMarked:ElectricStrings","theMarked:CreepingChasm"],"picked":"theMarked:MysticalArsenal+1","floor":45},{"not_picked":["theMarked:Aftermath+1","theMarked:ChainLightning+1","theMarked:EternalStudent","theMarked:HeightenedSenses"],"picked":"SKIP","floor":46},{"not_picked":["theMarked:TakeCover+1","theMarked:ChainLightning+1","theMarked:Aftermath","theMarked:BanishingStrike+1"],"picked":"SKIP","floor":47},{"not_picked":["theMarked:Panic+1","theMarked:Aftermath","theMarked:Overthink"],"picked":"theMarked:DeterminationOfTheMarked+1","floor":48},{"not_picked":["theMarked:GodGivenPower","theMarked:ElementalBlade+1","theMarked:HeightenedSenses+1","theMarked:EnhanceMovement+1"],"picked":"SKIP","floor":54}],"player_experience":1056073,"relics_obtained":[{"floor":7.0,"key":"StoneCalendar"},{"floor":9.0,"key":"StrikeDummy"},{"floor":11.0,"key":"Akabeko"},{"floor":24.0,"key":"Gremlin Horn"},{"floor":26.0,"key":"Anchor"},{"floor":27.0,"key":"Question Card"},{"floor":31.0,"key":"Necronomicon"},{"floor":40,"key":"Mummified Hand"},{"floor":45,"key":"Blue Candle"},{"floor":48,"key":"InkBottle"},{"floor":54,"key":"Pear"}],"event_choices":[{"damage_healed":0.0,"max_hp_gain":5.0,"max_hp_loss":0.0,"gold_gain":0.0,"event_name":"Big Fish","player_choice":"Donut","floor":3.0,"gold_loss":0.0,"damage_taken":0.0},{"damage_healed":0.0,"max_hp_gain":0.0,"max_hp_loss":0.0,"gold_gain":100.0,"event_name":"Golden Shrine","player_choice":"Pray","floor":10.0,"gold_loss":0.0,"damage_taken":0.0},{"damage_healed":0.0,"max_hp_gain":0.0,"max_hp_loss":0.0,"gold_gain":0.0,"event_name":"Cursed Tome","player_choice":"Obtained Book","floor":31.0,"gold_loss":0.0,"damage_taken":16.0},{"cards_removed":["theMarked:WardOff"],"damage_healed":0,"gold_gain":0,"player_choice":"Removed Skill","damage_taken":0,"max_hp_gain":0,"max_hp_loss":0,"event_name":"Falling","floor":39,"gold_loss":0}],"is_beta":false,"boss_relics":[{"not_picked":["Cursed Key","Calling Bell"],"picked":"Pandora\u0027s Box"},{"not_picked":["theMarked:SpiritSword","Snecko Eye"],"picked":"Fusion Hammer"}],"items_purged_floors":[2,19,37,53],"is_endless":false,"potions_floor_spawned":[1,12,14,22,24,29,30,36,45,46,48],"ascension_level":0}}