{"host":"37dk0reb6x0du8wx","time":1609830467,"event":{"mods":["BaseMod","Colored Map","DeckTracker","Minty Spire (QoL Compilation)","Quick Restart","StSLib"],"gold_per_floor":[109,109,119,44,44,76,76,90,163,163,181,210,59,134,134,231,231,243,263,283,303,123,123,222,222,222],"floor_reached":25,"playtime":630,"items_purged":["Strike_B","Strike_B"],"score":271,"play_id":"662191ce-94cc-4c74-b0f7-24e955f52f57","local_time":"20210105160747","is_ascension_mode":true,"campfire_choices":[{"floor":7,"key":"REST"},{"data":"Capacitor","floor":10,"key":"SMITH"},{"data":"Reinforced Body","floor":15,"key":"SMITH"},{"data":"Consume","floor":23,"key":"SMITH"}],"circlet_count":0,"master_deck":["Strike_B","Strike_B","Defend_B","Defend_B","Defend_B","Defend_B","Zap+1","Dualcast","Capacitor+1","Reinforced Body+1","Consume+1"],"relics":["Cracked Core","NeowsBlessing","Bag of Preparation","Mercury Hourglass","Shuriken","Lee\u0027s Waffle","Velvet Choker"],"acts_visited":["Exordium","TheCity"],"potions_floor_usage":[12,16,16,16,16,16,25],"damage_taken":[{"damage":0,"enemies":"Small Slimes","floor":1,"turns":1},{"damage":0,"enemies":"Cultist","floor":3,"turns":1},{"damage":0,"enemies":"3 Sentries","floor":6,"turns":1},{"damage":7,"enemies":"2 Louse","floor":8,"turns":3},{"damage":2,"enemies":"Looter","floor":11,"turns":3},{"damage":15,"enemies":"Gremlin Nob","floor":12,"turns":4},{"damage":39,"enemies":"The Guardian","floor":16,"turns":11},{"damage":1,"enemies":"Spheric Guardian","floor":18,"turns":4},{"damage":13,"enemies":"Chosen","floor":19,"turns":5},{"damage":21,"enemies":"Snake Plant","floor":20,"turns":6},{"damage":17,"enemies":"Snecko","floor":21,"turns":7},{"damage":34,"enemies":"Book of Stabbing","floor":25,"turns":6}],"seed_played":"6308787009380644670","potions_obtained":[{"floor":1,"key":"EntropicBrew"},{"floor":3,"key":"Weak Potion"},{"floor":12,"key":"FocusPotion"},{"floor":16,"key":"SpeedPotion"},{"floor":18,"key":"CultistPotion"}],"is_trial":false,"path_per_floor":["M","?","M","$","?","E","R","M","T","R","M","E","$","?","R","B",null,"M","M","M","M","$","R","?","E"],"character_chosen":"DEFECT","items_purchased":["Lee\u0027s Waffle","Consume"],"campfire_rested":1,"item_purchase_floors":[13,22],"current_hp_per_floor":[75,75,75,75,80,80,80,73,73,73,71,56,87,76,76,37,87,86,73,52,35,35,35,35,1,1],"gold":222,"neow_bonus":"THREE_ENEMY_KILL","is_daily":false,"chose_seed":false,"campfire_upgraded":3,"win_rate":0.0,"timestamp":1609830467,"path_taken":["M","?","?","$","?","E","R","M","T","R","M","E","$","?","R","BOSS","M","M","M","M","$","R","?","E"],"items_purchased_type":["Relic","Card"],"build_version":"2020-12-22","purchased_purges":2,"victory":false,"max_hp_per_floor":[75,75,75,75,80,80,80,80,80,80,80,80,87,87,87,87,87,87,87,87,87,87,87,87,87,87],"card_choices":[{"not_picked":["Fusion","Gash"],"picked":"Capacitor","floor":1},{"not_picked":["Beam Cell","Lockon","Chaos"],"picked":"SKIP","floor":3},{"not_picked":["Compile Driver","Chill","Stack"],"picked":"SKIP","floor":6},{"not_picked":["Sweeping Beam","Aggregate","Heatsinks"],"picked":"SKIP","floor":8},{"not_picked":["Turbo","Hello World","Beam Cell"],"picked":"SKIP","floor":11},{"not_picked":["Chill","Capacitor"],"picked":"Reinforced Body","floor":12},{"not_picked":["Hologram","Sweeping Beam","Compile Driver"],"picked":"SKIP","floor":18},{"not_picked":["Skim+1","Cold Snap","Blizzard"],"picked":"SKIP","floor":19},{"not_picked":["Scrape","White Noise+1","Beam Cell+1"],"picked":"SKIP","floor":20},{"not_picked":["Coolheaded","Lockon+1","White Noise+1"],"picked":"SKIP","floor":21}],"player_experience":148016,"relics_obtained":[{"floor":6,"key":"Bag of Preparation"},{"floor":9,"key":"Mercury Hourglass"},{"floor":12,"key":"Shuriken"}],"event_choices":[{"damage_healed":0,"gold_gain":0,"player_choice":"Forge","damage_taken":0,"max_hp_gain":0,"max_hp_loss":0,"event_name":"Accursed Blacksmith","floor":2,"gold_loss":0,"cards_upgraded":["Zap"]},{"damage_healed":0,"gold_gain":0,"player_choice":"Donut","damage_taken":0,"max_hp_gain":5,"max_hp_loss":0,"event_name":"Big Fish","floor":5,"gold_loss":0},{"damage_healed":0,"gold_gain":75,"player_choice":"Gather Gold","damage_taken":11,"max_hp_gain":0,"max_hp_loss":0,"event_name":"World of Goop","floor":14,"gold_loss":0},{"damage_healed":0,"gold_gain":99,"player_choice":"Stole From Cult","damage_taken":0,"max_hp_gain":0,"max_hp_loss":0,"event_name":"Nest","floor":24,"gold_loss":0}],"is_beta":false,"boss_relics":[{"not_picked":["Busted Crown","SlaversCollar"],"picked":"Velvet Choker"}],"items_purged_floors":[4,22],"is_endless":false,"potions_floor_spawned":[1,3,12,16,18],"killed_by":"Book of Stabbing","ascension_level":3}}