{"host":"qm4rv4rkpk76sbxu","time":1609839879,"event":{"mods":["BaseMod","Bestiary","Block Reminder","Filter the Spire","Keyboard Shortcuts","Minty Spire (QoL Compilation)","MonsterHotkey","Potion Indicator Mod","Quick Restart","Relic Stats","Slay-I","StSLib","ojb\u0027s Better Paths Mod"],"gold_per_floor":[211,211,231,231,381,381,425,450,450,450,450,494,494,494,494],"floor_reached":14,"playtime":1135,"items_purged":[],"score":192,"play_id":"f362edb4-894d-45c3-802f-94bcac478338","local_time":"20210105104439","is_ascension_mode":true,"campfire_choices":[{"floor":10.0,"key":"REST"},{"floor":13.0,"key":"REST"}],"circlet_count":0,"master_deck":["AscendersBane","Strike_G","Strike_G","Strike_G","Strike_G","Strike_G","Defend_G","Defend_G","Defend_G","Defend_G","Defend_G","Survivor","Neutralize","Dagger Throw","Doubt","Poisoned Stab","Backstab","Blur"],"relics":["Ring of the Snake","InkBottle","Golden Idol","Centennial Puzzle","Omamori","Unceasing Top"],"acts_visited":["Exordium"],"potions_floor_usage":[],"damage_taken":[{"damage":0.0,"enemies":"Jaw Worm","floor":1.0,"turns":6.0},{"damage":1.0,"enemies":"2 Louse","floor":3.0,"turns":3.0},{"damage":49.0,"enemies":"Lagavulin","floor":7.0,"turns":10.0},{"damage":0.0,"enemies":"Small Slimes","floor":8.0,"turns":5.0},{"damage":31.0,"enemies":"3 Sentries","floor":12.0,"turns":12.0},{"damage":65,"enemies":"Lagavulin","floor":14,"turns":8}],"seed_played":"-6382910556702744002","potions_obtained":[{"floor":1.0,"key":"PowerPotion"},{"floor":7.0,"key":"FairyPotion"}],"is_trial":false,"path_per_floor":["M","?","M","?","?","?","E","M","T","R","?","E","R","E"],"character_chosen":"THE_SILENT","items_purchased":[],"campfire_rested":2,"item_purchase_floors":[],"current_hp_per_floor":[59,59,58,51,51,51,2,2,2,20,35,4,22,0,0],"gold":494,"neow_bonus":"HUNDRED_GOLD","is_daily":false,"chose_seed":false,"campfire_upgraded":0,"win_rate":0.0,"timestamp":1609839879,"path_taken":["M","?","M","?","?","?","E","?","T","R","?","E","R","E"],"items_purchased_type":[],"build_version":"2020-12-22","purchased_purges":0,"victory":false,"max_hp_per_floor":[66,66,66,66,66,60,60,60,60,60,60,60,60,60,60],"relic_stats":{"Centennial Puzzle":[6],"counters":[6,44],"Golden Idol":23,"obtain_stats":[{"Centennial Puzzle":7,"Golden Idol":6,"Omamori":9,"InkBottle":2,"Unceasing Top":12,"Ring of the Snake":0},{"Centennial Puzzle":3,"Golden Idol":2,"Omamori":4,"InkBottle":1,"Unceasing Top":5,"Ring of the Snake":0},{"Centennial Puzzle":19,"Golden Idol":9,"Omamori":24,"InkBottle":6,"Unceasing Top":36,"Ring of the Snake":0}],"InkBottle":[11],"Unceasing Top":[1],"Ring of the Snake":[12]},"card_choices":[{"not_picked":["Eviscerate","PiercingWail","Escape Plan"],"picked":"SKIP","floor":1.0},{"not_picked":["Cloak And Dagger","Sucker Punch"],"picked":"Dagger Throw","floor":3.0},{"not_picked":["Backflip","Terror"],"picked":"Poisoned Stab","floor":7.0},{"not_picked":["Dash","Prepared"],"picked":"Backstab","floor":8.0},{"not_picked":["Cloak And Dagger","Prepared"],"picked":"Blur","floor":12.0}],"player_experience":1215525,"relics_obtained":[{"floor":7.0,"key":"Centennial Puzzle"},{"floor":9.0,"key":"Omamori"},{"floor":12.0,"key":"Unceasing Top"}],"event_choices":[{"damage_healed":0.0,"max_hp_gain":0.0,"max_hp_loss":0.0,"gold_gain":0.0,"event_name":"Big Fish","player_choice":"Box","floor":2.0,"gold_loss":0.0,"damage_taken":0.0,"relics_obtained":["InkBottle"],"cards_obtained":["Regret"]},{"cards_removed":["Regret"],"damage_healed":0.0,"max_hp_gain":0.0,"max_hp_loss":0.0,"gold_gain":0.0,"event_name":"Golden Wing","player_choice":"Card Removal","floor":4.0,"gold_loss":0.0,"damage_taken":7.0},{"damage_healed":0.0,"max_hp_gain":0.0,"max_hp_loss":0.0,"gold_gain":150.0,"event_name":"Liars Game","player_choice":"AGREE","floor":5.0,"gold_loss":0.0,"damage_taken":0.0,"cards_obtained":["Doubt"]},{"damage_healed":0.0,"max_hp_gain":0.0,"max_hp_loss":6.0,"gold_gain":0.0,"event_name":"Golden Idol","player_choice":"Lose Max HP","floor":6.0,"gold_loss":0.0,"damage_taken":0.0,"relics_obtained":["Golden Idol"]},{"damage_healed":15.0,"max_hp_gain":0.0,"max_hp_loss":0.0,"gold_gain":0.0,"event_name":"Mushrooms","player_choice":"Healed and dodged fight","floor":11.0,"gold_loss":0.0,"damage_taken":0.0,"cards_obtained":["Parasite"]}],"is_beta":false,"boss_relics":[],"items_purged_floors":[],"is_endless":false,"potions_floor_spawned":[1,7],"killed_by":"Lagavulin","ascension_level":20}}