{"host":"jpcy2bclvs7juczu","time":1609844642,"event":{"mods":["AchievementEnabler","Alarm Clock","BaseMod","Block Reminder","Colored Map","Colored Powertips","Curses Come First","Minty Spire (QoL Compilation)","Quick Restart","RNG Fix","Relic Stats","StSLib","ojb\u0027s Better Paths Mod","ojb\u0027s Info Mod","slay the spire mod where everything is the same but ironclad has a cowboy hat"],"gold_per_floor":[164,164,174,40,59,59,75,108,135,160,180,180,180,180],"floor_reached":13,"playtime":376,"items_purged":[],"score":190,"play_id":"894d2a78-5dd4-41f5-87da-72e1db2f44d1","local_time":"20210105110402","is_ascension_mode":true,"campfire_choices":[{"data":"Carnage","floor":6.0,"key":"SMITH"}],"circlet_count":0,"master_deck":["AscendersBane","Strike_R","Strike_R","Strike_R","Strike_R","Strike_R","Defend_R","Defend_R+1","Defend_R+1","Defend_R","Bash+1","Pommel Strike","Shrug It Off","Clothesline","Carnage+1","Flame Barrier","Shrug It Off","Dropkick"],"relics":["Tiny House","Centennial Puzzle","PreservedInsect"],"acts_visited":["Exordium"],"potions_floor_usage":[13,13],"damage_taken":[{"damage":1.0,"enemies":"Cultist","floor":1.0,"turns":3.0},{"damage":6.0,"enemies":"Jaw Worm","floor":3.0,"turns":3.0},{"damage":2.0,"enemies":"Small Slimes","floor":5.0,"turns":4.0},{"damage":3.0,"enemies":"3 Louse","floor":7.0,"turns":4.0},{"damage":15.0,"enemies":"Lagavulin","floor":8.0,"turns":6.0},{"damage":24.0,"enemies":"Gremlin Nob","floor":10.0,"turns":4.0},{"damage":6.0,"enemies":"Looter","floor":11.0,"turns":2.0},{"damage":26,"enemies":"Lagavulin","floor":13,"turns":7}],"seed_played":"2664131241780619508","potions_obtained":[{"floor":0.0,"key":"PowerPotion"},{"floor":5.0,"key":"SpeedPotion"},{"floor":8.0,"key":"Dexterity Potion"},{"floor":12.0,"key":"Swift Potion"}],"is_trial":false,"path_per_floor":["M","?","M","$","M","R","M","E","T","E","M","?","E"],"character_chosen":"IRONCLAD","items_purchased":["BloodPotion","Carnage"],"campfire_rested":0,"item_purchase_floors":[4,4],"current_hp_per_floor":[72,48,42,42,56,56,53,38,38,14,8,8,0,0],"gold":180,"neow_bonus":"BOSS_RELIC","is_daily":false,"chose_seed":false,"campfire_upgraded":1,"win_rate":0.0,"timestamp":1609844642,"path_taken":["M","?","M","$","M","R","M","E","T","E","M","?","E"],"items_purchased_type":["Potion","Card"],"build_version":"2020-12-22","purchased_purges":0,"victory":false,"max_hp_per_floor":[80,80,80,80,80,80,80,80,80,80,80,80,80,80],"relic_stats":{"Centennial Puzzle":[9],"counters":[8,33],"PreservedInsect":29,"obtain_stats":[{"Centennial Puzzle":8,"Tiny House":0,"PreservedInsect":10,"Burning Blood":0},{"Centennial Puzzle":5,"Tiny House":0,"PreservedInsect":6,"Burning Blood":0},{"Centennial Puzzle":20,"Tiny House":0,"PreservedInsect":24,"Burning Blood":0}]},"card_choices":[{"not_picked":["Thunderclap","Battle Trance"],"picked":"Pommel Strike","floor":0.0},{"not_picked":["Clash","Body Slam"],"picked":"Shrug It Off","floor":1.0},{"not_picked":["Armaments","Heavy Blade"],"picked":"Clothesline","floor":3.0},{"not_picked":["Searing Blow","Body Slam","Intimidate"],"picked":"SKIP","floor":5.0},{"not_picked":["Intimidate","Fiend Fire"],"picked":"Flame Barrier","floor":7.0},{"not_picked":["Sentinel","Warcry","Thunderclap"],"picked":"SKIP","floor":8.0},{"not_picked":["Warcry","Sword Boomerang"],"picked":"Shrug It Off","floor":10.0},{"not_picked":["Rage","Shrug It Off"],"picked":"Dropkick","floor":11.0}],"player_experience":365986,"relics_obtained":[{"floor":8.0,"key":"Centennial Puzzle"},{"floor":10.0,"key":"PreservedInsect"}],"event_choices":[{"damage_healed":0.0,"max_hp_gain":0.0,"max_hp_loss":0.0,"gold_gain":0.0,"event_name":"Shining Light","player_choice":"Entered Light","floor":2.0,"gold_loss":0.0,"damage_taken":24.0,"cards_upgraded":["Defend_R","Defend_R"]},{"damage_healed":0.0,"max_hp_gain":0.0,"max_hp_loss":0.0,"gold_gain":0.0,"event_name":"Lab","player_choice":"Got Potions","floor":12.0,"gold_loss":0.0,"damage_taken":0.0}],"is_beta":false,"boss_relics":[],"items_purged_floors":[],"is_endless":false,"potions_floor_spawned":[5,8,11],"killed_by":"Lagavulin","ascension_level":20}}