{"host":"tiwza2kisyyrpq7h","time":1609846172,"event":{"mods":["BaseMod","BetterRewards","Colored Powertips","Minty Spire (QoL Compilation)","Quick Restart","Rare Cards Sparkle","StSLib","SuperFastMode","The Servant 0.9.4","óô»ðÖ¸ÄÏ"],"gold_per_floor":[114,130,12,29,42,42,42,76,103,28,59,59,72,72,72,170,170,186,200,200,200,225,225,225,225,225,225,243,7,7,20,20,20,20],"floor_reached":33,"playtime":1026,"items_purged":["Writhe"],"score":610,"play_id":"2aba2426-f6ae-43d8-a413-31134fe6b379","local_time":"20210105192932","is_ascension_mode":true,"campfire_choices":[{"data":"Footwork","floor":6.0,"key":"SMITH"},{"floor":12.0,"key":"REST"},{"data":"Well Laid Plans","floor":15.0,"key":"SMITH"},{"data":"Catalyst","floor":23.0,"key":"SMITH"},{"data":"Wraith Form v2","floor":25.0,"key":"SMITH"},{"data":"Tools of the Trade","floor":30.0,"key":"SMITH"},{"data":"Dash","floor":32.0,"key":"SMITH"}],"circlet_count":0,"master_deck":["AscendersBane","Strike_G","Strike_G","Strike_G","Strike_G+1","Strike_G","Defend_G","Defend_G","Defend_G","Defend_G","Defend_G+1","Survivor","Neutralize","Backflip","Well Laid Plans+1","Footwork+1","Dash+1","Bouncing Flask","Noxious Fumes","Wraith Form v2+1","Bane","Caltrops","Tools of the Trade+1","Backflip+1","Necronomicurse","Catalyst+1","Shame","Blur","Footwork+1"],"relics":["Ring of the Snake","NeowsBlessing","Golden Idol","Snake Skull","Dream Catcher","Pen Nib","Coffee Dripper","Sundial","Necronomicon","Frozen Egg 2","Centennial Puzzle","DollysMirror"],"acts_visited":["Exordium","TheCity"],"potions_floor_usage":[],"damage_taken":[{"damage":0.0,"enemies":"Cultist","floor":1.0,"turns":1.0},{"damage":0.0,"enemies":"Jaw Worm","floor":2.0,"turns":1.0},{"damage":0.0,"enemies":"2 Louse","floor":4.0,"turns":1.0},{"damage":15.0,"enemies":"Exordium Wildlife","floor":5.0,"turns":10.0},{"damage":9.0,"enemies":"Lagavulin","floor":8.0,"turns":9.0},{"damage":31.0,"enemies":"Gremlin Nob","floor":11.0,"turns":7.0},{"damage":1.0,"enemies":"Looter","floor":13.0,"turns":3.0},{"damage":0.0,"enemies":"The Guardian","floor":16.0,"turns":11.0},{"damage":17.0,"enemies":"Shell Parasite","floor":18.0,"turns":6.0},{"damage":0.0,"enemies":"Chosen","floor":19.0,"turns":5.0},{"damage":0.0,"enemies":"Snake Plant","floor":22.0,"turns":6.0},{"damage":4.0,"enemies":"Shelled Parasite and Fungi","floor":28.0,"turns":6.0},{"damage":2.0,"enemies":"Centurion and Healer","floor":31.0,"turns":9.0},{"damage":14,"enemies":"Collector","floor":33,"turns":3}],"seed_played":"7177932257414504955","potions_obtained":[{"floor":2.0,"key":"DuplicationPotion"},{"floor":13.0,"key":"Poison Potion"},{"floor":16.0,"key":"Swift Potion"},{"floor":18.0,"key":"FearPotion"},{"floor":28.0,"key":"ColorlessPotion"}],"is_trial":false,"path_per_floor":["M","M","$","M","M","R","?","E","T","?","E","R","M","?","R","B",null,"M","M","?","?","M","R","T","R","T","?","M","$","R","M","R","B"],"character_chosen":"THE_SILENT","items_purchased":["Footwork","Dash","DollysMirror"],"campfire_rested":1,"item_purchase_floors":[3,3,29],"current_hp_per_floor":[59,59,59,59,44,44,44,35,35,35,4,23,22,2,2,2,50,33,33,33,12,12,12,12,12,12,12,8,8,8,6,6,0,0],"gold":20,"neow_bonus":"THREE_ENEMY_KILL","is_daily":false,"chose_seed":false,"campfire_upgraded":6,"win_rate":0.0,"timestamp":1609846172,"path_taken":["M","M","$","M","?","R","?","E","T","?","E","R","M","?","R","BOSS","M","M","?","?","M","R","?","R","T","?","M","?","R","?","R","BOSS"],"items_purchased_type":["Card","Card","Relic"],"build_version":"2020-12-22","purchased_purges":1,"victory":false,"max_hp_per_floor":[66,66,66,66,66,66,66,66,66,66,66,66,66,66,66,66,66,66,66,66,66,66,66,66,66,66,66,66,66,66,66,66,66,66],"card_choices":[{"not_picked":["Poisoned Stab","Outmaneuver"],"picked":"Backflip","floor":1.0},{"not_picked":["Slice","Dagger Spray"],"picked":"Well Laid Plans","floor":2.0},{"not_picked":["Setup","Deadly Poison"],"picked":"Bouncing Flask","floor":4.0},{"not_picked":["Deadly Poison","Underhanded Strike"],"picked":"Noxious Fumes","floor":5.0},{"not_picked":["Deadly Poison","Poisoned Stab"],"picked":"Wraith Form v2","floor":8.0},{"not_picked":["Dagger Throw","Dagger Spray"],"picked":"Bane","floor":11.0},{"not_picked":["Calculated Gamble","Dagger Throw"],"picked":"Caltrops","floor":13.0},{"not_picked":["Envenom","Burst"],"picked":"Tools of the Trade","floor":16.0},{"not_picked":["Dash","Poisoned Stab","Heel Hook"],"picked":"SKIP","floor":18.0},{"not_picked":["Riddle With Holes","Terror"],"picked":"Backflip+1","floor":19.0},{"not_picked":["Infinite Blades","Accuracy"],"picked":"Catalyst","floor":22.0},{"not_picked":["Poisoned Stab","Sucker Punch"],"picked":"Blur","floor":28.0},{"not_picked":["Quick Slash","Backflip","Accuracy+1"],"picked":"SKIP","floor":31.0}],"player_experience":944686,"relics_obtained":[{"floor":8.0,"key":"Snake Skull"},{"floor":9.0,"key":"Dream Catcher"},{"floor":11.0,"key":"Pen Nib"},{"floor":21.0,"key":"Necronomicon"},{"floor":24.0,"key":"Frozen Egg 2"}],"event_choices":[{"damage_healed":0.0,"max_hp_gain":0.0,"max_hp_loss":0.0,"gold_gain":0.0,"event_name":"Golden Idol","player_choice":"Take Wound","floor":7.0,"gold_loss":0.0,"damage_taken":0.0,"relics_obtained":["Golden Idol"],"cards_obtained":["Injury"]},{"cards_removed":["Injury"],"damage_healed":0.0,"max_hp_gain":0.0,"max_hp_loss":0.0,"gold_gain":0.0,"event_name":"The Cleric","player_choice":"Card Removal","floor":10.0,"gold_loss":75.0,"damage_taken":0.0},{"damage_healed":0.0,"max_hp_gain":0.0,"max_hp_loss":0.0,"gold_gain":0.0,"event_name":"Shining Light","player_choice":"Entered Light","floor":14.0,"gold_loss":0.0,"damage_taken":20.0,"cards_upgraded":["Defend_G","Strike_G"]},{"damage_healed":0.0,"max_hp_gain":0.0,"max_hp_loss":0.0,"gold_gain":0.0,"event_name":"The Mausoleum","player_choice":"Opened","floor":20.0,"gold_loss":0.0,"damage_taken":0.0,"relics_obtained":["Sundial"],"cards_obtained":["Writhe"]},{"damage_healed":0.0,"max_hp_gain":0.0,"max_hp_loss":0.0,"gold_gain":0.0,"event_name":"Cursed Tome","player_choice":"Obtained Book","floor":21.0,"gold_loss":0.0,"damage_taken":21.0},{"damage_healed":0.0,"max_hp_gain":0.0,"max_hp_loss":0.0,"gold_gain":0.0,"event_name":"Addict","player_choice":"Stole Relic","floor":27.0,"gold_loss":0.0,"damage_taken":0.0,"relics_obtained":["Centennial Puzzle"],"cards_obtained":["Shame"]}],"is_beta":false,"boss_relics":[{"not_picked":["Pandora\u0027s Box","WristBlade"],"picked":"Coffee Dripper"}],"items_purged_floors":[29],"is_endless":false,"potions_floor_spawned":[2,13,16,18,19,28],"killed_by":"Collector","ascension_level":20}}