{"host":"07w92xc562nr1xn4","time":1609829241,"event":{"mods":["BaseMod","Colored Map","Colored Powertips","Minty Spire (QoL Compilation)","Quick Restart","Replay The Spire","StSLib","The Senshi"],"gold_per_floor":[112,123,123,223,241,267,27,54,78,78,16,16,47,63,117,215,215,235,145,129,109,127,161,161,187,258,258,288,302,319,338,338,439,439,457,467,467,23,23,39,0,11,11,219,249,249,268,281,281,281,281,281,65,98,98],"floor_reached":56,"playtime":6734,"items_purged":["ReplayTheSpireMod:Doomed"],"score":1149,"play_id":"342d9643-d1a5-43f2-b3b2-4dbcbf493c26","local_time":"20210105014721","is_ascension_mode":true,"campfire_choices":[{"data":"theSenshi:SailorMercuryAssists","floor":10.0,"key":"SMITH"},{"data":"theSenshi:MoonlightKnight","floor":24.0,"key":"SMITH"},{"data":"theSenshi:SailorUranusAssists","floor":27.0,"key":"SMITH"},{"data":"theSenshi:WarriorOfTheMoon","floor":32.0,"key":"SMITH"},{"floor":46.0,"key":"REST"},{"floor":49.0,"key":"RECALL"},{"floor":52.0,"key":"DIG"}],"circlet_count":0,"master_deck":["theSenshi:SailorKick","theSenshi:SailorBlock","theSenshi:SailorBlock","theSenshi:SailorBlock","theSenshi:SailorBlock","theSenshi:RoseThrow","theSenshi:MoonTwilightFlash","theSenshi:TuxedoSmokingBomber","theSenshi:MoonsReflection","theSenshi:SailorUranusAssists+1","theSenshi:SailorMercuryAssists+1","Good Instincts+1","theSenshi:MoonCosmicPowerMakeUp+1","theSenshi:LateForSchool","theSenshi:WarriorOfTheMoon+1","theSenshi:SailorStarHealerAssists","theSenshi:MoonKick","theSenshi:LateForSchool+1","theSenshi:KlutzyLuck","theSenshi:MoonlightKnight+1","theSenshi:MoonPrincessHalation+1","theSenshi:VenusGlamour+1","theSenshi:MoonCosmicPowerMakeUp+1","theSenshi:SchoolBag","theSenshi:MoonPunch","theSenshi:SailorCosmosAssists","theSenshi:SailorPlanetAttack+1","The Bomb"],"relics":["theSenshi:TransformationBroochRelic","Bronze Scales","Iron Hammer","Centennial Puzzle","Blue Doll","ReplayTheSpireMod:Lightbulb","StrikeDummy","SlaversCollar","Kunai","Sundial","Replay:Bottled Steam","theSenshi:TiaraRelic","Philosopher\u0027s Stone","ReplayTheSpireMod:CursedCoin","Oddly Smooth Stone","Shovel","Red Mask","ReplayTheSpireMod:Ninjato","Divine Protection","Replay:Mystery Machine"],"acts_visited":["Exordium","TheCity","TheBeyond","TheEnding"],"potions_floor_usage":[54,55,55],"damage_taken":[{"damage":0.0,"enemies":"Jaw Worm","floor":1.0,"turns":4.0},{"damage":0.0,"enemies":"2 Louse","floor":2.0,"turns":3.0},{"damage":0.0,"enemies":"Cultist","floor":5.0,"turns":4.0},{"damage":18.0,"enemies":"Lagavulin","floor":6.0,"turns":6.0},{"damage":12.0,"enemies":"Gremlin Nob","floor":8.0,"turns":3.0},{"damage":0.0,"enemies":"Replay:BlueRogue","floor":13.0,"turns":4.0},{"damage":0.0,"enemies":"Lots of Slimes","floor":14.0,"turns":1.0},{"damage":3.0,"enemies":"Fading Forest","floor":16.0,"turns":11.0},{"damage":8.0,"enemies":"Spheric Guardian","floor":18.0,"turns":7.0},{"damage":3.0,"enemies":"2 Thieves","floor":20.0,"turns":4.0},{"damage":2.0,"enemies":"Snecko","floor":22.0,"turns":7.0},{"damage":2.0,"enemies":"Book of Stabbing","floor":23.0,"turns":6.0},{"damage":0.0,"enemies":"Replay:Snechameleon","floor":25.0,"turns":9.0},{"damage":9.0,"enemies":"Slavers","floor":28.0,"turns":5.0},{"damage":0.0,"enemies":"Centurion and Healer","floor":29.0,"turns":4.0},{"damage":0.0,"enemies":"Snake Plant","floor":30.0,"turns":5.0},{"damage":3.0,"enemies":"Shelled Parasite and Fungi","floor":31.0,"turns":5.0},{"damage":0.0,"enemies":"Automaton","floor":33.0,"turns":8.0},{"damage":0.0,"enemies":"Orb Walker","floor":35.0,"turns":5.0},{"damage":21.0,"enemies":"3 Darklings","floor":36.0,"turns":4.0},{"damage":0.0,"enemies":"Spire Growth","floor":40.0,"turns":6.0},{"damage":8.0,"enemies":"Writhing Mass","floor":42.0,"turns":7.0},{"damage":10.0,"enemies":"Nemesis","floor":45.0,"turns":5.0},{"damage":0.0,"enemies":"Jaw Worm Horde","floor":47.0,"turns":4.0},{"damage":9.0,"enemies":"Spire Growth","floor":48.0,"turns":4.0},{"damage":28.0,"enemies":"Replay:Hell Engine","floor":50.0,"turns":12.0},{"damage":10,"enemies":"Shield and Spear","floor":54,"turns":7},{"damage":39,"enemies":"The Heart","floor":55,"turns":12}],"seed_played":"5071214646496296649","potions_obtained":[{"floor":5.0,"key":"LiquidMemories"},{"floor":6.0,"key":"Strength Potion"},{"floor":18.0,"key":"BlessingOfTheForge"},{"floor":21.0,"key":"Dexterity Potion"},{"floor":25.0,"key":"Block Potion"},{"floor":28.0,"key":"Energy Potion"},{"floor":30.0,"key":"Flashbang"},{"floor":31.0,"key":"LiquidMemories"},{"floor":42.0,"key":"Swift Potion"},{"floor":45.0,"key":"Elixir"},{"floor":48.0,"key":"Dexterity Potion"}],"is_trial":false,"path_per_floor":["M","M","?","?","M","E","$","E","T","R","$","?","E","M","R_BF","B",null,"M","?","M","?","M","E","R","E","T","R","E","M","M","M","R","B",null,"M","M","?","$","?","M","?","M","T","?","E","R","M","M","R","B",null,"R","$","E","B",null],"character_chosen":"THE_SENSHI","items_purchased":["Iron Hammer","Good Instincts+1","ReplayTheSpireMod:CursedCoin","Oddly Smooth Stone","Shovel","theSenshi:SchoolBag","The Bomb","Block Potion"],"campfire_rested":1,"item_purchase_floors":[7,11,38,38,38,38,53,53],"current_hp_per_floor":[75,75,68,68,68,50,50,38,38,38,38,38,38,38,38,45,75,67,67,69,69,72,73,73,75,75,75,71,75,75,75,75,75,75,75,54,54,54,54,59,59,56,56,38,33,55,60,56,56,33,75,75,75,70,36],"gold":98,"neow_bonus":"TRANSFORM_CARD","is_daily":false,"chose_seed":false,"campfire_upgraded":4,"win_rate":0.0,"timestamp":1609829241,"path_taken":["M","M","?","?","?","E","?","E","T","R","?","?","E","M","R_BF","BOSS","M","?","?","?","M","E","R","E","T","R","E","M","?","M","R","BOSS","M","M","?","$","?","M","?","M","T","?","E","R","M","M","R","BOSS","R","$","E","BOSS"],"items_purchased_type":["Relic","Card","Relic","Relic","Relic","Card","Card","Potion"],"build_version":"2020-12-22","purchased_purges":1,"victory":true,"max_hp_per_floor":[75,75,75,75,75,75,75,75,75,75,75,75,75,75,75,75,75,75,75,75,75,75,75,75,75,75,75,75,75,75,75,75,75,75,75,75,75,75,75,75,75,75,75,75,75,75,75,75,75,75,75,75,75,75,75],"card_choices":[{"not_picked":["theSenshi:LunasBite","theSenshi:SailorPlanetPower"],"picked":"theSenshi:TuxedoSmokingBomber","floor":1.0},{"not_picked":["theSenshi:SailorMercuryAssists","theSenshi:DramaticEntrance"],"picked":"theSenshi:MoonsReflection","floor":2.0},{"not_picked":["theSenshi:MoonsReflection","theSenshi:SteeledNerves"],"picked":"theSenshi:SailorUranusAssists","floor":5.0},{"not_picked":["theSenshi:MoonTiaraMagic","theSenshi:TallSilhouette"],"picked":"theSenshi:SailorMercuryAssists","floor":6.0},{"not_picked":["theSenshi:SailorMarsAssists","theSenshi:PlutosSolemnity","theSenshi:SailorNeptuneAssists"],"picked":"SKIP","floor":8.0},{"not_picked":["theSenshi:SailorMercuryAssists","theSenshi:EncouragingSpeech"],"picked":"theSenshi:MoonCosmicPowerMakeUp","floor":13.0},{"not_picked":["theSenshi:TallSilhouette","theSenshi:NeptunesGrace","theSenshi:SailorMarsAssists"],"picked":"SKIP","floor":14.0},{"not_picked":["theSenshi:SailorMarsAssists","theSenshi:SchoolBag"],"picked":"theSenshi:LateForSchool","floor":15.0},{"not_picked":["theSenshi:SailorV","theSenshi:SchoolBag"],"picked":"theSenshi:WarriorOfTheMoon","floor":15.0},{"not_picked":["theSenshi:ChibiMoonsLove","theSenshi:GlimpseOfThePast"],"picked":"theSenshi:SailorStarHealerAssists","floor":16.0},{"not_picked":["theSenshi:MoonPunch","theSenshi:MoonTiaraMagic"],"picked":"theSenshi:MoonKick","floor":18.0},{"not_picked":["theSenshi:MercurysCunning","theSenshi:MoonPower"],"picked":"theSenshi:LateForSchool+1","floor":20.0},{"not_picked":["theSenshi:SailorVenusAssists","theSenshi:SailorPlanetAttack"],"picked":"theSenshi:KlutzyLuck","floor":22.0},{"not_picked":["theSenshi:GatheringStrength","theSenshi:FatedKiss"],"picked":"theSenshi:MoonlightKnight","floor":23.0},{"not_picked":["theSenshi:MoonSpiralHeartAttack","theSenshi:SchoolBag"],"picked":"theSenshi:MoonPrincessHalation+1","floor":25.0},{"not_picked":["theSenshi:MoonTiaraMagic","theSenshi:MoonKick"],"picked":"theSenshi:VenusGlamour+1","floor":28.0},{"not_picked":["theSenshi:LateForSchool","theSenshi:LunasBite","theSenshi:TallSilhouette"],"picked":"SKIP","floor":29.0},{"not_picked":["theSenshi:SailorMercuryAssists+1","theSenshi:SailorV","theSenshi:SailorVenusAssists"],"picked":"SKIP","floor":30.0},{"not_picked":["theSenshi:NeptunesGrace","theSenshi:SailorVenusAssists","theSenshi:HesSoDreamy"],"picked":"SKIP","floor":31.0},{"not_picked":["theSenshi:PlutosSolemnity+1","theSenshi:SchoolBag"],"picked":"theSenshi:MoonCosmicPowerMakeUp+1","floor":35.0},{"not_picked":["theSenshi:LateForSchool+1","theSenshi:MoonlightKnight+1","theSenshi:SailorMercuryAssists+1"],"picked":"SKIP","floor":36.0},{"not_picked":["theSenshi:LateForSchool+1","theSenshi:MoonPrincessHalation+1","theSenshi:SailorVenusAssists"],"picked":"SKIP","floor":40.0},{"not_picked":["theSenshi:RainbowMoonHeartAche","theSenshi:GatheringStrength+1","theSenshi:SailorStarMakerAssists"],"picked":"SKIP","floor":42.0},{"not_picked":["theSenshi:MoonPower+1","theSenshi:SailorChibiMoonAssists+1"],"picked":"theSenshi:MoonPunch","floor":44.0},{"not_picked":["theSenshi:LunaWiseMentor","theSenshi:TuxedoSmokingBomber+1"],"picked":"theSenshi:SailorCosmosAssists","floor":45.0},{"not_picked":["theSenshi:OdangoHead+1","theSenshi:SailorChibiMoonAssists+1"],"picked":"theSenshi:SailorPlanetAttack+1","floor":47.0},{"not_picked":["theSenshi:SailorV+1","theSenshi:SaturnsMystery","theSenshi:PlutosSolemnity+1"],"picked":"SKIP","floor":48.0},{"not_picked":["theSenshi:TuxedoSmokingBomber","theSenshi:SailorUranusAssists","theSenshi:EncouragingSpeech+1"],"picked":"SKIP","floor":54}],"player_experience":612240,"relics_obtained":[{"floor":6.0,"key":"Bronze Scales"},{"floor":8.0,"key":"Centennial Puzzle"},{"floor":9.0,"key":"Blue Doll"},{"floor":13.0,"key":"ReplayTheSpireMod:Lightbulb"},{"floor":15.0,"key":"StrikeDummy"},{"floor":23.0,"key":"Kunai"},{"floor":25.0,"key":"Sundial"},{"floor":26.0,"key":"Replay:Bottled Steam"},{"floor":28.0,"key":"theSenshi:TiaraRelic"},{"floor":45.0,"key":"ReplayTheSpireMod:Ninjato"},{"floor":52.0,"key":"Divine Protection"},{"floor":54,"key":"Replay:Mystery Machine"}],"event_choices":[{"cards_removed":["theSenshi:SailorKick"],"damage_healed":0.0,"max_hp_gain":0.0,"max_hp_loss":0.0,"gold_gain":0.0,"event_name":"Golden Wing","player_choice":"Card Removal","floor":3.0,"gold_loss":0.0,"damage_taken":7.0},{"damage_healed":0.0,"max_hp_gain":0.0,"max_hp_loss":0.0,"gold_gain":100.0,"event_name":"Golden Shrine","player_choice":"Pray","floor":4.0,"gold_loss":0.0,"damage_taken":0.0},{"cards_removed":["theSenshi:SailorKick"],"damage_healed":0.0,"max_hp_gain":0.0,"max_hp_loss":0.0,"gold_gain":0.0,"event_name":"Designer","player_choice":"Upgrade and Remove","floor":19.0,"gold_loss":90.0,"damage_taken":0.0,"cards_upgraded":["theSenshi:MoonCosmicPowerMakeUp"]},{"damage_healed":0.0,"max_hp_gain":0.0,"max_hp_loss":0.0,"gold_gain":0.0,"event_name":"The Woman in Blue","player_choice":"Bought 1 Potion","floor":21.0,"gold_loss":0.0,"damage_taken":0.0},{"damage_healed":0.0,"max_hp_gain":0.0,"max_hp_loss":0.0,"gold_gain":0.0,"event_name":"Mysterious Sphere","player_choice":"Ignored","floor":37.0,"gold_loss":0.0,"damage_taken":0.0},{"cards_removed":["theSenshi:MoonPrismPowerMakeUp"],"damage_healed":0.0,"max_hp_gain":0.0,"max_hp_loss":0.0,"gold_gain":0.0,"event_name":"Falling","player_choice":"Removed Power","floor":39.0,"gold_loss":0.0,"damage_taken":0.0},{"damage_healed":0.0,"max_hp_gain":0.0,"max_hp_loss":0.0,"gold_gain":0.0,"event_name":"Tomb of Lord Red Mask","player_choice":"Paid","floor":41.0,"gold_loss":39.0,"damage_taken":0.0,"relics_obtained":["Red Mask"]}],"is_beta":false,"boss_relics":[{"not_picked":["Runic Dome","Ectoplasm"],"picked":"SlaversCollar"},{"not_picked":["Replay:Grab Bag","Ring of Chaos"],"picked":"Philosopher\u0027s Stone"}],"items_purged_floors":[38],"is_endless":false,"potions_floor_spawned":[5,6,18,25,28,30,31,42,45,48],"ascension_level":1}}