{"host":"2se5dq1do2gp0x9k","time":1609868385,"event":{"mods":["BaseMod","Block Reminder","Colored Map","Colored Powertips","Minty Spire (QoL Compilation)","Relic Stats","StSLib","SuperFastMode","Synergy Search"],"gold_per_floor":[117,132,132,148,35,70,70,96,96,96,109,30,30,57,57,134,134,151,250,250,264,275,300,300,331,331,331,366,366,366,139,139,139,139],"floor_reached":33,"playtime":1301,"items_purged":[],"score":592,"play_id":"2b2faa44-f1f6-43c2-92d8-fcd0f1a7edd0","local_time":"20210105093945","is_ascension_mode":true,"campfire_choices":[{"data":"Eruption","floor":7.0,"key":"SMITH"},{"floor":13.0,"key":"REST"},{"data":"Ragnarok","floor":15.0,"key":"SMITH"},{"data":"Blasphemy","floor":24.0,"key":"SMITH"},{"data":"ForeignInfluence","floor":29.0,"key":"SMITH"},{"floor":32.0,"key":"REST"}],"circlet_count":0,"master_deck":["AscendersBane","Defend_P","Defend_P","Defend_P","Eruption+1","Vigilance","CutThroughFate","Nirvana","ForeignInfluence+1","Wallop","Wireheading","Tantrum","Consecrate","Ragnarok+1","Tantrum","Blasphemy+1","CrushJoints+1","Perseverance+1","Conclude+1","Wireheading","FlurryOfBlows+1","JustLucky","CutThroughFate","JustLucky","Writhe","JustLucky","Adaptation","MentalFortress","Wireheading+1"],"relics":["PureWater","NeowsBlessing","Vajra","TeardropLocket","Odd Mushroom","Astrolabe","PreservedInsect","Bottled Lightning","Eternal Feather","Toy Ornithopter","Boot","Nilry\u0027s Codex","Orrery"],"acts_visited":["Exordium","TheCity"],"potions_floor_usage":[],"damage_taken":[{"damage":0.0,"enemies":"Jaw Worm","floor":1.0,"turns":1.0},{"damage":0.0,"enemies":"2 Louse","floor":2.0,"turns":1.0},{"damage":0.0,"enemies":"Small Slimes","floor":4.0,"turns":1.0},{"damage":28.0,"enemies":"3 Sentries","floor":6.0,"turns":9.0},{"damage":31.0,"enemies":"Gremlin Nob","floor":8.0,"turns":3.0},{"damage":0.0,"enemies":"Looter","floor":11.0,"turns":4.0},{"damage":0.0,"enemies":"The Mushroom Lair","floor":14.0,"turns":2.0},{"damage":25.0,"enemies":"Hexaghost","floor":16.0,"turns":7.0},{"damage":0.0,"enemies":"3 Byrds","floor":18.0,"turns":1.0},{"damage":0.0,"enemies":"Chosen","floor":21.0,"turns":2.0},{"damage":26.0,"enemies":"Snake Plant","floor":22.0,"turns":4.0},{"damage":0.0,"enemies":"Gremlin Leader","floor":23.0,"turns":4.0},{"damage":17.0,"enemies":"Book of Stabbing","floor":25.0,"turns":4.0},{"damage":0.0,"enemies":"Gremlin Leader","floor":28.0,"turns":5.0},{"damage":0,"enemies":"Collector","floor":33,"turns":1}],"seed_played":"8498881976614265653","potions_obtained":[{"floor":2.0,"key":"AttackPotion"},{"floor":6.0,"key":"SkillPotion"},{"floor":8.0,"key":"Explosive Potion"},{"floor":11.0,"key":"AttackPotion"},{"floor":16.0,"key":"DuplicationPotion"}],"is_trial":false,"path_per_floor":["M","M","?","M","$","E","R","E","T","?","M","$","R","?","R","B",null,"M","?","?","M","M","E","R","E","T","?","E","R","?","$","R","B"],"character_chosen":"WATCHER","items_purchased":["Wireheading","Tantrum","Ragnarok","Adaptation","Orrery"],"campfire_rested":2,"item_purchase_floors":[5,5,12,31,31],"current_hp_per_floor":[65,65,65,65,65,37,37,6,6,6,6,6,27,27,27,2,55,55,55,55,55,29,29,29,12,12,12,12,27,11,11,47,47,47],"gold":139,"neow_bonus":"THREE_ENEMY_KILL","is_daily":false,"chose_seed":false,"campfire_upgraded":4,"win_rate":0.0,"timestamp":1609868385,"path_taken":["M","M","?","M","$","E","R","E","T","?","M","$","R","?","R","BOSS","M","?","?","M","?","E","R","E","T","?","E","R","?","$","R","BOSS"],"items_purchased_type":["Card","Card","Card","Card","Relic"],"build_version":"2020-12-22","purchased_purges":0,"victory":false,"max_hp_per_floor":[72,72,72,72,72,72,72,72,72,72,72,72,72,72,72,72,72,72,72,72,72,72,72,72,72,72,72,72,72,72,72,72,72,72],"relic_stats":{"counters":[15,48],"Astrolabe":["CrushJoints","Perseverance","Conclude"],"Eternal Feather":30,"PreservedInsect":92,"Boot":[0],"obtain_stats":[{"NeowsBlessing":0,"Nilry\u0027s Codex":30,"Astrolabe":17,"Vajra":6,"Eternal Feather":26,"PreservedInsect":23,"TeardropLocket":8,"Odd Mushroom":14,"Boot":28,"Orrery":31,"Bottled Lightning":25,"PureWater":0,"Toy Ornithopter":27},{"NeowsBlessing":0,"Nilry\u0027s Codex":14,"Astrolabe":8,"Vajra":4,"Eternal Feather":13,"PreservedInsect":12,"TeardropLocket":5,"Odd Mushroom":7,"Boot":14,"Orrery":14,"Bottled Lightning":13,"PureWater":0,"Toy Ornithopter":13},{"NeowsBlessing":0,"Nilry\u0027s Codex":48,"Astrolabe":28,"Vajra":12,"Eternal Feather":43,"PreservedInsect":39,"TeardropLocket":15,"Odd Mushroom":21,"Boot":48,"Orrery":48,"Bottled Lightning":43,"PureWater":0,"Toy Ornithopter":43}],"Toy Ornithopter":0},"card_choices":[{"not_picked":["PathToVictory","FollowUp"],"picked":"CutThroughFate","floor":1.0},{"not_picked":["Perseverance","Tantrum"],"picked":"Nirvana","floor":2.0},{"not_picked":["CrushJoints","Fasting2"],"picked":"Wallop","floor":4.0},{"not_picked":["LikeWater","ReachHeaven","SashWhip"],"picked":"SKIP","floor":6.0},{"not_picked":["TalkToTheHand","CrushJoints"],"picked":"Consecrate","floor":8.0},{"not_picked":["Wireheading","Sanctity","Prostrate"],"picked":"SKIP","floor":11.0},{"not_picked":["Evaluate","Indignation"],"picked":"Tantrum","floor":14.0},{"not_picked":["ConjureBlade","Omniscience"],"picked":"Blasphemy","floor":16.0},{"not_picked":["CarveReality","FollowUp"],"picked":"Wireheading","floor":18.0},{"not_picked":["PathToVictory","Crescendo"],"picked":"FlurryOfBlows+1","floor":21.0},{"not_picked":["Pray","Prostrate"],"picked":"JustLucky","floor":22.0},{"not_picked":["Prostrate","Wireheading"],"picked":"CutThroughFate","floor":23.0},{"not_picked":["MasterReality","FlurryOfBlows"],"picked":"JustLucky","floor":25.0},{"not_picked":["InnerPeace","FearNoEvil"],"picked":"JustLucky","floor":28.0},{"not_picked":["Prostrate","Halt"],"picked":"MentalFortress","floor":31.0},{"not_picked":["WaveOfTheHand","Evaluate"],"picked":"Wireheading+1","floor":31.0}],"player_experience":3774895,"relics_obtained":[{"floor":6.0,"key":"Vajra"},{"floor":8.0,"key":"TeardropLocket"},{"floor":14.0,"key":"Odd Mushroom"},{"floor":23.0,"key":"PreservedInsect"},{"floor":25.0,"key":"Bottled Lightning"},{"floor":26.0,"key":"Eternal Feather"},{"floor":28.0,"key":"Boot"},{"floor":30.0,"key":"Nilry\u0027s Codex"}],"event_choices":[{"damage_healed":0.0,"max_hp_gain":0.0,"max_hp_loss":0.0,"gold_gain":0.0,"cards_transformed":["Strike_P"],"event_name":"Living Wall","player_choice":"Change","floor":3.0,"gold_loss":0.0,"damage_taken":0.0,"cards_obtained":["ForeignInfluence"]},{"damage_healed":0.0,"max_hp_gain":0.0,"max_hp_loss":0.0,"gold_gain":0.0,"event_name":"Golden Wing","player_choice":"Ignored","floor":10.0,"gold_loss":0.0,"damage_taken":0.0},{"damage_healed":0.0,"max_hp_gain":0.0,"max_hp_loss":0.0,"gold_gain":0.0,"event_name":"Mushrooms","player_choice":"Fought Mushrooms","floor":14.0,"gold_loss":0.0,"damage_taken":0.0},{"damage_healed":0.0,"max_hp_gain":0.0,"max_hp_loss":0.0,"gold_gain":99.0,"event_name":"Nest","player_choice":"Stole From Cult","floor":19.0,"gold_loss":0.0,"damage_taken":0.0},{"cards_removed":["Defend_P"],"damage_healed":0.0,"max_hp_gain":0.0,"max_hp_loss":0.0,"gold_gain":0.0,"event_name":"Purifier","player_choice":"Purged","floor":20.0,"gold_loss":0.0,"damage_taken":0.0},{"damage_healed":0.0,"max_hp_gain":0.0,"max_hp_loss":0.0,"gold_gain":0.0,"event_name":"The Mausoleum","player_choice":"Opened","floor":27.0,"gold_loss":0.0,"damage_taken":0.0,"relics_obtained":["Toy Ornithopter"],"cards_obtained":["Writhe"]},{"damage_healed":0.0,"max_hp_gain":0.0,"max_hp_loss":0.0,"gold_gain":0.0,"event_name":"Cursed Tome","player_choice":"Obtained Book","floor":30.0,"gold_loss":0.0,"damage_taken":16.0}],"is_beta":false,"boss_relics":[{"not_picked":["SacredBark","HolyWater"],"picked":"Astrolabe"}],"items_purged_floors":[],"is_endless":false,"potions_floor_spawned":[2,6,8,11,16,18,28],"killed_by":"Collector","ascension_level":13}}