{"host":"4vq2xwkpdrxril92","time":1609813116,"event":{"mods":["BaseMod","Better Third Choice","Card Forge","Energized Spire","Evolution","Fireblade Mod","Hubris","Infinite Spire","Minty Spire (QoL Compilation)","Quick Restart","Rare Cards Sparkle","Shop Mod","StSLib","The Cursed","Åy?ï®?îvÅzREMEMod"],"gold_per_floor":[147,180,180,180,228,321,396,135,161,251,97,181,274,35,35,353,353,397,397,597,637,232,525,570,851,1102,1602,1602,1802,2098,2098,2098,2804,2804,2858,41,59,59,59,352,666,950,1159,1243,655,655,664,666,666,1381,1381,1436,1436,1436,2405,2687,2687],"floor_reached":56,"playtime":3087,"items_purged":[],"score":1276,"play_id":"f966bb15-3fc9-4518-be2c-c08bab57ec96","local_time":"20210105111836","daily_mods":["SealedDeck","Vintage","Heirloom","Time Dilation","Flight","Cursed Run","Elite Swarm","Lethality","Midas"],"is_ascension_mode":false,"campfire_choices":[{"data":"1","floor":15.0,"key":"LIFT"},{"data":"2","floor":32.0,"key":"LIFT"},{"data":"3","floor":49.0,"key":"LIFT"}],"circlet_count":0,"master_deck":["Heavy Blade+1","FireBladeMod:LightningCombo+1","FireBladeMod:ComboCleave+1","FireBladeMod:ComboCleave+1","Offering+1","REME_Scribble+1","Genetic Algorithm+1","REME_Scribble+1","Burst+1","FireBladeMod:LightningCombo+1","hubris:DuctTapeCard"],"relics":["Cursed Key","Darkstone Periapt","Hammer of Thor","Seething Fire","Anvil of the Gods","REME_ComplimentaryCards","Girya","Tiny Chest","infinitespire:WardingShard","InkBottle","Membership Card","MerchantsRug","infinitespire:Joker Card","Bronze Scales","Bag of Preparation","REME_CardOfGreed","Bird Faced Urn","Frozen Egg 2","infinitespire:Midas Blood","Anchor","Chemical X","REME_DemonsWealth","Fusion Hammer","The Courier","HornCleat","Singing Bowl","hubris:HerbalPaste","Toy Ornithopter","Blood Vial","hubris:Metronome","Oddly Smooth Stone","Meat on the Bone","hubris:PeanutButter","infinitespire:ShieldingShard","Champion Belt","Vajra","Prayer Wheel","CaptainsWheel","infinitespire:Lucky Rock","SacredBark","hubris:TenFootPole","OrangePellets","Centennial Puzzle","hubris:ToyBattleship","hubris:MedicalManual","infinitespire:Beetle Shell","hubris:Teleporter","Regal Pillow","MealTicket","infinitespire:EmpoweringShard","Molten Egg 2","infinitespire:Magic Flask","Torii","Potion Belt","Letter Opener","hubris:Potato","Gambling Chip","Happy Flower","CeramicFish","Self Forming Clay","Boot","Toxic Egg 2","Orichalcum","hubris:BundleOfHerbs","Red Skull","infinitespire:PuzzleCube","Dream Catcher","Blue Candle","Akabeko","hubris:SlimyHat","infinitespire:CheckeredPen","hubris:IronBody","Turnip","REME_LimitBreaker","Kunai","Juzu Bracelet","hubris:Icosahedron","White Beast Statue","Nunchaku","Bag of Marbles","Pen Nib","ClockworkSouvenir","Lantern","Pantograph","Art of War","hubris:Zylophone","Mercury Hourglass","Ancient Tea Set","infinitespire:FocusingShard","hubris:Backtick","Strange Spoon","hubris:DuctTape","MawBank","Philosopher\u0027s Stone","Strawberry","Orrery","hubris:TinFlute"],"acts_visited":["Exordium","TheCity","TheBeyond","Exordium"],"potions_floor_usage":[],"damage_taken":[{"damage":3.0,"enemies":"Cultist","floor":1.0,"turns":1.0},{"damage":3.0,"enemies":"Jaw Worm","floor":2.0,"turns":1.0},{"damage":12.0,"enemies":"Small Slimes","floor":5.0,"turns":1.0},{"damage":12.0,"enemies":"Lagavulin","floor":6.0,"turns":1.0},{"damage":12.0,"enemies":"3 Sentries","floor":7.0,"turns":2.0},{"damage":6.0,"enemies":"Lagavulin","floor":10.0,"turns":2.0},{"damage":6.0,"enemies":"Gremlin Nob","floor":12.0,"turns":1.0},{"damage":12.0,"enemies":"3 Sentries","floor":13.0,"turns":1.0},{"damage":12.0,"enemies":"Hexaghost","floor":16.0,"turns":2.0},{"damage":3.0,"enemies":"3 Byrds","floor":18.0,"turns":1.0},{"damage":6.0,"enemies":"Shell Parasite","floor":21.0,"turns":1.0},{"damage":9.0,"enemies":"Book of Stabbing","floor":23.0,"turns":1.0},{"damage":0.0,"enemies":"Snake Plant","floor":24.0,"turns":1.0},{"damage":0.0,"enemies":"Slavers","floor":25.0,"turns":1.0},{"damage":0.0,"enemies":"Colosseum Slavers","floor":27.0,"turns":1.0},{"damage":0.0,"enemies":"Colosseum Nobs","floor":27.0,"turns":1.0},{"damage":0.0,"enemies":"Nightmare","floor":30.0,"turns":1.0},{"damage":0.0,"enemies":"hubris:MusketHawk","floor":33.0,"turns":1.0},{"damage":0.0,"enemies":"3 Darklings","floor":35.0,"turns":1.0},{"damage":0.0,"enemies":"Reptomancer","floor":40.0,"turns":1.0},{"damage":0.0,"enemies":"Nightmare","floor":41.0,"turns":1.0},{"damage":0.0,"enemies":"Reptomancer","floor":42.0,"turns":1.0},{"damage":0.0,"enemies":"Giant Head","floor":44.0,"turns":1.0},{"damage":0.0,"enemies":"Time Eater","floor":50.0,"turns":1.0},{"damage":0.0,"enemies":"Cultist","floor":52.0,"turns":1.0}],"seed_played":"7143597602559374819","potions_obtained":[{"floor":2.0,"key":"BlessingOfTheForge"},{"floor":6.0,"key":"Explosive Potion"},{"floor":16.0,"key":"DuplicationPotion"},{"floor":21.0,"key":"EssenceOfSteel"},{"floor":24.0,"key":"FairyPotion"},{"floor":27.0,"key":"FearPotion"},{"floor":33.0,"key":"PowerPotion"},{"floor":41.0,"key":"DistilledChaos"},{"floor":44.0,"key":"LiquidBronze"},{"floor":50.0,"key":"EssenceOfSteel"},{"floor":52.0,"key":"Weak Potion"}],"is_trial":true,"path_per_floor":["M","M","?","?","M","E","E","$","T","E","$","E","E","$","R","B",null,"M","AVR","T","M","$","E","M","E","T","?","?","T","NM","?","R","B",null,"M","$","AVR","?","?","E","NM","E","T","E","$","T","?","?","R","B",null,"M","?","AVR","$","T"],"character_chosen":"IRONCLAD","items_purchased":["Membership Card","MerchantsRug","infinitespire:Joker Card","Bag of Preparation","REME_CardOfGreed","infinitespire:Midas Blood","Anchor","Chemical X","Singing Bowl","hubris:HerbalPaste","Toy Ornithopter","Blood Vial","hubris:Metronome","Oddly Smooth Stone","Meat on the Bone","hubris:TenFootPole","OrangePellets","Centennial Puzzle","hubris:ToyBattleship","hubris:MedicalManual","infinitespire:Beetle Shell","Strawberry","hubris:Teleporter","Regal Pillow","MealTicket","infinitespire:EmpoweringShard","Molten Egg 2","infinitespire:Magic Flask","Torii","Potion Belt","Letter Opener","hubris:Potato","Gambling Chip","Happy Flower","CeramicFish","Self Forming Clay","Boot","Toxic Egg 2","Orichalcum","hubris:BundleOfHerbs","Red Skull","infinitespire:PuzzleCube","Dream Catcher","Blue Candle","Akabeko","hubris:SlimyHat","infinitespire:CheckeredPen","hubris:IronBody","Turnip","REME_LimitBreaker","Bag of Marbles","Pen Nib","ClockworkSouvenir","Lantern","Pantograph","Art of War","hubris:Zylophone","Mercury Hourglass","Ancient Tea Set","Strawberry","Orrery"],"campfire_rested":0,"item_purchase_floors":[8,8,8,11,11,14,14,14,22,22,22,22,22,22,22,36,36,36,36,36,36,36,36,36,36,36,36,36,36,36,36,36,36,36,36,36,36,36,36,36,36,36,36,36,36,36,36,36,36,36,45,45,45,45,45,45,45,45,45,55,55],"current_hp_per_floor":[80,80,80,80,74,68,62,62,68,68,68,68,62,62,62,62,140,140,140,146,146,146,154,159,170,176,201,201,207,221,221,221,241,242,248,255,255,255,255,277,286,295,301,307,307,307,307,306,306,388,388,466,466,466,503,509,509],"gold":2687,"neow_bonus":"","is_daily":false,"chose_seed":false,"campfire_upgraded":0,"win_rate":0.0,"timestamp":1609813116,"path_taken":["M","M","?","?","?","E","E","$","T","E","$","E","E","$","R","BOSS","M","AVR","?","?","$","E","M","E","T","?","?","?","NM","?","R","BOSS","M","$","AVR","?","?","E","NM","E","T","E","$","?","?","?","R","BOSS","M","?","AVR","$","?"],"items_purchased_type":["Relic","Relic","Relic","Relic","Relic","Relic","Relic","Relic","Relic","Relic","Relic","Relic","Relic","Relic","Relic","Relic","Relic","Relic","Relic","Relic","Relic","Relic","Relic","Relic","Relic","Relic","Relic","Relic","Relic","Relic","Relic","Relic","Relic","Relic","Relic","Relic","Relic","Relic","Relic","Relic","Relic","Relic","Relic","Relic","Relic","Relic","Relic","Relic","Relic","Relic","Relic","Relic","Relic","Relic","Relic","Relic","Relic","Relic","Relic","Relic","Relic"],"build_version":"2020-12-22","purchased_purges":0,"victory":false,"max_hp_per_floor":[83,86,86,86,92,98,104,104,110,116,116,122,128,128,128,140,140,143,143,146,152,152,167,170,179,185,206,206,212,224,224,224,242,242,248,255,255,255,255,277,286,295,301,307,307,307,307,307,307,388,388,466,466,466,503,509,509],"card_choices":[{"not_picked":["Immolate","Reaper","Demon Form"],"picked":"SKIP","floor":6.0},{"not_picked":["Reaper","Offering","Feed"],"picked":"SKIP","floor":7.0},{"not_picked":["Offering","REME_TheLastStrike","Double Tap"],"picked":"SKIP","floor":10.0},{"not_picked":["Bludgeon","Barricade","Corruption"],"picked":"SKIP","floor":12.0},{"not_picked":["Impervious","Exhume","Demon Form+1"],"picked":"SKIP","floor":13.0},{"not_picked":["Limit Break","Fiend Fire","REME_Fury"],"picked":"Writhe","floor":23.0},{"not_picked":["Fiend Fire","Immolate","Double Tap"],"picked":"hubris:Greed","floor":25.0},{"not_picked":["Clothesline","hubris:ReadiedAction+1","Searing Blow"],"picked":"Pain","floor":27.0},{"not_picked":["Immolate","Reaper","Limit Break"],"picked":"hubris:Despair","floor":30.0},{"not_picked":["Demon Form+1","Impervious","Immolate"],"picked":"Pain","floor":33.0},{"not_picked":["REME_ACTH+1","Bludgeon+1","Exhume+1"],"picked":"hubris:Gluttony","floor":40.0},{"not_picked":["Fiend Fire+1","REME_ACTH+1","Limit Break+1"],"picked":"infinitespire:Pacifist","floor":41.0},{"not_picked":["Juggernaut+1","Offering+1","Exhume+1"],"picked":"hubris:Wrath","floor":42.0},{"not_picked":["Barricade+1","Juggernaut+1","Impervious+1"],"picked":"Decay","floor":44.0},{"not_picked":["Exhume+1","Barricade+1","REME_TheLastStrike+1"],"picked":"Parasite","floor":50.0},{"not_picked":["Wild Strike+1","Clothesline+1","hubris:StunningStrike+1"],"picked":"hubris:Gluttony","floor":55},{"not_picked":["Ghostly Armor+1","Dark Embrace+1","Cleave+1"],"picked":"Clumsy","floor":55},{"not_picked":["Rupture+1","Warcry+1","REME_SingleHolding+1"],"picked":"hubris:Wrath","floor":55},{"not_picked":["Havoc+1","REME_Fury+1","Dark Embrace+1"],"picked":"hubris:Lust","floor":55},{"not_picked":["Clash+1","Armaments+1","Sentinel+1"],"picked":"Normality","floor":55}],"player_experience":1216602,"relics_obtained":[{"floor":1.0,"key":"Tiny Chest"},{"floor":2.0,"key":"infinitespire:WardingShard"},{"floor":5.0,"key":"REME_HourglassOfDeath"},{"floor":7.0,"key":"InkBottle"},{"floor":9.0,"key":"REME_PuzzleBoxRelic"},{"floor":10.0,"key":"Bronze Scales"},{"floor":12.0,"key":"Bird Faced Urn"},{"floor":13.0,"key":"Frozen Egg 2"},{"floor":18.0,"key":"War Paint"},{"floor":20.0,"key":"The Courier"},{"floor":21.0,"key":"HornCleat"},{"floor":23.0,"key":"hubris:PeanutButter"},{"floor":24.0,"key":"infinitespire:ShieldingShard"},{"floor":25.0,"key":"Champion Belt"},{"floor":26.0,"key":"Vajra"},{"floor":27.0,"key":"Prayer Wheel"},{"floor":29.0,"key":"CaptainsWheel"},{"floor":30.0,"key":"infinitespire:Lucky Rock"},{"floor":38.0,"key":"Juzu Bracelet"},{"floor":40.0,"key":"Pear"},{"floor":42.0,"key":"White Beast Statue"},{"floor":43.0,"key":"Nunchaku"},{"floor":44.0,"key":"Omamori"},{"floor":46.0,"key":"infinitespire:FocusingShard"},{"floor":52.0,"key":"hubris:DuctTape"},{"floor":56,"key":"hubris:TinFlute"}],"event_choices":[{"damage_healed":0.0,"max_hp_gain":0.0,"max_hp_loss":0.0,"gold_gain":0.0,"cards_transformed":["REME_Scribble"],"event_name":"Living Wall","player_choice":"Change","floor":3.0,"gold_loss":0.0,"damage_taken":0.0,"cards_obtained":["Entrench"]},{"damage_healed":0.0,"max_hp_gain":0.0,"max_hp_loss":0.0,"gold_gain":0.0,"event_name":"Match and Keep!","player_choice":"0 cards matched","floor":4.0,"gold_loss":0.0,"damage_taken":0.0,"cards_obtained":[]},{"damage_healed":0.0,"max_hp_gain":0.0,"max_hp_loss":0.0,"gold_gain":0.0,"event_name":"Colosseum","player_choice":"Fight","floor":27.0,"gold_loss":0.0,"damage_taken":0.0},{"damage_healed":0.0,"max_hp_gain":0.0,"max_hp_loss":0.0,"gold_gain":0.0,"event_name":"Colosseum","player_choice":"Fought Nobs","floor":27.0,"gold_loss":0.0,"damage_taken":0.0},{"damage_healed":0.0,"max_hp_gain":0.0,"max_hp_loss":0.0,"gold_gain":0.0,"event_name":"betterThird:BetterWriting","player_choice":"Simplicity","floor":28.0,"gold_loss":0.0,"damage_taken":0.0},{"damage_healed":0.0,"max_hp_gain":0.0,"max_hp_loss":0.0,"gold_gain":0.0,"event_name":"Vampires","player_choice":"Ignored","floor":31.0,"gold_loss":0.0,"damage_taken":0.0},{"damage_healed":0.0,"max_hp_gain":0.0,"max_hp_loss":0.0,"gold_gain":0.0,"event_name":"Wheel of Change","player_choice":"Relic","floor":38.0,"gold_loss":0.0,"damage_taken":0.0},{"cards_removed":["FireBladeMod:LightningCombo"],"damage_healed":0.0,"max_hp_gain":0.0,"max_hp_loss":0.0,"gold_gain":0.0,"event_name":"Falling","player_choice":"Removed Attack","floor":47.0,"gold_loss":0.0,"damage_taken":0.0},{"damage_healed":0.0,"max_hp_gain":0.0,"max_hp_loss":0.0,"gold_gain":0.0,"event_name":"Designer","player_choice":"Punched","floor":48.0,"gold_loss":0.0,"damage_taken":3.0},{"cards_removed":["infinitespire:SealOfDarkness"],"damage_healed":0.0,"max_hp_gain":0.0,"max_hp_loss":0.0,"gold_gain":0.0,"event_name":"Living Wall","player_choice":"Forget","floor":53.0,"gold_loss":0.0,"damage_taken":0.0}],"is_beta":false,"boss_relics":[{"not_picked":["energizedSpire:EnergizedDie","Mark of Pain"],"picked":"REME_DemonsWealth"},{"not_picked":["Snecko Eye","hubris:CrackedHourglass"],"picked":"SacredBark"},{"not_picked":["Tiny House","Runic Dome"],"picked":"hubris:Backtick"}],"items_purged_floors":[],"is_endless":true,"potions_floor_spawned":[2,6,16,21,24,27,33,41,44,50,52],"ascension_level":0}}