{"host":"7xbu8gt067z192g2","time":1609841523,"event":{"mods":["BaseMod","Better Note","Colored Map","Colored Powertips","Googly Eyes","Highlight Path","Minty Spire (QoL Compilation)","Rare Cards Sparkle","Replay The Spire","StSLib","The Bladedancer","The Cursed","The Hierophant","The Valiant","The Wild Card"],"gold_per_floor":[114,189,189,205,218,252,269,269,269],"floor_reached":8,"playtime":432,"items_purged":[],"score":67,"play_id":"d0d39fd0-58ee-4bf9-9ddf-da6aeaf59cb7","local_time":"20210105051203","is_ascension_mode":true,"campfire_choices":[],"circlet_count":0,"master_deck":["Strike_R","Strike_R","Strike_R","Strike_R","Strike_R","Defend_R","Defend_R","Defend_R","Defend_R","Bash","True Grit","Feel No Pain","Sword Boomerang","Corruption","ReplayTheSpireMod:Strike From Hell"],"relics":["Burning Blood","NeowsBlessing","Replay:WaspNest","ReplayTheSpireMod:Ninjato"],"acts_visited":["Exordium"],"potions_floor_usage":[6,7,8],"damage_taken":[{"damage":0,"enemies":"Small Slimes","floor":1,"turns":1},{"damage":0,"enemies":"Jaw Worm","floor":4,"turns":1},{"damage":0,"enemies":"2 Louse","floor":5,"turns":1},{"damage":45,"enemies":"Gremlin Nob","floor":6,"turns":5},{"damage":14,"enemies":"Red Slaver","floor":7,"turns":4},{"damage":33,"enemies":"3 Sentries","floor":8,"turns":4}],"seed_played":"3943077571028151913","potions_obtained":[{"floor":4,"key":"Death Potion"},{"floor":6,"key":"AttackPotion"},{"floor":7,"key":"Block Potion"}],"is_trial":false,"path_per_floor":["M","?","T","M","M","E","M","E"],"character_chosen":"IRONCLAD","items_purchased":[],"campfire_rested":0,"item_purchase_floors":[],"current_hp_per_floor":[80,69,69,75,80,41,33,0,0],"gold":269,"neow_bonus":"THREE_ENEMY_KILL","is_daily":false,"chose_seed":false,"campfire_upgraded":0,"win_rate":0.0,"timestamp":1609841523,"path_taken":["M","?","?","M","M","E","M","E"],"items_purchased_type":[],"build_version":"2020-12-22","purchased_purges":0,"victory":false,"max_hp_per_floor":[80,80,80,80,80,80,80,80,80],"card_choices":[{"not_picked":["Anger","Perfected Strike"],"picked":"True Grit","floor":1},{"not_picked":["Clash","ReplayTheSpireMod:Strike From Hell"],"picked":"Feel No Pain","floor":4},{"not_picked":["Dual Wield","Massacre"],"picked":"Sword Boomerang","floor":5},{"not_picked":["Body Slam","Cleave"],"picked":"Corruption","floor":6},{"not_picked":["Thunderclap","Wild Strike"],"picked":"ReplayTheSpireMod:Strike From Hell","floor":7}],"player_experience":139416,"relics_obtained":[{"floor":3,"key":"Replay:WaspNest"},{"floor":6,"key":"ReplayTheSpireMod:Ninjato"}],"event_choices":[{"damage_healed":0,"gold_gain":75,"player_choice":"Gather Gold","damage_taken":11,"max_hp_gain":0,"max_hp_loss":0,"event_name":"World of Goop","floor":2,"gold_loss":0}],"is_beta":false,"boss_relics":[],"items_purged_floors":[],"is_endless":false,"potions_floor_spawned":[4,6,7],"killed_by":"3 Sentries","ascension_level":3}}