{"host":"8z6cx8b9r5qs18cp","time":1609822116,"event":{"mods":["AchievementEnabler","Act Like it!","Bard","BaseMod","GifTheSpireLib","Googly Eyes","Hermit","Hubris","Infinite Spire","Marked Mod","Minty Spire (QoL Compilation)","Permanent Neow","Rare Cards Sparkle","Relic Stats","Replay The Spire","StSLib","Stuff the Spire","The Animator","The Bug Knight","The Cursed","The Servant 0.9.4"],"gold_per_floor":[110,110,120,131,81,107,107,107,158,158,171,183,112,122,122,320,320,320,320,320,170,170,170,170,170],"floor_reached":24,"playtime":1364,"items_purged":[],"score":250,"play_id":"8317fc44-6bbb-48e9-abb3-fe64b2e61938","local_time":"20210104224836","is_ascension_mode":false,"campfire_choices":[{"floor":7,"key":"REST"},{"data":"HollowMod:CycloneSlash","floor":10,"key":"SMITH"},{"floor":23,"key":"REST"}],"circlet_count":0,"master_deck":["HollowMod:NailStrikeStart","HollowMod:NailStrikeStart","HollowMod:NailStrikeStart","HollowMod:NailStrikeStart","HollowMod:QuickDashStart","HollowMod:QuickDashStart","HollowMod:QuickDashStart","HollowMod:QuickDashStart","HollowMod:FocusHealStart","HollowMod:PogoStrike","animator:Defend_Fate","Panache","HollowMod:RecoilStrike","HollowMod:CycloneSlash+1","HollowMod:MantisMark","HollowMod:SoulStrike","HollowMod:SoulShaman","HollowMod:MantisMark","HollowMod:MonarchWings","HollowMod:SoulStrike","HollowMod:theNailsmith","HollowMod:ChannelNail","HollowMod:SoulSplash+1","HollowMod:HowlingWraiths+1"],"relics":["HollowMod:VesselMask","Replay:Rubber Ducky","hubris:Icosahedron","Ectoplasm","HollowMod:StagPassRelic"],"acts_visited":["Exordium","TheCity"],"potions_floor_usage":[6,16,16],"damage_taken":[{"damage":5,"enemies":"Small Slimes","floor":1,"turns":6},{"damage":0,"enemies":"2 Louse","floor":3,"turns":2},{"damage":1,"enemies":"Jaw Worm","floor":4,"turns":4},{"damage":27,"enemies":"Lagavulin","floor":6,"turns":8},{"damage":10,"enemies":"Red Slaver","floor":11,"turns":2},{"damage":4,"enemies":"Looter","floor":12,"turns":2},{"damage":9,"enemies":"2 Fungi Beasts","floor":14,"turns":3},{"damage":12,"enemies":"Slime Boss","floor":16,"turns":6},{"damage":0,"enemies":"Chosen","floor":18,"turns":3},{"damage":9,"enemies":"Shell Parasite","floor":19,"turns":5},{"damage":33,"enemies":"Snake Plant","floor":20,"turns":5},{"damage":32,"enemies":"Snecko","floor":22,"turns":6},{"damage":0,"enemies":"Nightmare","floor":24,"turns":1}],"seed_played":"-3322532908978911176","potions_obtained":[{"floor":1,"key":"Dexterity Potion"},{"floor":3,"key":"BlessingOfTheForge"},{"floor":12,"key":"Regen Potion"},{"floor":22,"key":"ColorlessPotion"}],"is_trial":false,"path_per_floor":["M","?","M","M","?","E","R","?","T","R","M","M","$","M","R","B",null,"M","M","M","?","M","R","NM"],"character_chosen":"THE_BUGKNIGHT","items_purchased":["HollowMod:MonarchWings"],"campfire_rested":2,"item_purchase_floors":[13],"current_hp_per_floor":[75,75,75,74,74,58,75,75,75,75,65,61,61,58,75,75,75,75,68,35,35,3,25,25,25],"gold":170,"neow_bonus":"RANDOM_COLORLESS_2","is_daily":false,"chose_seed":false,"campfire_upgraded":1,"win_rate":0.0,"timestamp":1609822116,"path_taken":["M","?","M","M","?","E","R","?","T","R","M","M","$","M","R","BOSS","M","M","M","?","M","R","NM"],"items_purchased_type":["Card"],"build_version":"2020-12-22","purchased_purges":0,"victory":false,"max_hp_per_floor":[75,75,75,75,75,75,75,75,75,75,75,75,75,75,75,75,75,75,75,75,75,75,75,75,75],"relic_stats":{"counters":[13,52],"Ectoplasm":61,"obtain_stats":[{"hubris:Icosahedron":8,"HollowMod:VesselMask":0,"Ectoplasm":17,"HollowMod:StagPassRelic":21,"Replay:Rubber Ducky":6},{"hubris:Icosahedron":4,"HollowMod:VesselMask":0,"Ectoplasm":8,"HollowMod:StagPassRelic":11,"Replay:Rubber Ducky":4},{"hubris:Icosahedron":20,"HollowMod:VesselMask":0,"Ectoplasm":33,"HollowMod:StagPassRelic":46,"Replay:Rubber Ducky":20}]},"card_choices":[{"not_picked":["Replay:Dark Deal","StuffTheSpire:Recharge"],"picked":"Panache","floor":0},{"not_picked":["HollowMod:ShadowDash","HollowMod:SiblingsSouls"],"picked":"HollowMod:RecoilStrike","floor":1},{"not_picked":["HollowMod:ShapeofUnn","HollowMod:SiblingsShadow"],"picked":"HollowMod:CycloneSlash","floor":3},{"not_picked":["HollowMod:CloakDash","HollowMod:PerfectDash"],"picked":"HollowMod:MantisMark","floor":4},{"not_picked":["HollowMod:Grubsong","HollowMod:VengefulVoid"],"picked":"HollowMod:SoulStrike","floor":6},{"not_picked":["HollowMod:PureNailStrike","HollowMod:LifebloodCocoon"],"picked":"HollowMod:SoulShaman","floor":11},{"not_picked":["HollowMod:TaintedHusks","HollowMod:MonarchWings"],"picked":"HollowMod:MantisMark","floor":12},{"not_picked":["HollowMod:NewLittleFool","HollowMod:FastStrike"],"picked":"HollowMod:SoulStrike","floor":14},{"not_picked":["HollowMod:Hiveblood","HollowMod:NewInfectedGuardian"],"picked":"HollowMod:theNailsmith","floor":16},{"not_picked":["HollowMod:DungDefenderAura+1","HollowMod:SiblingsSouls+1"],"picked":"HollowMod:ChannelNail","floor":18},{"not_picked":["HollowMod:SharpenedNail","HollowMod:CrystalDash"],"picked":"HollowMod:SoulSplash+1","floor":19},{"not_picked":["HollowMod:CycloneSlash","HollowMod:InfectionAssault"],"picked":"HollowMod:HowlingWraiths+1","floor":20},{"not_picked":["HollowMod:SoulSplash","HollowMod:AbyssShriek","HollowMod:CornifersMapStart"],"picked":"SKIP","floor":22}],"player_experience":207139,"relics_obtained":[{"floor":6,"key":"Replay:Rubber Ducky"}],"event_choices":[{"cards_removed":["Defend_P"],"damage_healed":0,"gold_gain":0,"player_choice":"Card Removal","damage_taken":0,"max_hp_gain":0,"max_hp_loss":0,"event_name":"The Cleric","floor":5,"gold_loss":50},{"damage_healed":25,"gold_gain":0,"player_choice":"Banana","damage_taken":0,"max_hp_gain":0,"max_hp_loss":0,"event_name":"Big Fish","floor":15,"gold_loss":0}],"is_beta":false,"boss_relics":[{"not_picked":["StuffTheSpire:ModemDavis","hubris:HollowSoul"],"picked":"Ectoplasm"}],"items_purged_floors":[],"is_endless":false,"potions_floor_spawned":[1,3,12,22],"killed_by":"Nightmare","ascension_level":0}}