{"host":"3iouabftir4t7z56","time":1609807594,"event":{"mods":["2.2 Compatiblity","Act Like it!","BaseMod","Colored Map","Hallownest","Minty Spire (QoL Compilation)","StSLib","The Bug Knight"],"gold_per_floor":[112,112,126,126,146,179,195,195,248,280,294,306,319,330,330,430,480,496,267,282,282,293,293,293,293,293,293,343,360,260,271,271,271,271],"floor_reached":33,"playtime":2684,"items_purged":["HollowMod:NailStrikeStart","Decay"],"score":290,"play_id":"8032b83c-76e6-4cb3-b325-4e1e8bd47284","local_time":"20210105014634","is_ascension_mode":false,"campfire_choices":[{"floor":8.0,"key":"REST"},{"floor":15.0,"key":"REST"},{"data":"HollowMod:AwokenDreamNail","floor":23.0,"key":"SMITH"},{"data":"HollowMod:DesolateDive","floor":25.0,"key":"SMITH"},{"floor":32,"key":"REST"}],"circlet_count":0,"master_deck":["HollowMod:NailStrikeStart","HollowMod:NailStrikeStart","HollowMod:NailStrikeStart","HollowMod:QuickDashStart","HollowMod:QuickDashStart","HollowMod:QuickDashStart","HollowMod:QuickDashStart","HollowMod:FocusHealStart","HollowMod:PogoStrike","HollowMod:HowlingWraiths","HollowMod:CycloneSlash","HollowMod:PerfectDash+1","HollowMod:BaldurShell","HollowMod:SoulSplash","HollowMod:BaldurShell","HollowMod:BaldurShell","HollowMod:SoulEater","HollowMod:AwokenDreamNail+1","HollowMod:DesolateDive+1","HollowMod:VengefulSpirit","HollowMod:DoubleDash","HollowMod:GreatSlash+1","HollowMod:ChannelNail+1"],"relics":["HollowMod:VesselMask","Toy Ornithopter","Pen Nib","Art of War","Tiny House","Oddly Smooth Stone","Kunai","Hallownest:NailmastersGloryRelic","Mango"],"acts_visited":["Hallownest:Greenpath","Hallownest:CityofTears"],"potions_floor_usage":[31,33],"damage_taken":[{"damage":0.0,"enemies":"Hallownest:2_MossCreeps","floor":1.0,"turns":5.0},{"damage":0.0,"enemies":"2_ Uuma","floor":3.0,"turns":5.0},{"damage":5.0,"enemies":"Hallownest:2_Baldur","floor":5.0,"turns":2.0},{"damage":35.0,"enemies":"Hallownest:eliteCrystalGuardian","floor":6.0,"turns":7.0},{"damage":16.0,"enemies":"Hallownest:monsterFoolEater","floor":7.0,"turns":4.0},{"damage":1.0,"enemies":"Hallownest:eliteMossKnight","floor":10.0,"turns":4.0},{"damage":0.0,"enemies":"Hallownest:monsterAspidMother","floor":11.0,"turns":3.0},{"damage":2.0,"enemies":"Hallownest:MossCreep_and_Mosskin","floor":12.0,"turns":6.0},{"damage":19.0,"enemies":"Hallownest:Guard_and_Warrior","floor":13.0,"turns":5.0},{"damage":2.0,"enemies":"Hallownest:monsterMossCharger","floor":14.0,"turns":4.0},{"damage":42.0,"enemies":"Hallownest:BossHornet","floor":16.0,"turns":10.0},{"damage":31.0,"enemies":"Hallownest:Guard_and_Sentry","floor":18.0,"turns":6.0},{"damage":14.0,"enemies":"Hallownest:3_Youths","floor":20.0,"turns":7.0},{"damage":11.0,"enemies":"Hallownest:Warrior_and_Youth","floor":22.0,"turns":8.0},{"damage":18.0,"enemies":"Hallownest:2_Husk_Sentries","floor":27.0,"turns":3.0},{"damage":19.0,"enemies":"Hallownest:Glutton_and_Coward","floor":28.0,"turns":4.0},{"damage":18.0,"enemies":"Hallownest:Master_and_Novice","floor":29.0,"turns":5.0},{"damage":19,"enemies":"Hallownest:3_Mistakes","floor":31,"turns":6},{"damage":50,"enemies":"Hallownest:BossMantisLord","floor":33,"turns":3}],"seed_played":"7862859431738157115","potions_obtained":[{"floor":0.0,"key":"SmokeBomb"},{"floor":0.0,"key":"EssenceOfSteel"},{"floor":0.0,"key":"CultistPotion"},{"floor":13.0,"key":"DistilledChaos"},{"floor":16.0,"key":"SteroidPotion"},{"floor":17.0,"key":"SneckoOil"},{"floor":18.0,"key":"GamblersBrew"},{"floor":29.0,"key":"GamblersBrew"},{"floor":31,"key":"Swift Potion"}],"is_trial":false,"path_per_floor":["M","T","M","?","M","E","M","R","T","E","M","M","M","M","R","B",null,"M","$","M","?","M","R","?","R","T","M","M","M","$","M","R","B"],"character_chosen":"THE_BUGKNIGHT","items_purchased":["Oddly Smooth Stone"],"campfire_rested":3,"item_purchase_floors":[19],"current_hp_per_floor":[75,75,75,75,70,41,31,53,53,52,52,60,46,44,66,40,80,60,60,51,51,40,40,40,40,54,47,34,21,21,7,35,0,0],"gold":271,"neow_bonus":"THREE_SMALL_POTIONS","is_daily":false,"chose_seed":false,"campfire_upgraded":2,"win_rate":0.0,"timestamp":1609807594,"path_taken":["M","?","?","?","M","E","M","R","T","E","M","M","M","M","R","BOSS","M","$","M","?","M","R","?","R","T","M","M","M","$","M","R","BOSS"],"items_purchased_type":["Relic"],"build_version":"2020-12-22","purchased_purges":2,"victory":false,"max_hp_per_floor":[75,75,75,75,75,75,75,75,75,75,75,75,75,75,75,75,80,80,80,80,80,80,80,80,80,94,94,94,94,94,94,94,94,94],"card_choices":[{"not_picked":["HollowMod:DescendingDark","HollowMod:CloakDash"],"picked":"HollowMod:HowlingWraiths","floor":1.0},{"not_picked":["HollowMod:SharpenedNail","HollowMod:DescendingDark"],"picked":"HollowMod:CycloneSlash","floor":3.0},{"not_picked":["HollowMod:SoulSplash","HollowMod:VengefulVoid"],"picked":"HollowMod:PerfectDash","floor":5.0},{"not_picked":["HollowMod:SharpenedNail","HollowMod:ShadowDash"],"picked":"HollowMod:BaldurShell","floor":6.0},{"not_picked":["HollowMod:SoulStrike","HollowMod:SiblingsShadow"],"picked":"HollowMod:SoulSplash","floor":7.0},{"not_picked":["HollowMod:CloakDash","HollowMod:MothsMistake"],"picked":"HollowMod:BaldurShell","floor":10.0},{"not_picked":["HollowMod:NewJinnsSoul","HollowMod:SharpenedNail","HollowMod:SoulSplash"],"picked":"SKIP","floor":11.0},{"not_picked":["HollowMod:LifebloodCore","HollowMod:CloakDash"],"picked":"HollowMod:BaldurShell","floor":12.0},{"not_picked":["HollowMod:SharpenedShadows","HollowMod:InfectedAttack"],"picked":"HollowMod:SoulEater","floor":13.0},{"not_picked":["HollowMod:InfectedAttack","HollowMod:MothsMistake","HollowMod:SiblingsSouls"],"picked":"SKIP","floor":14.0},{"not_picked":["HollowMod:HerrahsAnger","HollowMod:MidwifesHunger"],"picked":"HollowMod:AwokenDreamNail","floor":16.0},{"not_picked":["HollowMod:GoodIntentions","HollowMod:SoulEater"],"picked":"HollowMod:DesolateDive","floor":17.0},{"not_picked":["HollowMod:LuriensSpire","HollowMod:ShapeofUnn+1"],"picked":"HollowMod:VengefulSpirit","floor":18.0},{"not_picked":["HollowMod:BrokenVessel","HollowMod:MothsMistake+1"],"picked":"HollowMod:DoubleDash","floor":20.0},{"not_picked":["HollowMod:SoulEater","HollowMod:NewLittleFool"],"picked":"HollowMod:GreatSlash+1","floor":22.0},{"not_picked":["HollowMod:DashSlash","HollowMod:NewGlowingWomb+1","HollowMod:FallenFury"],"picked":"SKIP","floor":28.0},{"not_picked":["HollowMod:MothsMistake+1","HollowMod:CycloneSlash"],"picked":"HollowMod:ChannelNail+1","floor":29.0},{"not_picked":["HollowMod:DoubleDash+1","HollowMod:InfectedCysts","HollowMod:MawleksShell"],"picked":"SKIP","floor":31}],"player_experience":613672,"relics_obtained":[{"floor":6.0,"key":"Toy Ornithopter"},{"floor":9.0,"key":"Pen Nib"},{"floor":10.0,"key":"Art of War"},{"floor":26.0,"key":"Mango"}],"event_choices":[],"is_beta":false,"boss_relics":[{"not_picked":["Astrolabe","Black Star"],"picked":"Tiny House"}],"items_purged_floors":[19,30],"is_endless":false,"potions_floor_spawned":[3,6,13,14,16,18,27,29,31],"killed_by":"Hallownest:BossMantisLord","ascension_level":0}}