{"host":"rmsq46plbpwfbxcc","time":1609885843,"event":{"mods":["AchievementEnabler","BaseMod","Colored Map","Colored Powertips","DeckTracker","KOR Keyword Fix","Minty Spire (QoL Compilation)","Permanent Neow","Quick Restart","SuperFastMode"],"gold_per_floor":[112,112,43,56,66,66,66,66,91,111,127,454,236,268,268,372,372,382,382,382,392,407,407,417,417,417,13,41,60,87,87,87,87,87],"floor_reached":33,"playtime":969,"items_purged":["Strike_G"],"score":472,"play_id":"6c5c0ed1-3cdf-420d-bcb6-abb99cdd14de","local_time":"20210106073043","is_ascension_mode":true,"campfire_choices":[{"data":"Blade Dance","floor":6,"key":"SMITH"},{"data":"Accuracy","floor":8,"key":"SMITH"},{"data":"Neutralize","floor":15,"key":"SMITH"},{"data":"Envenom","floor":23,"key":"SMITH"},{"floor":25,"key":"REST"},{"data":"Cloak And Dagger","floor":32,"key":"SMITH"}],"circlet_count":0,"master_deck":["AscendersBane","Strike_G","Strike_G","Defend_G","Defend_G","Defend_G","Survivor","Neutralize+1","Blade Dance+1","Choke","Accuracy+1","Blur","PiercingWail","Adrenaline","Well Laid Plans","Envenom+1","Wraith Form v2","Unload","Backflip","Escape Plan","Cloak And Dagger+1","Terror"],"relics":["WristBlade","Potion Belt","Old Coin","Blood Vial","Ancient Tea Set","HoveringKite","White Beast Statue","Blue Candle","Nunchaku","Singing Bowl","Strawberry","Eternal Feather"],"acts_visited":["Exordium","TheCity"],"potions_floor_usage":[5,12,16,21,22,28,30,33,33],"damage_taken":[{"damage":0,"enemies":"Small Slimes","floor":1,"turns":3},{"damage":0,"enemies":"Cultist","floor":4,"turns":3},{"damage":0,"enemies":"Jaw Worm","floor":5,"turns":2},{"damage":0,"enemies":"Blue Slaver","floor":10,"turns":4},{"damage":4,"enemies":"Red Slaver","floor":11,"turns":2},{"damage":9,"enemies":"Gremlin Nob","floor":12,"turns":3},{"damage":12,"enemies":"3 Sentries","floor":14,"turns":3},{"damage":20,"enemies":"Slime Boss","floor":16,"turns":13},{"damage":26,"enemies":"Chosen","floor":18,"turns":7},{"damage":10,"enemies":"2 Thieves","floor":21,"turns":3},{"damage":9,"enemies":"Snake Plant","floor":22,"turns":3},{"damage":16,"enemies":"Shelled Parasite and Fungi","floor":24,"turns":4},{"damage":9,"enemies":"Book of Stabbing","floor":28,"turns":6},{"damage":2,"enemies":"Sentry and Sphere","floor":29,"turns":4},{"damage":21,"enemies":"Slavers","floor":30,"turns":5},{"damage":85,"enemies":"Automaton","floor":33,"turns":6}],"seed_played":"7892682159313254360","potions_obtained":[{"floor":4,"key":"CunningPotion"},{"floor":5,"key":"Fruit Juice"},{"floor":14,"key":"ColorlessPotion"},{"floor":18,"key":"Block Potion"},{"floor":21,"key":"SkillPotion"},{"floor":22,"key":"Strength Potion"},{"floor":24,"key":"Block Potion"},{"floor":28,"key":"FearPotion"},{"floor":29,"key":"ColorlessPotion"},{"floor":30,"key":"Block Potion"}],"is_trial":false,"path_per_floor":["M","?","$","M","M","R","?","R","T","M","M","E","$","E","R","B",null,"M","T","?","M","M","R","M","R","T","$","E","M","E","?","R","B"],"character_chosen":"THE_SILENT","items_purchased":["Accuracy","Blood Vial","Nunchaku","Singing Bowl"],"campfire_rested":1,"item_purchase_floors":[3,13,27,27],"current_hp_per_floor":[63,63,63,63,68,68,68,68,68,68,64,55,55,45,45,27,63,39,39,39,31,24,24,10,32,32,32,34,34,15,15,27,0,0],"gold":87,"neow_bonus":"BOSS_RELIC","is_daily":false,"chose_seed":false,"campfire_upgraded":5,"win_rate":0.0,"timestamp":1609885843,"path_taken":["M","?","?","M","M","R","?","R","T","M","?","E","$","E","R","BOSS","M","?","?","M","M","R","M","R","T","?","E","?","E","?","R","BOSS"],"items_purchased_type":["Card","Relic","Relic","Relic"],"build_version":"2020-12-22","purchased_purges":1,"victory":false,"max_hp_per_floor":[70,70,70,70,75,75,75,75,75,75,75,75,75,75,75,75,75,75,75,75,75,75,75,75,75,75,75,84,84,84,84,84,84,84],"card_choices":[{"not_picked":["Poisoned Stab","Terror"],"picked":"Blade Dance","floor":1},{"not_picked":["Slice","Dagger Spray"],"picked":"Blur","floor":4},{"not_picked":["Prepared","Slice"],"picked":"PiercingWail","floor":5},{"not_picked":["Flying Knee","Riddle With Holes"],"picked":"Adrenaline","floor":10},{"not_picked":["Dodge and Roll","Heel Hook","Acrobatics"],"picked":"SKIP","floor":11},{"not_picked":["Catalyst","Setup","Eviscerate"],"picked":"SKIP","floor":12},{"not_picked":["Deflect","Unload"],"picked":"Well Laid Plans","floor":14},{"not_picked":["Phantasmal Killer","Venomology"],"picked":"Envenom","floor":16},{"not_picked":["Deadly Poison","Dodge and Roll+1","Noxious Fumes"],"picked":"SKIP","floor":18},{"not_picked":["Bane","Distraction"],"picked":"Backflip","floor":21},{"not_picked":["Flying Knee","Expertise","Eviscerate"],"picked":"SKIP","floor":22},{"not_picked":["PiercingWail","Accuracy","Backflip"],"picked":"SKIP","floor":24},{"not_picked":["Heel Hook","Dagger Spray","Reflex"],"picked":"Singing Bowl","floor":28},{"not_picked":["Prepared","Bouncing Flask"],"picked":"Escape Plan","floor":29},{"not_picked":["Backflip","Outmaneuver+1"],"picked":"Cloak And Dagger","floor":30}],"player_experience":662112,"relics_obtained":[{"floor":9,"key":"Potion Belt"},{"floor":12,"key":"Old Coin"},{"floor":14,"key":"Ancient Tea Set"},{"floor":19,"key":"White Beast Statue"},{"floor":26,"key":"Blue Candle"},{"floor":28,"key":"Strawberry"},{"floor":30,"key":"Eternal Feather"}],"event_choices":[{"damage_healed":0,"gold_gain":0,"cards_transformed":["Strike_G"],"player_choice":"Transformed","damage_taken":0,"max_hp_gain":0,"max_hp_loss":0,"event_name":"Transmorgrifier","floor":2,"gold_loss":0,"cards_obtained":["Choke"]},{"cards_removed":["Defend_G"],"damage_healed":0,"gold_gain":0,"player_choice":"Forget","damage_taken":0,"max_hp_gain":0,"max_hp_loss":0,"event_name":"Living Wall","floor":7,"gold_loss":0},{"damage_healed":0,"gold_gain":0,"cards_transformed":["Strike_G","Defend_G"],"player_choice":"Became Test Subject","damage_taken":0,"max_hp_gain":0,"max_hp_loss":0,"event_name":"Drug Dealer","floor":20,"gold_loss":0,"cards_obtained":["Wraith Form v2","Unload"]},{"damage_healed":0,"gold_gain":0,"player_choice":"Read","damage_taken":0,"max_hp_gain":0,"max_hp_loss":0,"event_name":"The Library","floor":31,"gold_loss":0,"cards_obtained":["Terror"]}],"is_beta":false,"boss_relics":[{"not_picked":["Philosopher\u0027s Stone","Velvet Choker"],"picked":"HoveringKite"}],"items_purged_floors":[13],"is_endless":false,"potions_floor_spawned":[4,5,14,18,21,22,24,28,29,30],"killed_by":"Automaton","ascension_level":12}}