{"host":"ikjt6v4q6zrcj3if","time":1609850247,"event":{"mods":["BaseMod","CapriCore","Colored Map","Downfall","Luminous","Minty Spire (QoL Compilation)","Permanent Neow","Quick Restart","Replay The Spire","Robot Space Explorer","Somnambulant","Spicy Shops","StSLib","SuperFastMode","The Exalted","The Marked","The Runesmith","TheSwordswoman","WarShipGirlsR/??è≠èóR mod"],"gold_per_floor":[116,116,126,126,136,136,155,155,155,10,22,42,42,42,42,147,147,164,139,39,50,50,50],"floor_reached":22,"playtime":2778,"items_purged":["Runesmith:Strike_RS","Runesmith:Defend_RS"],"score":178,"play_id":"ded85c1e-1cc5-47ce-8048-1d54059d9693","local_time":"20210105213727","is_ascension_mode":false,"campfire_choices":[{"data":"Secret Weapon","floor":6,"key":"SMITH"},{"data":"Runesmith:Fortify","floor":8,"key":"SMITH"},{"data":"Runesmith:PoweredAnvil","floor":13,"key":"SMITH"},{"data":"Runesmith:CraftFirestone","floor":15,"key":"SMITH"}],"circlet_count":0,"master_deck":["Runesmith:Strike_RS+1","Runesmith:Strike_RS+1","Runesmith:Strike_RS","Runesmith:Defend_RS","Runesmith:Defend_RS","Runesmith:Defend_RS","Runesmith:CraftFirestone+1","Runesmith:Fortify+1","Secret Weapon+1","Runesmith:CraftVitae","Runesmith:GoWithTheFlow","Runesmith:Firewall","Runesmith:PoweredAnvil+1","Runesmith:GenerateForcefield","Runesmith:CraftVitae","Runesmith:Grindstone"],"relics":["Runesmith:BrokenRuby","Gremlin Horn","Replay:Multitool","Philosopher\u0027s Stone"],"acts_visited":["Exordium","TheCity"],"potions_floor_usage":[],"damage_taken":[{"damage":2,"enemies":"Cultist","floor":1,"turns":4},{"damage":0,"enemies":"2 Louse","floor":3,"turns":1},{"damage":7,"enemies":"Small Slimes","floor":5,"turns":4},{"damage":3,"enemies":"Red Slaver","floor":7,"turns":4},{"damage":0,"enemies":"Gremlin Gang","floor":11,"turns":6},{"damage":0,"enemies":"3 Louse","floor":12,"turns":3},{"damage":19,"enemies":"Fading Forest","floor":16,"turns":11},{"damage":12,"enemies":"Chosen","floor":18,"turns":7},{"damage":10,"enemies":"2 Thieves","floor":19,"turns":5},{"damage":11,"enemies":"Centurion and Healer","floor":21,"turns":8},{"damage":34,"enemies":"Masked Bandits","floor":22,"turns":6}],"seed_played":"-5164776748789077090","potions_obtained":[{"floor":3,"key":"Elixir"},{"floor":4,"key":"Block Potion"},{"floor":4,"key":"LiquidBronze"},{"floor":7,"key":"Energy Potion"},{"floor":12,"key":"CultistPotion"},{"floor":18,"key":"Languid Potion"}],"is_trial":false,"path_per_floor":["M","?","M","?","M","R","M","R","T","$","M","M","R","?","R","B",null,"M","M","$","M","?"],"character_chosen":"RUNESMITH_CLASS","items_purchased":["Runesmith:PoweredAnvil"],"campfire_rested":0,"item_purchase_floors":[10],"current_hp_per_floor":[47,33,33,33,26,26,23,23,23,23,23,23,23,23,23,4,70,58,48,48,37,3,3],"gold":50,"neow_bonus":"RANDOM_COLORLESS_2","is_daily":false,"chose_seed":false,"campfire_upgraded":4,"win_rate":0.0,"timestamp":1609850247,"path_taken":["M","?","M","?","?","R","?","R","T","?","M","M","R","?","R","BOSS","M","?","$","M","?"],"items_purchased_type":["Card"],"build_version":"2020-12-22","purchased_purges":2,"victory":false,"max_hp_per_floor":[70,70,70,70,70,70,70,70,70,70,70,70,70,70,70,70,70,70,70,70,70,70,70],"card_choices":[{"not_picked":["Midas Touch","The Bomb"],"picked":"Secret Weapon","floor":0},{"not_picked":["Runesmith:CraftSpiculum","Runesmith:CraftProtectio","Runesmith:ChargedHammer"],"picked":"SKIP","floor":1},{"not_picked":["Runesmith:HammerAndChisel","Runesmith:RunicBlueprint"],"picked":"Runesmith:CraftVitae","floor":3},{"not_picked":["Runesmith:CraftProtectio","Runesmith:EarthShield"],"picked":"Runesmith:GoWithTheFlow","floor":5},{"not_picked":["Runesmith:EnergizedChisel","Runesmith:Repurpose"],"picked":"Runesmith:Firewall","floor":7},{"not_picked":["Runesmith:PerfectChisel","Runesmith:NegativeSpace","Runesmith:BackupBattery"],"picked":"SKIP","floor":11},{"not_picked":["Runesmith:ShiftingStrike","Runesmith:HeatedChisel","Runesmith:Superposition"],"picked":"SKIP","floor":12},{"not_picked":["Runesmith:FissionHammer","Runesmith:ReplicatingBarrier"],"picked":"Runesmith:GenerateForcefield","floor":16},{"not_picked":["Runesmith:HeatExchange+1","Runesmith:Repurpose"],"picked":"Runesmith:CraftVitae","floor":18},{"not_picked":["Runesmith:UnstableHammer","Runesmith:ChiselStab","Runesmith:HammerTime"],"picked":"SKIP","floor":19},{"not_picked":["Runesmith:BackupBattery","Runesmith:Accelerate"],"picked":"Runesmith:Grindstone","floor":21}],"player_experience":344143,"relics_obtained":[{"floor":9,"key":"Gremlin Horn"}],"event_choices":[{"damage_healed":0,"gold_gain":0,"player_choice":"Entered Light","damage_taken":14,"max_hp_gain":0,"max_hp_loss":0,"event_name":"Shining Light","floor":2,"gold_loss":0,"cards_upgraded":["Runesmith:Strike_RS","Runesmith:Strike_RS"]},{"damage_healed":0,"gold_gain":0,"player_choice":"Got Potions","damage_taken":0,"max_hp_gain":0,"max_hp_loss":0,"event_name":"Lab","floor":4,"gold_loss":0},{"damage_healed":0,"gold_gain":0,"player_choice":"Gave Potion","damage_taken":0,"relics_obtained":["Replay:Multitool"],"max_hp_gain":0,"max_hp_loss":0,"event_name":"WeMeetAgain","floor":14,"gold_loss":0},{"damage_healed":0,"gold_gain":0,"player_choice":"Fought Bandits","damage_taken":0,"max_hp_gain":0,"max_hp_loss":0,"event_name":"Masked Bandits","floor":22,"gold_loss":0}],"is_beta":false,"boss_relics":[{"not_picked":["Replay:Bronze Core","Runesmith:UraniumAnvil"],"picked":"Philosopher\u0027s Stone"}],"items_purged_floors":[10,20],"is_endless":false,"potions_floor_spawned":[3,5,7,12,18,19],"killed_by":"Masked Bandits","ascension_level":0}}