{"host":"hb4vxw74c1uv2sb0","time":1609882896,"event":{"mods":["AchievementEnabler","AlwaysNeverKeys","Aspiration","BaseMod","Better Altar","Better Match","Better Sensory Stone","Better Skull","Better Third Choice","BetterRewards","CCEM","Card Forge","Colored Map","Colored Powertips","Conspire","Defuse TimeMaze Blight","Energized Spire","GifTheSpireLib","Googly Eyes","Highlight Path","Infinite Spire","JesterMod","Jorbs\u0027s Wanderer Trilogy","Luminous","Mad Scientist","Marisa????????","Minty Spire (QoL Compilation)","Permanent Neow","Replay The Spire","Shade Mod","Shop Mod","StSLib","The Cursed","The Death Knight","The Forsaken","The Hierophant","The Necromancer","The Servant 0.9.4"],"gold_per_floor":[110,210,230,249,268,268,298,318,318,318,334,354,374,274,274,371,371,360,370,370,94,105,136,147,162,162,177,192,207,226,261,325,420,420,439,454,466,481,481,509,509,542,542,568,580,590,590,609,609,609,609,609,82,108,108],"floor_reached":56,"playtime":7588,"items_purged":["Strike_W","Defend_W","Defend_W"],"score":1543,"play_id":"11abd84e-c529-4e11-9218-0fb542d6b8d2","local_time":"20210105134136","is_ascension_mode":false,"campfire_choices":[{"data":"Summon_Vampire_Lady","floor":6.0,"key":"SMITH"},{"data":"Summon_Death_Knight","floor":10.0,"key":"SMITH"},{"floor":15.0,"key":"DIG"},{"data":"conspire:Banana","floor":41,"key":"SMITH"},{"floor":49,"key":"REST"},{"data":"Bone_Wall","floor":52,"key":"SMITH"}],"circlet_count":0,"master_deck":["Strike_W","Strike_W","Strike_W","Defend_W","Defend_W","Negative_Energy_Arrows","Bone_Wall+1","Summon_Vampire_Lady+1","Negative_Energy_Javelin+1","Scare+1","Spectral_Walk","Negative_Energy_Mist+1","Summon_Lich","Negative_Energy_Mist+1","Negative_Energy_Shield+1","Blood_Curse+1","Summon_Death_Knight+1","Negative_Energy_Shield+1","Summon_Lich","Negative_Energy_Bomb","Midas Touch+1","conspire:Banana+2","Chill_Blood+1","Corrupt+1","Corrupt+1","Cloudkill","Negative_Energy_Mist+1","Spectral_Armor+1","Blood_Magic","Bone_Prison+1","Stop_Heart+1","CurseOfTheBell","Epidemic","Bone_Prison+1","Negative_Energy_Shield+1","Parasite","Shackles_Of_Pain+1","Stop_Heart","Stop_Heart","Requiem"],"relics":["Vampire_Amulet","Hammer of Thor","Seething Fire","Anvil of the Gods","theForsaken:HumbleEgg","Anchor","Gremlin Food","ChewingGum","Thread and Needle","Turnip","theForsaken:Gavel","Bird Faced Urn","Calling Bell","Oddly Smooth Stone","Replay:Accelerometer","CCEMRelics:D6","conspire:InfiniteJournal","conspire:BottledYoYo","CCEMRelics:Sandal","Potion Belt","Orichalcum","ReplayFunnel"],"acts_visited":["Exordium","TheCity","TheBeyond","TheEnding"],"potions_floor_usage":[42,50,50,50,55],"damage_taken":[{"damage":0.0,"enemies":"Jaw Worm","floor":1.0,"turns":6.0},{"damage":13.0,"enemies":"infinitespire:Voidling","floor":3.0,"turns":4.0},{"damage":0.0,"enemies":"Cultist","floor":4.0,"turns":5.0},{"damage":4.0,"enemies":"Lots of Slimes","floor":5.0,"turns":5.0},{"damage":15.0,"enemies":"Gremlin Nob","floor":7.0,"turns":4.0},{"damage":5.0,"enemies":"Gremlin Gang","floor":8.0,"turns":7.0},{"damage":0.0,"enemies":"conspire:2 RoseBushes","floor":11.0,"turns":6.0},{"damage":0.0,"enemies":"Exordium Thugs","floor":12.0,"turns":6.0},{"damage":0.0,"enemies":"2 Fungi Beasts","floor":13.0,"turns":4.0},{"damage":16.0,"enemies":"Hexaghost","floor":16.0,"turns":11.0},{"damage":10.0,"enemies":"2 Thieves","floor":18.0,"turns":4.0},{"damage":0.0,"enemies":"Shell Parasite","floor":19.0,"turns":5.0},{"damage":6.0,"enemies":"conspire:HollyBat","floor":22.0,"turns":8.0},{"damage":13.0,"enemies":"Nightmare","floor":23.0,"turns":13.0},{"damage":0.0,"enemies":"Shelled Parasite and Fungi","floor":24.0,"turns":6.0},{"damage":0.0,"enemies":"Snecko","floor":25.0,"turns":7.0},{"damage":2.0,"enemies":"Sentry and Sphere","floor":27.0,"turns":5.0},{"damage":0.0,"enemies":"Shelled Parasite and Fungi","floor":28.0,"turns":6.0},{"damage":3.0,"enemies":"Snecko","floor":29.0,"turns":5.0},{"damage":0.0,"enemies":"Snake Plant","floor":30.0,"turns":7.0},{"damage":9.0,"enemies":"Gremlin Leader","floor":31.0,"turns":6.0},{"damage":4.0,"enemies":"Champ","floor":33.0,"turns":13.0},{"damage":20.0,"enemies":"3 Darklings","floor":35.0,"turns":5.0},{"damage":2.0,"enemies":"Orb Walker","floor":36.0,"turns":5.0},{"damage":13.0,"enemies":"Transient","floor":37.0,"turns":5.0},{"damage":27,"enemies":"Sphere and 2 Shapes","floor":38,"turns":4},{"damage":15,"enemies":"Giant Head","floor":40,"turns":10},{"damage":50,"enemies":"Reptomancer","floor":42,"turns":7},{"damage":56,"enemies":"Giant Head","floor":44,"turns":10},{"damage":0,"enemies":"Maw","floor":45,"turns":9},{"damage":9,"enemies":"Writhing Mass","floor":46,"turns":8},{"damage":16,"enemies":"3 Darklings","floor":48,"turns":5},{"damage":76,"enemies":"infinitespire:MassOfShapes","floor":50,"turns":16},{"damage":73,"enemies":"Shield and Spear","floor":54,"turns":8},{"damage":115,"enemies":"The Heart","floor":55,"turns":12}],"seed_played":"587692267331099918","potions_obtained":[{"floor":1.0,"key":"infinitespire:BlackPotion"},{"floor":4.0,"key":"Fire Potion"},{"floor":7.0,"key":"Swift Potion"},{"floor":8.0,"key":"LifebloodPotion"},{"floor":23.0,"key":"Death Potion"},{"floor":25.0,"key":"Ancient Potion"},{"floor":27.0,"key":"Fruit Juice"},{"floor":29.0,"key":"Block Potion"},{"floor":30.0,"key":"Swift Potion"},{"floor":35.0,"key":"PowerPotion"},{"floor":42,"key":"FairyPotion"},{"floor":45,"key":"Reflective Coating"},{"floor":54,"key":"Energy Potion"}],"is_trial":false,"path_per_floor":["M","?","M","M","M","R","E","M","T","R","M","M","M","$","R_BF","B",null,"M","M","T","$","M","NM","M","M","T","M","M","M","M","E","R_BF","B",null,"M","M","M","M","AVR","E","R","E","T","E","M","M","?","M","R","B",null,"R","$","E","B",null],"character_chosen":"NECROMANCER","items_purchased":["theForsaken:HumbleEgg","Summon_Vampire_Lady","Negative_Energy_Javelin+1","Scare+1","Spectral_Walk","Negative_Energy_Mist+1","Summon_Lich","Negative_Energy_Mist+1","Negative_Energy_Shield+1","Midas Touch","conspire:Banana","Shackles_Of_Pain+1","Stop_Heart","Requiem","Orichalcum"],"campfire_rested":1,"item_purchase_floors":[0,0,0,0,0,0,0,0,0,21,21,53,53,53,53],"current_hp_per_floor":[75,75,75,75,75,75,62,75,75,75,75,75,75,75,75,73,75,67,75,75,75,76,77,78,79,79,85,86,87,88,89,89,90,90,80,92,92,79,79,85,85,66,66,44,68,84,84,77,106,100,109,109,109,65,42],"gold":108,"neow_bonus":"","is_daily":false,"chose_seed":false,"campfire_upgraded":4,"win_rate":0.0,"timestamp":1609882896,"path_taken":["M","?","M","M","?","R","E","M","T","R","M","M","M","$","R_BF","BOSS","M","M","?","$","?","NM","M","M","T","M","?","M","M","E","R_BF","BOSS","M","M","M","M","AVR","E","R","E","T","E","M","M","?","?","R","BOSS","R","$","E","BOSS"],"items_purchased_type":["Relic","Card","Card","Card","Card","Card","Card","Card","Card","Card","Card","Card","Card","Card","Relic"],"build_version":"2020-12-22","purchased_purges":3,"victory":true,"max_hp_per_floor":[75,75,75,75,75,75,75,75,75,75,75,75,75,75,75,75,75,75,75,75,75,76,77,78,79,79,85,86,87,88,89,89,90,90,91,92,93,94,94,95,95,97,97,99,101,103,103,106,106,109,109,109,109,112,115],"card_choices":[{"not_picked":["Uncharnel","Epidemic","Vampiric_Strike+1"],"picked":"SKIP","floor":1.0},{"not_picked":["Bone_Shift+1","Death_March_Dance+1","Necromantic_Selection"],"picked":"SKIP","floor":3.0},{"not_picked":["Negative_Energy_Javelin+1","Bone_Armory"],"picked":"Blood_Curse+1","floor":4.0},{"not_picked":["Shackles_Of_Pain+1","Exploit","Bone_Shift+1"],"picked":"SKIP","floor":5.0},{"not_picked":["Necromantic_Selection","Blood_Whip+1"],"picked":"Summon_Death_Knight","floor":7.0},{"not_picked":["Scare+1","Death_Coil+1","Plague_Bolt"],"picked":"SKIP","floor":8.0},{"not_picked":["Vampiric_Strike+1","Deaths_Shadow","Blood_Whip+1"],"picked":"SKIP","floor":11.0},{"not_picked":["Scare+1","Chill_Blood+1"],"picked":"Negative_Energy_Shield+1","floor":12.0},{"not_picked":["Bone_Armor+1","Bone_Shift+1"],"picked":"Summon_Lich","floor":13.0},{"not_picked":["Reap_The_Weak","Summon_Death_Knight"],"picked":"Negative_Energy_Bomb","floor":16.0},{"not_picked":["Negative_Energy_Shield+1","Finger_Of_Death+1","Death_March_Dance+1"],"picked":"SKIP","floor":18.0},{"not_picked":["Consume_Illness+1","Acid_Javelin","Blood_Is_Power"],"picked":"SKIP","floor":19.0},{"not_picked":["Bones_to_Steel+1","Blood_Curse+1"],"picked":"Chill_Blood+1","floor":22.0},{"not_picked":["Death_Coil+1","Life_Drain"],"picked":"Corrupt+1","floor":23.0},{"not_picked":["Whirlwind_of_Bones","Bone_Bullets+1"],"picked":"Corrupt+1","floor":24.0},{"not_picked":["Finger_Of_Death+1","Summon_Undead_Army","Blood_Is_Power"],"picked":"SKIP","floor":25.0},{"not_picked":["Finger_Of_Death+1","Negative_Energy_Sphere+1"],"picked":"Cloudkill","floor":27.0},{"not_picked":["Strike_from_Beyond","Bone_Spikes+1","Bone_Armor+1"],"picked":"SKIP","floor":28.0},{"not_picked":["Bone_Bullets+1","Consume_Illness+1"],"picked":"Negative_Energy_Mist+1","floor":29.0},{"not_picked":["Exploit","Blood_Curse+1","Chill_Blood+1"],"picked":"SKIP","floor":30.0},{"not_picked":["Grasp_Heart","Thousand_Bone_Knives+1"],"picked":"Spectral_Armor+1","floor":31.0},{"not_picked":["Hellfire","Summon_Vampire_Lady"],"picked":"Blood_Magic","floor":33.0},{"not_picked":["Life_Tap","Flesh_Made_Foul","Finger_Of_Death+1"],"picked":"SKIP","floor":35.0},{"not_picked":["Death_Coil+1","Summon_Lich"],"picked":"Bone_Prison+1","floor":36.0},{"not_picked":["Summon_Undead","Death_March_Dance+1","Bone_Bullets+1"],"picked":"SKIP","floor":37.0},{"not_picked":["Scare+1","Blood_Is_Power"],"picked":"Stop_Heart+1","floor":38},{"not_picked":["Bone_Shift+1","Negative_Energy_Javelin+1"],"picked":"Epidemic","floor":40},{"not_picked":["Flesh_Made_Foul+1","Finger_Of_Death+1","Strike_from_Beyond+1"],"picked":"SKIP","floor":42},{"not_picked":["Corrupt","Finger_Of_Death+1"],"picked":"Bone_Prison+1","floor":44},{"not_picked":["Toxic_Smoke_Screen+1","Strike_from_Beyond"],"picked":"Negative_Energy_Shield+1","floor":45},{"not_picked":["Bones_to_Steel+1","Blood_Is_Power","Life_Tap+1"],"picked":"SKIP","floor":46},{"not_picked":["Consume_Illness+1","Vampiric_Strike+1","Summon_Lich"],"picked":"SKIP","floor":48},{"not_picked":["Negative_Energy_Sphere+1","Blood_Shield","Shackles_Of_Pain+1"],"picked":"SKIP","floor":54}],"player_experience":669480,"relics_obtained":[{"floor":7.0,"key":"Anchor"},{"floor":9.0,"key":"Gremlin Food"},{"floor":20.0,"key":"Thread and Needle"},{"floor":23.0,"key":"Turnip"},{"floor":26.0,"key":"theForsaken:Gavel"},{"floor":31.0,"key":"Bird Faced Urn"},{"floor":39,"key":"Oddly Smooth Stone"},{"floor":39,"key":"Replay:Accelerometer"},{"floor":39,"key":"CCEMRelics:D6"},{"floor":40,"key":"conspire:InfiniteJournal"},{"floor":42,"key":"conspire:BottledYoYo"},{"floor":43,"key":"CCEMRelics:Sandal"},{"floor":44,"key":"Potion Belt"},{"floor":54,"key":"ReplayFunnel"}],"event_choices":[{"damage_healed":0.0,"max_hp_gain":0.0,"max_hp_loss":0.0,"gold_gain":100.0,"event_name":"Golden Shrine","player_choice":"Pray","floor":2.0,"gold_loss":0.0,"damage_taken":0.0},{"damage_healed":0,"gold_gain":0,"player_choice":"Upgraded","damage_taken":0,"max_hp_gain":0,"max_hp_loss":0,"event_name":"Upgrade Shrine","floor":47,"gold_loss":0,"cards_upgraded":["conspire:Banana"]}],"is_beta":false,"boss_relics":[{"not_picked":["CCEMRelics:GreenEgg","Tiny House"],"picked":"ChewingGum"},{"not_picked":["energizedSpire:MagnifyingGlass","aspiration:WatcherSkillbook","energizedSpire:StickyHand"]}],"items_purged_floors":[0,14,53],"is_endless":false,"potions_floor_spawned":[1,4,7,8,11,18,23,25,27,29,30,35,37,42,45,54],"ascension_level":0}}