{"host":"gkp57zoegrd3f2ij","time":1609870185,"event":{"mods":["BaseMod","Colored Map","Colored Powertips","Minty Spire (QoL Compilation)","StSLib"],"gold_per_floor":[209,28,203,203,57,82,82,82,82,82,114,114,37,66,66,168,168,180,27,45,56,72,72,72],"floor_reached":23,"playtime":1204,"items_purged":["Strike_B"],"score":226,"play_id":"f995344d-1699-4f9c-a76d-c814ba7a7f2a","local_time":"20210105190945","is_ascension_mode":true,"campfire_choices":[{"floor":8,"key":"REST"},{"floor":10,"key":"REST"},{"data":"Doom and Gloom","floor":12,"key":"SMITH"},{"data":"Loop","floor":15,"key":"SMITH"}],"circlet_count":0,"master_deck":["Strike_B+1","Strike_B","Strike_B","Defend_B","Defend_B","Defend_B+1","Defend_B","Zap","Dualcast+1","Conserve Battery","Streamline+1","Doom and Gloom+1","Steam","Loop+1","Self Repair","Ball Lightning","Echo Form","Coolheaded+1","Leap","Hologram+1","Steam+1"],"relics":["Cracked Core","War Paint","Bag of Preparation","Whetstone","Strawberry","MealTicket","PreservedInsect","Inserter","Runic Capacitor"],"acts_visited":["Exordium","TheCity"],"potions_floor_usage":[11,22],"damage_taken":[{"damage":2,"enemies":"Jaw Worm","floor":1,"turns":5},{"damage":38,"enemies":"Lagavulin","floor":6,"turns":6},{"damage":1,"enemies":"Gremlin Nob","floor":11,"turns":3},{"damage":2,"enemies":"3 Sentries","floor":14,"turns":5},{"damage":36,"enemies":"Hexaghost","floor":16,"turns":7},{"damage":16,"enemies":"Spheric Guardian","floor":18,"turns":4},{"damage":27,"enemies":"3 Byrds","floor":20,"turns":5},{"damage":29,"enemies":"Snecko","floor":21,"turns":5},{"damage":30,"enemies":"Snake Plant","floor":22,"turns":6},{"damage":34,"enemies":"Gremlin Leader","floor":23,"turns":5}],"seed_played":"6542262152537454829","potions_obtained":[{"floor":1,"key":"Weak Potion"},{"floor":14,"key":"PotionOfCapacity"},{"floor":21,"key":"AttackPotion"},{"floor":22,"key":"PotionOfCapacity"}],"is_trial":false,"path_per_floor":["M","$","?","?","$","E","?","R","T","R","E","R","$","E","R","B",null,"M","$","M","M","M","E"],"character_chosen":"DEFECT","items_purchased":["War Paint","Streamline","Doom and Gloom","Self Repair","Runic Capacitor"],"campfire_rested":2,"item_purchase_floors":[2,2,5,13,19],"current_hp_per_floor":[73,73,73,61,61,23,23,45,52,76,75,75,82,82,82,46,82,80,82,62,47,24,0,0],"gold":72,"neow_bonus":"HUNDRED_GOLD","is_daily":false,"chose_seed":false,"campfire_upgraded":2,"win_rate":0.0,"timestamp":1609870185,"path_taken":["M","$","?","?","$","E","?","R","T","R","E","R","$","E","R","BOSS","M","$","M","M","?","E"],"items_purchased_type":["Relic","Card","Card","Card","Relic"],"build_version":"2020-12-22","purchased_purges":1,"victory":false,"max_hp_per_floor":[75,75,75,75,75,75,75,75,82,82,82,82,82,82,82,82,82,82,82,82,82,82,82,82],"card_choices":[{"not_picked":["BootSequence","Steam Power"],"picked":"Conserve Battery","floor":1},{"not_picked":["Turbo","Coolheaded"],"picked":"Steam","floor":6},{"not_picked":["Hologram","Barrage"],"picked":"Loop","floor":11},{"not_picked":["Auto Shields","Go for the Eyes"],"picked":"Ball Lightning","floor":14},{"not_picked":["Meteor Strike","Core Surge"],"picked":"Echo Form","floor":16},{"not_picked":["Rebound","BootSequence"],"picked":"Coolheaded+1","floor":18},{"not_picked":["Creative AI","Turbo"],"picked":"Leap","floor":20},{"not_picked":["Coolheaded","Heatsinks"],"picked":"Hologram+1","floor":21},{"not_picked":["Reinforced Body","Lockon"],"picked":"Steam+1","floor":22}],"player_experience":292022,"relics_obtained":[{"floor":6,"key":"Whetstone"},{"floor":9,"key":"Strawberry"},{"floor":11,"key":"MealTicket"},{"floor":14,"key":"PreservedInsect"}],"event_choices":[{"damage_healed":0,"gold_gain":175,"player_choice":"AGREE","damage_taken":0,"max_hp_gain":0,"max_hp_loss":0,"event_name":"Liars Game","floor":3,"gold_loss":0,"cards_obtained":["Doubt"]},{"damage_healed":0,"gold_gain":0,"player_choice":"Success","damage_taken":12,"relics_obtained":["Bag of Preparation"],"max_hp_gain":0,"max_hp_loss":0,"event_name":"Scrap Ooze","floor":4,"gold_loss":0},{"cards_removed":["Doubt"],"damage_healed":0,"gold_gain":0,"player_choice":"Removed Curses","damage_taken":0,"max_hp_gain":0,"max_hp_loss":0,"event_name":"Fountain of Cleansing","floor":7,"gold_loss":0}],"is_beta":false,"boss_relics":[{"not_picked":["Philosopher\u0027s Stone","Black Star"],"picked":"Inserter"}],"items_purged_floors":[5],"is_endless":false,"potions_floor_spawned":[1,14,21,22],"killed_by":"Gremlin Leader","ascension_level":2}}