{"host":"gzsdmyo07u314vug","time":1609872245,"event":{"mods":["2.2 Compatiblity","BaseMod","Downfall","GifTheSpireLib","Minty Spire (QoL Compilation)","Quick Restart","Rare Cards Sparkle","Relic Stats","Replay The Spire","Shop Mod","StSLib","The Bug Knight","The Construct","The Elementalist","The IronCluck","The Servant 0.9.4","Unceasing Turn Reminder","everything is the same but u backflip on backflip","slay the spire mod where everything is the same but ironclad has a cowboy hat","vexMod"],"gold_per_floor":[109,124,49,66,66,66,66,66,100,100,148,164,164,339,356,376,376,471,471,487,523,622,641,451,451,461,461,461,480,505,505,519,530,530,631,631,651,626,643,722,737,737,763,763,763,763,783,37,37,37,37,47],"floor_reached":53,"playtime":2743,"items_purged":["Strike_R","Strike_R"],"score":1329,"play_id":"613b9a8c-eef2-4ffb-8850-cb565fde6221","local_time":"20210105154405","is_ascension_mode":true,"campfire_choices":[{"data":"Armaments","floor":8.0,"key":"SMITH"},{"data":"Defend_R","floor":10.0,"key":"PURGE"},{"data":"Strike_R","floor":13.0,"key":"PURGE"},{"data":"Doubt","floor":17.0,"key":"PURGE"},{"data":"Strike_R","floor":25.0,"key":"PURGE"},{"floor":27.0,"key":"REST"},{"data":"Demon Form","floor":34.0,"key":"SMITH"},{"data":"Demon Form","floor":42,"key":"SMITH"},{"data":"Metallicize","floor":44,"key":"SMITH"},{"data":"Pot Of Greed","floor":46,"key":"SMITH"},{"data":"Replay:SS_forest_2","floor":49,"key":"SMITH"},{"data":"Metallicize","floor":51,"key":"SMITH"}],"circlet_count":0,"master_deck":["Defend_R","Defend_R","Defend_R","Bash","Armaments+1","Flex","ReplayTheSpireMod:Muscle Training","Twin Strike","Demon Form+1","AbeCurse","Iron Wave","Metallicize+1","Cleave","Bandage Up","Sword Boomerang","Pot Of Greed+1","Pot Of Greed","Pommel Strike+1","Demon Form+1","Heavy Blade","Impervious","Whirlwind","Shrug It Off","Metallicize+1","Twin Strike","Thinking Ahead","Pot Of Greed","Replay:SS_forest_2+1"],"relics":["Black Blood","Replay:Rubber Ducky","Peace Pipe","Boot","Abe\u0027s Treasure","Magic Flower","White Beast Statue","Toy Ornithopter","Grinning Jar","HornCleat","Replay:Bandana","vexMod:PlasmaPancake","Guardian:PocketSentry","Frozen Eye","Oddly Smooth Stone"],"acts_visited":["Exordium","TheCity","TheBeyond"],"potions_floor_usage":[37,41,43,47,52],"damage_taken":[{"damage":1.0,"enemies":"Cultist","floor":1.0,"turns":3.0},{"damage":3.0,"enemies":"2 Louse","floor":2.0,"turns":3.0},{"damage":1.0,"enemies":"Small Slimes","floor":4.0,"turns":4.0},{"damage":27.0,"enemies":"Lagavulin","floor":9.0,"turns":6.0},{"damage":11.0,"enemies":"Looter","floor":12.0,"turns":3.0},{"damage":12.0,"enemies":"3 Louse","floor":15.0,"turns":5.0},{"damage":16.0,"enemies":"Blue Slaver","floor":16.0,"turns":4.0},{"damage":38.0,"enemies":"Fading Forest","floor":18.0,"turns":11.0},{"damage":17.0,"enemies":"Spheric Guardian","floor":20.0,"turns":4.0},{"damage":3.0,"enemies":"Chosen","floor":23.0,"turns":4.0},{"damage":25.0,"enemies":"Snake Plant","floor":26.0,"turns":3.0},{"damage":14.0,"enemies":"3 Cultists","floor":29.0,"turns":4.0},{"damage":14.0,"enemies":"Gremlin Leader","floor":30.0,"turns":7.0},{"damage":7.0,"enemies":"Centurion and Healer","floor":32.0,"turns":4.0},{"damage":22.0,"enemies":"Snake Plant","floor":33.0,"turns":4.0},{"damage":36.0,"enemies":"Pondfish","floor":35.0,"turns":8.0},{"damage":6,"enemies":"3 Shapes","floor":37,"turns":5},{"damage":7,"enemies":"Orb Walker","floor":39,"turns":3},{"damage":16,"enemies":"Sphere and 2 Shapes","floor":41,"turns":6},{"damage":26,"enemies":"Giant Head","floor":43,"turns":6},{"damage":39,"enemies":"Spire Growth","floor":47,"turns":6},{"damage":64,"enemies":"Awakened One","floor":52,"turns":10}],"seed_played":"-1496065494688623469","potions_obtained":[{"floor":2.0,"key":"Reflective Coating"},{"floor":4.0,"key":"GamblersBrew"},{"floor":9.0,"key":"champ:CounterPotion"},{"floor":15.0,"key":"sneckomod:MuddlingPotion"},{"floor":20.0,"key":"Swift Potion"},{"floor":23.0,"key":"Explosive Potion"},{"floor":29.0,"key":"SpeedPotion"},{"floor":30.0,"key":"ColorlessPotion"},{"floor":32.0,"key":"construct:ShiftPotion"},{"floor":33.0,"key":"Adrenaline Potion"},{"floor":35.0,"key":"SkillPotion"},{"floor":37,"key":"CultistPotion"},{"floor":39,"key":"Explosive Potion"},{"floor":41,"key":"FairyPotion"},{"floor":43,"key":"hexamod:EctoCoolerPotion"},{"floor":47,"key":"Swift Potion"}],"is_trial":false,"path_per_floor":["M","M","$","M","PTL","PTL","?","R","E","R","T","M","R","?","M","M","R","B",null,"M","?","?","M","$","R","M","R","T","M","E","T","M","M","R","B",null,"M","?","M","T","M","R","E","R","T","R","M","$","R","T","R","B",null],"character_chosen":"IRONCLAD","items_purchased":["Bandage Up","Shrug It Off","Guardian:PocketSentry","Metallicize","Frozen Eye","Twin Strike","Thinking Ahead","Replay:SS_forest_2"],"campfire_rested":1,"item_purchase_floors":[24,48,48,48,48,48,48,48],"current_hp_per_floor":[77,80,80,80,80,80,80,80,59,59,59,54,54,54,48,38,38,14,64,53,33,33,39,39,39,29,53,53,57,61,61,77,73,73,71,78,80,80,80,80,80,80,72,72,78,78,69,69,69,69,69,37],"gold":47,"neow_bonus":"REMOVE_CARD","is_daily":false,"chose_seed":false,"campfire_upgraded":7,"win_rate":0.0,"timestamp":1609872245,"path_taken":["M","M","$","M","PTL","PTL","?","R","E","R","T","M","R","?","M","M","R","BOSS","M","?","?","M","$","R","M","R","T","M","E","?","M","M","R","BOSS","M","?","M","?","M","R","E","R","T","R","M","$","R","?","R","BOSS"],"items_purchased_type":["Card","Card","Relic","Card","Relic","Card","Card","Card"],"build_version":"2020-12-22","purchased_purges":2,"victory":true,"max_hp_per_floor":[80,80,80,80,80,80,80,80,80,80,80,80,80,80,80,80,80,80,80,80,80,80,80,80,80,80,80,80,80,80,80,80,80,80,80,80,80,80,80,80,80,80,80,80,86,86,86,86,86,86,86,86],"relic_stats":{"Peace Pipe":5,"counters":[22,113],"Black Blood":195,"Magic Flower":[76],"Boot":[25],"obtain_stats":[{"vexMod:PlasmaPancake":45,"Magic Flower":21,"Black Blood":36,"Oddly Smooth Stone":50,"Guardian:PocketSentry":48,"Boot":11,"Burning Blood":0,"White Beast Statue":28,"Replay:Rubber Ducky":7,"Peace Pipe":9,"Frozen Eye":48,"Replay:Bandana":43,"HornCleat":40,"Grinning Jar":31,"Abe\u0027s Treasure":19,"Toy Ornithopter":30},{"vexMod:PlasmaPancake":20,"Magic Flower":9,"Black Blood":16,"Oddly Smooth Stone":21,"Guardian:PocketSentry":21,"Boot":4,"Burning Blood":0,"White Beast Statue":11,"Replay:Rubber Ducky":3,"Peace Pipe":4,"Frozen Eye":21,"Replay:Bandana":20,"HornCleat":18,"Grinning Jar":13,"Abe\u0027s Treasure":8,"Toy Ornithopter":13},{"vexMod:PlasmaPancake":97,"Magic Flower":43,"Black Blood":77,"Oddly Smooth Stone":103,"Guardian:PocketSentry":103,"Boot":16,"Burning Blood":0,"White Beast Statue":50,"Replay:Rubber Ducky":10,"Peace Pipe":16,"Frozen Eye":103,"Replay:Bandana":97,"HornCleat":85,"Grinning Jar":61,"Abe\u0027s Treasure":39,"Toy Ornithopter":61}],"Toy Ornithopter":40},"card_choices":[{"not_picked":["Body Slam","Havoc","Sword Boomerang"],"picked":"SKIP","floor":1.0},{"not_picked":["Sword Boomerang","Whirlwind"],"picked":"Armaments","floor":2.0},{"not_picked":["Perfected Strike","Clothesline","Heavy Blade"],"picked":"SKIP","floor":4.0},{"not_picked":["Power Through","Havoc"],"picked":"Flex","floor":9.0},{"not_picked":["Fiend Fire","Headbutt"],"picked":"ReplayTheSpireMod:Muscle Training","floor":12.0},{"not_picked":["Run Through","True Grit","Flex"],"picked":"SKIP","floor":15.0},{"not_picked":["True Grit","Havoc"],"picked":"Twin Strike","floor":16.0},{"not_picked":["Barricade","Corruption"],"picked":"Demon Form","floor":18.0},{"not_picked":["Clash","Sentinel+1"],"picked":"Iron Wave","floor":20.0},{"not_picked":["Iron Wave","ReplayTheSpireMod:Strike From Hell"],"picked":"Metallicize","floor":21.0},{"not_picked":["Armaments","Shockwave"],"picked":"Cleave","floor":23.0},{"not_picked":["Body Slam","Clash"],"picked":"Sword Boomerang","floor":26.0},{"not_picked":["Searing Blow","Rupture","Flex"],"picked":"SKIP","floor":29.0},{"not_picked":["ReplayTheSpireMod:Corrosion Curse","Reckless Charge+1","Abandon"],"picked":"SKIP","floor":30.0},{"not_picked":["Wild Strike+1","ReplayTheSpireMod:Strike From Hell+1","Massacre+1"],"picked":"SKIP","floor":32.0},{"not_picked":["Burning Pact","Heavy Blade"],"picked":"Pommel Strike+1","floor":33.0},{"not_picked":["Impervious","Barricade"],"picked":"Demon Form","floor":35.0},{"not_picked":["Shrug It Off+1","Body Slam+1"],"picked":"Heavy Blade","floor":37},{"not_picked":["Body Slam","ReplayTheSpireMod:Stacked","ReplayTheSpireMod:Strike From Hell+1"],"picked":"SKIP","floor":39},{"not_picked":["True Grit+1","Intimidate+1"],"picked":"Impervious","floor":41},{"not_picked":["Dual Wield","Hemokinesis","ReplayTheSpireMod:Muscle Training+1"],"picked":"SKIP","floor":43},{"not_picked":["Heavy Blade","ReplayTheSpireMod:Limb From Limb+1"],"picked":"Whirlwind","floor":47}],"player_experience":652227,"relics_obtained":[{"floor":9.0,"key":"Peace Pipe"},{"floor":11.0,"key":"Boot"},{"floor":21.0,"key":"Magic Flower"},{"floor":28.0,"key":"White Beast Statue"},{"floor":30.0,"key":"Toy Ornithopter"},{"floor":31.0,"key":"Grinning Jar"},{"floor":40,"key":"HornCleat"},{"floor":43,"key":"Replay:Bandana"},{"floor":45,"key":"vexMod:PlasmaPancake"},{"floor":50,"key":"Oddly Smooth Stone"}],"event_choices":[{"damage_healed":0.0,"max_hp_gain":0.0,"max_hp_loss":0.0,"gold_gain":0.0,"event_name":"Dead Adventurer","player_choice":"Searched \u00272\u0027 times","floor":7.0,"gold_loss":0.0,"damage_taken":0.0,"relics_obtained":["Replay:Rubber Ducky"]},{"damage_healed":0.0,"max_hp_gain":0.0,"max_hp_loss":0.0,"gold_gain":175.0,"event_name":"Liars Game","player_choice":"AGREE","floor":14.0,"gold_loss":0.0,"damage_taken":0.0,"cards_obtained":["Doubt"]},{"damage_healed":0.0,"max_hp_gain":0.0,"max_hp_loss":0.0,"gold_gain":99.0,"event_name":"Nest","player_choice":"Stole From Cult","floor":22.0,"gold_loss":0.0,"damage_taken":0.0}],"is_beta":false,"boss_relics":[{"not_picked":["Replay:Drink Me","vexMod:DeviousBotling"],"picked":"Abe\u0027s Treasure"},{"not_picked":["Electric Blood","Empty Cage"],"picked":"Black Blood"}],"items_purged_floors":[3,24],"is_endless":false,"potions_floor_spawned":[2,4,9,15,20,23,29,30,32,33,35,37,39,41,43,47],"ascension_level":9}}