{"host":"tiwza2kisyyrpq7h","time":1609849258,"event":{"mods":["BaseMod","BetterRewards","Colored Powertips","Minty Spire (QoL Compilation)","Quick Restart","Rare Cards Sparkle","StSLib","SuperFastMode","The Servant 0.9.4","óô»ðÖ¸ÄÏ"],"gold_per_floor":[117,192,467,58,69,69,98,110,110,33,33,48,48,62,62,136,136,148,148,158,208,208,220,232,232],"floor_reached":24,"playtime":526,"items_purged":["Regret"],"score":388,"play_id":"0be8d458-9c51-4c6a-986e-c8b131d61d15","local_time":"20210105202058","is_ascension_mode":true,"campfire_choices":[{"data":"Transmutation","floor":6.0,"key":"SMITH"},{"floor":11.0,"key":"REST"},{"data":"Footwork","floor":15.0,"key":"SMITH"},{"data":"A Thousand Cuts","floor":23,"key":"SMITH"}],"circlet_count":0,"master_deck":["AscendersBane","Strike_G","Strike_G","Strike_G","Strike_G","Strike_G","Defend_G","Defend_G","Defend_G","Defend_G","Defend_G","Survivor","Neutralize","Writhe","Unload","Skewer","Footwork+1","Blade Dance","Transmutation+1","Die Die Die","PiercingWail","Dagger Throw","Accuracy","Dodge and Roll","Burst","Well Laid Plans","A Thousand Cuts+1","Dodge and Roll","Shame"],"relics":["Ring of the Snake","Dream Catcher","Bag of Marbles","Coffee Dripper","Nloth\u0027s Gift","MawBank"],"acts_visited":["Exordium","TheCity"],"potions_floor_usage":[16,16,18],"damage_taken":[{"damage":4.0,"enemies":"Small Slimes","floor":1.0,"turns":4.0},{"damage":1.0,"enemies":"Jaw Worm","floor":5.0,"turns":3.0},{"damage":39.0,"enemies":"Gremlin Nob","floor":7.0,"turns":4.0},{"damage":0.0,"enemies":"Cultist","floor":8.0,"turns":4.0},{"damage":0.0,"enemies":"Blue Slaver","floor":12.0,"turns":5.0},{"damage":0.0,"enemies":"Lots of Slimes","floor":14.0,"turns":1.0},{"damage":11,"enemies":"Hexaghost","floor":16,"turns":16},{"damage":4,"enemies":"2 Thieves","floor":18,"turns":5},{"damage":31,"enemies":"Spheric Guardian","floor":20,"turns":6},{"damage":16,"enemies":"Slavers","floor":24,"turns":1}],"seed_played":"-3231243091155932973","potions_obtained":[{"floor":1.0,"key":"Dexterity Potion"},{"floor":8.0,"key":"FearPotion"},{"floor":14.0,"key":"DuplicationPotion"},{"floor":16,"key":"ColorlessPotion"}],"is_trial":false,"path_per_floor":["M","?","?","$","M","R","E","M","T","$","R","M","?","M","R","B",null,"M","?","M","?","?","R","E"],"character_chosen":"THE_SILENT","items_purchased":["Footwork","Blade Dance","Transmutation","Accuracy"],"campfire_rested":1,"item_purchase_floors":[4,4,4,10],"current_hp_per_floor":[55,44,44,44,43,43,4,4,4,4,23,23,18,18,18,7,51,47,47,16,16,16,16,0,0],"gold":232,"neow_bonus":"THREE_RARE_CARDS","is_daily":false,"chose_seed":false,"campfire_upgraded":3,"win_rate":0.0,"timestamp":1609849258,"path_taken":["M","?","?","$","?","R","E","M","T","$","R","M","?","M","R","BOSS","M","?","?","?","?","R","E"],"items_purchased_type":["Card","Card","Card","Card"],"build_version":"2020-12-22","purchased_purges":1,"victory":false,"max_hp_per_floor":[66,66,66,66,66,66,66,66,66,66,66,66,66,66,66,66,66,66,66,66,66,66,66,66,66],"card_choices":[{"not_picked":["Grand Finale","Bullet Time"],"picked":"Unload","floor":0.0},{"not_picked":["Dodge and Roll","Deadly Poison"],"picked":"Skewer","floor":1.0},{"not_picked":["Poisoned Stab","Bane"],"picked":"Die Die Die","floor":5.0},{"not_picked":["Noxious Fumes","Catalyst"],"picked":"PiercingWail","floor":7.0},{"not_picked":["Catalyst","Expertise"],"picked":"Dagger Throw","floor":8.0},{"not_picked":["Bane","Slice"],"picked":"Dodge and Roll","floor":11.0},{"not_picked":["Bane","Deflect"],"picked":"Burst","floor":12.0},{"not_picked":["Noxious Fumes","Quick Slash"],"picked":"Well Laid Plans","floor":14.0},{"not_picked":["Adrenaline","Doppelganger"],"picked":"A Thousand Cuts","floor":16},{"not_picked":["PiercingWail+1","Underhanded Strike"],"picked":"Dodge and Roll","floor":18},{"not_picked":["Riddle With Holes","Underhanded Strike","Backstab"],"picked":"SKIP","floor":20}],"player_experience":947501,"relics_obtained":[{"floor":7.0,"key":"Darkstone Periapt"},{"floor":9.0,"key":"Dream Catcher"}],"event_choices":[{"damage_healed":0.0,"max_hp_gain":0.0,"max_hp_loss":0.0,"gold_gain":75.0,"event_name":"World of Goop","player_choice":"Gather Gold","floor":2.0,"gold_loss":0.0,"damage_taken":11.0},{"damage_healed":0.0,"max_hp_gain":0.0,"max_hp_loss":0.0,"gold_gain":275.0,"event_name":"Golden Shrine","player_choice":"Desecrate","floor":3.0,"gold_loss":0.0,"damage_taken":0.0,"cards_obtained":["Regret"]},{"damage_healed":0.0,"max_hp_gain":0.0,"max_hp_loss":0.0,"gold_gain":0.0,"event_name":"Scrap Ooze","player_choice":"Success","floor":13.0,"gold_loss":0.0,"damage_taken":5.0,"relics_obtained":["Bag of Marbles"]},{"damage_healed":0,"gold_gain":0,"player_choice":"Traded Relic","damage_taken":0,"relics_obtained":["Nloth\u0027s Gift"],"max_hp_gain":0,"max_hp_loss":0,"event_name":"N\u0027loth","floor":19,"relics_lost":["Darkstone Periapt"],"gold_loss":0},{"damage_healed":0,"gold_gain":50,"player_choice":"Stole From Cult","damage_taken":0,"max_hp_gain":0,"max_hp_loss":0,"event_name":"Nest","floor":21,"gold_loss":0},{"damage_healed":0,"gold_gain":0,"player_choice":"Stole Relic","damage_taken":0,"relics_obtained":["MawBank"],"max_hp_gain":0,"max_hp_loss":0,"event_name":"Addict","floor":22,"gold_loss":0,"cards_obtained":["Shame"]}],"is_beta":false,"boss_relics":[{"not_picked":["Velvet Choker","Empty Cage"],"picked":"Coffee Dripper"}],"items_purged_floors":[4],"is_endless":false,"potions_floor_spawned":[1,8,14,16],"killed_by":"Slavers","ascension_level":20}}