{"host":"g1wmg2w41xhsnw8g","time":1609872317,"event":{"mods":["2.2 Compatiblity","Act Like it!","BaseMod","Better Altar","Better Match","Better Note","Better Sensory Stone","Better Skull","Better Third Choice","BetterRewards","Booster Modes","CapriCore","Colored Map","Colored Powertips","Curses Come First","Defuse TimeMaze Blight","Displayed Cursed Tome","Evolution","Friendly Minions","GifTheSpireLib","Googly Eyes","Infinite Spire","Minty Spire (QoL Compilation)","Potionbrewer","Railgun Mod","Red Circlet Mod","Relic Sorter","Replay The Spire","SCP261 Mod","Shop Mod","Spicy Shops","StSLib","The Sage","Transform Curses","Wandering Minibosses","????"],"gold_per_floor":[118,118,132,145,145,179,197,197,197],"floor_reached":8,"playtime":489,"items_purged":[],"score":61,"play_id":"231a664d-ba21-4272-aeff-e8fb78f79877","local_time":"20210105134517","daily_mods":["Heirloom","Elite Swarm"],"is_ascension_mode":true,"campfire_choices":[],"circlet_count":0,"master_deck":["potionbrewer:OneTwoPunch","potionbrewer:PotionbrewerStrike","potionbrewer:PotionbrewerStrike","potionbrewer:PotionbrewerStrike","potionbrewer:PotionbrewerDefend","potionbrewer:PotionbrewerDefend","potionbrewer:PotionbrewerDefend","potionbrewer:PotionbrewerDefend","potionbrewer:Collect+1","potionbrewer:ChemicalSpill","potionbrewer:Toxicity","potionbrewer:BalancedFormula","potionbrewer:Shovel","potionbrewer:Catalyze","potionbrewer:Prototype"],"relics":["potionbrewer:PotionKit","EVO:Axolotl","infinitespire:Magic Flask","infinitespire:Eraser","Replay:Multitool","infinitespire:Golems Mask"],"acts_visited":["Exordium"],"potions_floor_usage":[3,4,7,8],"damage_taken":[{"damage":3,"enemies":"Small Slimes","floor":1,"turns":4},{"damage":0,"enemies":"Cultist","floor":3,"turns":3},{"damage":0,"enemies":"Jaw Worm","floor":4,"turns":3},{"damage":27,"enemies":"Gremlin Nob","floor":6,"turns":4},{"damage":9,"enemies":"Exordium Wildlife","floor":7,"turns":4},{"damage":21,"enemies":"Lagavulin","floor":8,"turns":3}],"seed_played":"158906167952677712","potions_obtained":[{"floor":3,"key":"SpeedPotion"}],"is_trial":true,"path_per_floor":["M","?","M","M","?","E","M","E"],"character_chosen":"POTIONBREWER","items_purchased":[],"campfire_rested":0,"item_purchase_floors":[],"current_hp_per_floor":[72,72,72,72,57,30,21,0,0],"gold":197,"neow_bonus":"","is_daily":false,"chose_seed":false,"campfire_upgraded":0,"win_rate":0.0,"timestamp":1609872317,"path_taken":["M","?","?","M","?","E","M","E"],"items_purchased_type":[],"build_version":"2020-12-22","purchased_purges":0,"victory":false,"max_hp_per_floor":[75,75,75,75,75,75,75,75,75],"card_choices":[{"not_picked":["potionbrewer:TimeBomb","potionbrewer:ChemicalShroud"],"picked":"potionbrewer:Toxicity","floor":1},{"not_picked":["potionbrewer:Contingency","potionbrewer:Brandish"],"picked":"potionbrewer:BalancedFormula","floor":3},{"not_picked":["potionbrewer:BlindingSpray","potionbrewer:FortifiedSerum"],"picked":"potionbrewer:Shovel","floor":4},{"not_picked":["potionbrewer:BottomlessFlask","potionbrewer:PotentialEnergy","potionbrewer:Prototype"],"picked":"potionbrewer:Catalyze","floor":6},{"not_picked":["potionbrewer:FortifiedSerum","potionbrewer:EmptyBottle","potionbrewer:Contingency"],"picked":"potionbrewer:Prototype","floor":7}],"player_experience":1107247,"relics_obtained":[{"floor":6,"key":"infinitespire:Golems Mask"}],"event_choices":[{"damage_healed":0,"gold_gain":0,"player_choice":"Upgraded","damage_taken":0,"max_hp_gain":0,"max_hp_loss":0,"event_name":"Upgrade Shrine","floor":2,"gold_loss":0,"cards_upgraded":["potionbrewer:Collect"]},{"damage_healed":0,"gold_gain":1,"player_choice":"Relic Relic ","damage_taken":15,"max_hp_gain":0,"max_hp_loss":0,"event_name":"betterThird:BetterScrap","floor":5,"gold_loss":0,"cards_obtained":["Judgement"]}],"is_beta":false,"boss_relics":[],"items_purged_floors":[],"is_endless":false,"potions_floor_spawned":[3],"killed_by":"Lagavulin","ascension_level":1}}