{"host":"ig7tc0uedzltt2sr","time":1609828130,"event":{"mods":["BaseMod","Better Twitch Integration","Block Reminder","Colored Map","Colored Powertips","Communication Mod","Current Relic Mod","GifTheSpireLib","HexUI Lib","Minty Spire (QoL Compilation)","Quick Restart","Random Character Button","Rare Cards Sparkle","Relic Sorter","Relic Stats","Slay the Relics Exporter","StSLib","SuperFastMode","Synergy Search","Twitch Decklist","Twitch Utils","everything is the same but u backflip on backflip","slay the spire mod where everything is the same but ironclad has a cowboy hat"],"gold_per_floor":[119,133,24,36,54,54,54],"floor_reached":6,"playtime":35,"items_purged":[],"score":38,"play_id":"952cf2d1-07b6-4976-a1c9-7e9c481ebb26","local_time":"20210104222850","is_ascension_mode":false,"campfire_choices":[],"circlet_count":0,"master_deck":["Strike_R","Strike_R","Strike_R","Strike_R","Strike_R","Defend_R","Defend_R","Defend_R","Defend_R","Bash","Feel No Pain","Cleave","Spot Weakness","Rupture"],"relics":["Burning Blood","NeowsBlessing"],"acts_visited":["Exordium"],"potions_floor_usage":[],"damage_taken":[{"damage":0,"enemies":"Cultist","floor":1,"turns":1},{"damage":0,"enemies":"2 Louse","floor":2,"turns":1},{"damage":0,"enemies":"Small Slimes","floor":4,"turns":1},{"damage":16,"enemies":"2 Fungi Beasts","floor":5,"turns":6},{"damage":86,"enemies":"Gremlin Nob","floor":6,"turns":6}],"seed_played":"-5193146944743255602","potions_obtained":[{"floor":1,"key":"SkillPotion"},{"floor":2,"key":"ColorlessPotion"},{"floor":4,"key":"LiquidBronze"}],"is_trial":false,"path_per_floor":["M","M","$","M","M","E"],"character_chosen":"IRONCLAD","items_purchased":["Spot Weakness","Rupture"],"campfire_rested":0,"item_purchase_floors":[3,3],"current_hp_per_floor":[80,80,80,80,70,0,0],"gold":54,"neow_bonus":"THREE_ENEMY_KILL","is_daily":false,"chose_seed":false,"campfire_upgraded":0,"win_rate":0.0,"timestamp":1609828130,"path_taken":["M","M","$","?","M","E"],"items_purchased_type":["Card","Card"],"build_version":"2020-12-22","purchased_purges":0,"victory":false,"max_hp_per_floor":[80,80,80,80,80,80,80],"relic_stats":{"counters":[5,15],"obtain_stats":[{"NeowsBlessing":0,"Burning Blood":0},{"NeowsBlessing":0,"Burning Blood":0},{"NeowsBlessing":0,"Burning Blood":0}],"Burning Blood":6},"card_choices":[{"not_picked":["Power Through","Perfected Strike"],"picked":"Feel No Pain","floor":1},{"not_picked":["Pommel Strike","Disarm"],"picked":"Cleave","floor":2},{"not_picked":["Spot Weakness","Blood for Blood","Uppercut"],"picked":"SKIP","floor":4},{"not_picked":["Thunderclap","Cleave","Headbutt"],"picked":"SKIP","floor":5}],"player_experience":1428283,"relics_obtained":[],"event_choices":[],"is_beta":false,"boss_relics":[],"items_purged_floors":[],"is_endless":false,"potions_floor_spawned":[1,2,4],"killed_by":"Gremlin Nob","ascension_level":0}}