{"host":"5x08nt64u3vxxcfi","time":1609847089,"event":{"mods":["BaseMod","Minty Spire (QoL Compilation)","StSLib","SuperFastMode"],"gold_per_floor":[110,129,139,37,37,65,140,175,226,80,80,96,96,119,119,220,220,237,187,200,200,299,331,349,349,375,386,13,13,13],"floor_reached":29,"playtime":593,"items_purged":["Defend_P"],"score":251,"play_id":"f4d943c2-4c7d-4dd7-a521-4dfa82c279f2","local_time":"20210105204449","is_ascension_mode":false,"campfire_choices":[{"data":"Eruption","floor":11.0,"key":"SMITH"},{"data":"Wallop","floor":15.0,"key":"SMITH"}],"circlet_count":0,"master_deck":["Strike_P","Strike_P","Strike_P","Defend_P","Defend_P+1","Eruption+1","Vigilance","Madness","EmptyBody","CrushJoints","Conclude","FollowUp+1","WreathOfFlame","FlyingSleeves","WaveOfTheHand","LessonLearned+1","BattleHymn","Indignation+1","Crescendo","DeceiveReality","Halt","Wallop+1","Ragnarok","ClearTheMind+1","EmptyFist","EmptyFist+1","BowlingBash","Wallop","ClearTheMind","BattleHymn","BowlingBash","FollowUp","SashWhip","Secret Technique"],"relics":["PureWater","Question Card","Vajra","Art of War","Orrery","Odd Mushroom","Black Star","Gambling Chip","Bottled Flame","Sundial","Strawberry"],"acts_visited":["Exordium","TheCity"],"potions_floor_usage":[27],"damage_taken":[{"damage":0.0,"enemies":"Cultist","floor":1.0,"turns":4.0},{"damage":0.0,"enemies":"Jaw Worm","floor":2.0,"turns":3.0},{"damage":0.0,"enemies":"Small Slimes","floor":3.0,"turns":4.0},{"damage":3.0,"enemies":"3 Sentries","floor":6.0,"turns":5.0},{"damage":27.0,"enemies":"Gremlin Nob","floor":8.0,"turns":4.0},{"damage":10.0,"enemies":"Exordium Wildlife","floor":12.0,"turns":3.0},{"damage":13.0,"enemies":"The Mushroom Lair","floor":14.0,"turns":3.0},{"damage":13.0,"enemies":"Hexaghost","floor":16.0,"turns":6.0},{"damage":5.0,"enemies":"Chosen","floor":18.0,"turns":4.0},{"damage":8.0,"enemies":"Spheric Guardian","floor":20.0,"turns":4.0},{"damage":54.0,"enemies":"Slavers","floor":23.0,"turns":4.0},{"damage":0,"enemies":"Centurion and Healer","floor":24,"turns":3},{"damage":0,"enemies":"3 Cultists","floor":27,"turns":3},{"damage":13,"enemies":"Sentry and Sphere","floor":29,"turns":3}],"seed_played":"7225961416122692415","potions_obtained":[{"floor":2.0,"key":"PowerPotion"},{"floor":3.0,"key":"Fire Potion"},{"floor":12.0,"key":"Weak Potion"},{"floor":18.0,"key":"Energy Potion"},{"floor":20.0,"key":"Dexterity Potion"},{"floor":24,"key":"Explosive Potion"}],"is_trial":false,"path_per_floor":["M","M","M","$","?","E","?","E","T","$","R","M","?","?","R","B",null,"M","$","M","?","?","E","M","?","T","M","$","M"],"character_chosen":"WATCHER","items_purchased":["FollowUp","WreathOfFlame","Orrery","EmptyFist","FollowUp","SashWhip","Secret Technique"],"campfire_rested":0,"item_purchase_floors":[4,4,10,19,28,28,28],"current_hp_per_floor":[72,72,72,72,58,55,44,17,17,17,17,7,31,18,18,5,72,67,67,59,59,59,5,5,5,12,12,12,0,0],"gold":13,"neow_bonus":"RANDOM_COLORLESS","is_daily":false,"chose_seed":false,"campfire_upgraded":2,"win_rate":0.0,"timestamp":1609847089,"path_taken":["M","M","M","?","?","E","?","E","T","$","R","?","?","?","R","BOSS","M","$","M","?","?","E","M","?","T","M","$","M"],"items_purchased_type":["Card","Card","Relic","Card","Card","Card","Card"],"build_version":"2020-12-22","purchased_purges":1,"victory":false,"max_hp_per_floor":[72,72,72,72,72,72,72,72,72,72,72,72,72,72,72,72,72,72,72,72,72,72,72,72,72,79,79,79,79,79],"card_choices":[{"not_picked":["Panacea","Swift Strike"],"picked":"Madness","floor":0.0},{"not_picked":["Fasting2","SignatureMove"],"picked":"EmptyBody","floor":1.0},{"not_picked":["SashWhip","CarveReality"],"picked":"CrushJoints","floor":2.0},{"not_picked":["EmptyFist","Protect"],"picked":"Conclude","floor":3.0},{"not_picked":["ClearTheMind","Brilliance"],"picked":"FlyingSleeves","floor":6.0},{"not_picked":["Evaluate","ClearTheMind","EmptyBody"],"picked":"WaveOfTheHand","floor":8.0},{"not_picked":["ThirdEye","Weave","MasterReality"],"picked":"LessonLearned","floor":10.0},{"not_picked":["FearNoEvil","ReachHeaven","BowlingBash"],"picked":"BattleHymn","floor":10.0},{"not_picked":["Weave","JustLucky","Vengeance"],"picked":"Indignation","floor":10.0},{"not_picked":["EmptyFist","FlyingSleeves","InnerPeace"],"picked":"Crescendo","floor":10.0},{"not_picked":["WheelKick","ReachHeaven","EmptyBody"],"picked":"DeceiveReality","floor":10.0},{"not_picked":["Evaluate","JustLucky","Perseverance"],"picked":"Halt","floor":12.0},{"not_picked":["BowlingBash","ClearTheMind","JustLucky"],"picked":"Wallop","floor":14.0},{"not_picked":["MasterReality","Vault","DevaForm"],"picked":"Ragnarok","floor":16.0},{"not_picked":["CutThroughFate","Consecrate","SandsOfTime"],"picked":"ClearTheMind+1","floor":18.0},{"not_picked":["Evaluate","FollowUp+1","JustLucky"],"picked":"EmptyFist+1","floor":20.0},{"not_picked":["Evaluate","CrushJoints","PathToVictory"],"picked":"ClearTheMind","floor":23},{"not_picked":["ClearTheMind","Worship+1","Study"],"picked":"BattleHymn","floor":24},{"not_picked":["Meditate","Pray","ThirdEye"],"picked":"BowlingBash","floor":27}],"player_experience":43590,"relics_obtained":[{"floor":6.0,"key":"Question Card"},{"floor":8.0,"key":"Vajra"},{"floor":9.0,"key":"Art of War"},{"floor":14.0,"key":"Odd Mushroom"},{"floor":23,"key":"Gambling Chip"},{"floor":23,"key":"Bottled Flame"},{"floor":26,"key":"Strawberry"}],"event_choices":[{"damage_healed":0.0,"max_hp_gain":0.0,"max_hp_loss":0.0,"gold_gain":0.0,"event_name":"Shining Light","player_choice":"Entered Light","floor":5.0,"gold_loss":0.0,"damage_taken":14.0,"cards_upgraded":["Defend_P","FollowUp"]},{"damage_healed":0.0,"max_hp_gain":0.0,"max_hp_loss":0.0,"gold_gain":75.0,"event_name":"World of Goop","player_choice":"Gather Gold","floor":7.0,"gold_loss":0.0,"damage_taken":11.0},{"damage_healed":24.0,"max_hp_gain":0.0,"max_hp_loss":0.0,"gold_gain":0.0,"event_name":"Big Fish","player_choice":"Banana","floor":13.0,"gold_loss":0.0,"damage_taken":0.0},{"damage_healed":0.0,"max_hp_gain":0.0,"max_hp_loss":0.0,"gold_gain":0.0,"event_name":"Mushrooms","player_choice":"Fought Mushrooms","floor":14.0,"gold_loss":0.0,"damage_taken":0.0},{"damage_healed":0.0,"max_hp_gain":0.0,"max_hp_loss":0.0,"gold_gain":0.0,"cards_transformed":["Strike_P","Defend_P"],"event_name":"Drug Dealer","player_choice":"Became Test Subject","floor":21.0,"gold_loss":0.0,"damage_taken":0.0,"cards_obtained":["BowlingBash","Wallop"]},{"damage_healed":0.0,"max_hp_gain":0.0,"max_hp_loss":0.0,"gold_gain":99.0,"event_name":"Nest","player_choice":"Stole From Cult","floor":22.0,"gold_loss":0.0,"damage_taken":0.0},{"damage_healed":0,"gold_gain":0,"player_choice":"Opened","damage_taken":0,"relics_obtained":["Sundial"],"max_hp_gain":0,"max_hp_loss":0,"event_name":"The Mausoleum","floor":25,"gold_loss":0}],"is_beta":false,"boss_relics":[{"not_picked":["Coffee Dripper","Pandora\u0027s Box"],"picked":"Black Star"}],"items_purged_floors":[28],"is_endless":false,"potions_floor_spawned":[2,3,12,18,20,24],"killed_by":"Sentry and Sphere","ascension_level":0}}