{"host":"y3h3n3f7seyagppx","time":1609878210,"event":{"mods":["BaseMod","Colored Map","Colored Powertips","DeckTracker","Minty Spire (QoL Compilation)","Random Character Button","Rare Cards Sparkle","Relic Sorter","Relic Stats","StSLib"],"gold_per_floor":[126,149,161,185,208,249,261,287,325,367,445,469,509,33,33,112,112,124,124,49,61,61,90,101,101,125,125,159,159,159,159,159],"floor_reached":31,"playtime":2636,"items_purged":["Strike_R"],"score":586,"play_id":"dedd6825-a396-4e28-97cb-8b4fbfd37185","local_time":"20210105152330","is_ascension_mode":true,"campfire_choices":[{"floor":7,"key":"REST"},{"data":"Immolate","floor":15,"key":"SMITH"},{"data":"Armaments","floor":25,"key":"SMITH"},{"floor":27,"key":"REST"}],"circlet_count":0,"master_deck":["AscendersBane","Strike_R","Strike_R","Defend_R","Defend_R","Defend_R","Defend_R","Bash","Carnage","Flame Barrier+1","Armaments+1","Anger","Feed","Immolate+1","Power Through","Shrug It Off+1","Second Wind","Corruption","Exhume","Fire Breathing","Shockwave","Body Slam"],"relics":["Burning Blood","MawBank","Blood Vial","Nunchaku","Juzu Bracelet","Orrery","War Paint","Mark of Pain","Potion Belt","Art of War","Ancient Tea Set"],"acts_visited":["Exordium","TheCity"],"potions_floor_usage":[10,13,23,24],"damage_taken":[{"damage":5,"enemies":"2 Louse","floor":1,"turns":3},{"damage":6,"enemies":"Cultist","floor":2,"turns":4},{"damage":7,"enemies":"Jaw Worm","floor":4,"turns":4},{"damage":9,"enemies":"Exordium Wildlife","floor":5,"turns":6},{"damage":56,"enemies":"Gremlin Nob","floor":6,"turns":6},{"damage":9,"enemies":"Exordium Thugs","floor":8,"turns":5},{"damage":8,"enemies":"3 Sentries","floor":10,"turns":13},{"damage":7,"enemies":"3 Louse","floor":12,"turns":4},{"damage":13,"enemies":"Lagavulin","floor":13,"turns":6},{"damage":2,"enemies":"Slime Boss","floor":16,"turns":7},{"damage":25,"enemies":"Shell Parasite","floor":18,"turns":5},{"damage":5,"enemies":"Spheric Guardian","floor":21,"turns":5},{"damage":9,"enemies":"Gremlin Leader","floor":23,"turns":5},{"damage":48,"enemies":"Snake Plant","floor":24,"turns":6},{"damage":21,"enemies":"Slavers","floor":28,"turns":4},{"damage":39,"enemies":"Gremlin Leader","floor":31,"turns":4}],"seed_played":"-2584349382980459576","potions_obtained":[{"floor":1,"key":"HeartOfIron"},{"floor":6,"key":"Block Potion"},{"floor":18,"key":"ColorlessPotion"},{"floor":21,"key":"SneckoOil"},{"floor":28,"key":"Energy Potion"}],"is_trial":false,"path_per_floor":["M","M","?","M","M","E","R","M","T","E","?","M","E","$","R","B",null,"M","?","?","M","$","E","M","R","T","R","E","?","?","E"],"character_chosen":"IRONCLAD","items_purchased":["Orrery","War Paint","DistilledChaos"],"campfire_rested":2,"item_purchase_floors":[14,14,14],"current_hp_per_floor":[69,69,69,68,65,15,37,34,34,34,34,39,37,37,37,43,72,55,55,55,58,58,57,17,17,17,41,34,34,34,0,0],"gold":159,"neow_bonus":"RANDOM_COMMON_RELIC","is_daily":false,"chose_seed":false,"campfire_upgraded":2,"win_rate":0.0,"timestamp":1609878210,"path_taken":["M","M","?","M","M","E","R","M","T","E","?","M","E","$","R","BOSS","M","?","?","M","$","E","M","R","T","R","E","?","?","E"],"items_purchased_type":["Relic","Relic","Potion"],"build_version":"2020-12-22","purchased_purges":1,"victory":false,"max_hp_per_floor":[75,75,75,75,75,75,75,75,75,75,75,79,82,82,82,82,82,82,82,82,82,82,82,82,82,82,82,88,88,88,88,88],"relic_stats":{"Blood Vial":20,"Nunchaku":[7],"counters":[16,87],"Juzu Bracelet":1,"Art of War":[2],"War Paint":["Shrug It Off","Flame Barrier"],"MawBank":168,"obtain_stats":[{"Blood Vial":9,"Potion Belt":23,"Nunchaku":10,"Orrery":14,"Mark of Pain":17,"Juzu Bracelet":13,"Art of War":26,"War Paint":14,"MawBank":0,"Ancient Tea Set":28,"Burning Blood":0},{"Blood Vial":6,"Potion Belt":13,"Nunchaku":7,"Orrery":9,"Mark of Pain":10,"Juzu Bracelet":9,"Art of War":14,"War Paint":9,"MawBank":0,"Ancient Tea Set":15,"Burning Blood":0},{"Blood Vial":28,"Potion Belt":73,"Nunchaku":41,"Orrery":51,"Mark of Pain":58,"Juzu Bracelet":51,"Art of War":79,"War Paint":51,"MawBank":0,"Ancient Tea Set":83,"Burning Blood":0}],"Burning Blood":90},"card_choices":[{"not_picked":["Sentinel","Perfected Strike"],"picked":"Carnage","floor":1},{"not_picked":["Headbutt","Iron Wave"],"picked":"Flame Barrier","floor":2},{"not_picked":["Dropkick","Heavy Blade","Disarm"],"picked":"SKIP","floor":4},{"not_picked":["True Grit","Headbutt"],"picked":"Armaments","floor":5},{"not_picked":["Heavy Blade","Uppercut"],"picked":"Anger","floor":6},{"not_picked":["Flame Barrier","Wild Strike"],"picked":"Feed","floor":8},{"not_picked":["Thunderclap","Clothesline","Berserk"],"picked":"SKIP","floor":10},{"not_picked":["Pommel Strike","Anger","Cleave"],"picked":"SKIP","floor":12},{"not_picked":["Headbutt","Seeing Red","Perfected Strike"],"picked":"SKIP","floor":13},{"not_picked":["Wild Strike","Flex"],"picked":"Immolate","floor":14},{"not_picked":["Flame Barrier","Second Wind"],"picked":"Power Through","floor":14},{"not_picked":["Searing Blow","Cleave"],"picked":"Shrug It Off","floor":14},{"not_picked":["Perfected Strike","Armaments"],"picked":"Second Wind","floor":14},{"not_picked":["Limit Break","Bludgeon"],"picked":"Corruption","floor":16},{"not_picked":["Perfected Strike","Pommel Strike","Clash"],"picked":"SKIP","floor":18},{"not_picked":["Clash","Clothesline","Seeing Red"],"picked":"SKIP","floor":21},{"not_picked":["Perfected Strike","Bloodletting"],"picked":"Exhume","floor":23},{"not_picked":["Iron Wave","Armaments"],"picked":"Fire Breathing","floor":24},{"not_picked":["Twin Strike","Clash"],"picked":"Shockwave","floor":28}],"player_experience":20368299,"relics_obtained":[{"floor":9,"key":"Blood Vial"},{"floor":10,"key":"Nunchaku"},{"floor":13,"key":"Juzu Bracelet"},{"floor":23,"key":"Potion Belt"},{"floor":26,"key":"Art of War"},{"floor":28,"key":"Ancient Tea Set"}],"event_choices":[{"damage_healed":0,"gold_gain":0,"player_choice":"Ignored","damage_taken":0,"max_hp_gain":0,"max_hp_loss":0,"event_name":"Liars Game","floor":3,"gold_loss":0},{"damage_healed":0,"gold_gain":66,"player_choice":"Gained Gold","damage_taken":0,"max_hp_gain":0,"max_hp_loss":0,"event_name":"Golden Wing","floor":11,"gold_loss":0},{"cards_removed":["Strike_R"],"damage_healed":0,"gold_gain":0,"player_choice":"Purged","damage_taken":0,"max_hp_gain":0,"max_hp_loss":0,"event_name":"Purifier","floor":19,"gold_loss":0},{"cards_removed":["Strike_R"],"damage_healed":0,"gold_gain":0,"player_choice":"Gave Gold","damage_taken":0,"max_hp_gain":0,"max_hp_loss":0,"event_name":"Beggar","floor":20,"gold_loss":75},{"damage_healed":0,"gold_gain":0,"player_choice":"Ignored","damage_taken":0,"max_hp_gain":0,"max_hp_loss":0,"event_name":"Vampires","floor":29,"gold_loss":0},{"damage_healed":0,"gold_gain":0,"player_choice":"Read","damage_taken":0,"max_hp_gain":0,"max_hp_loss":0,"event_name":"The Library","floor":30,"gold_loss":0,"cards_obtained":["Body Slam"]}],"is_beta":false,"boss_relics":[{"not_picked":["Ectoplasm","Pandora\u0027s Box"],"picked":"Mark of Pain"}],"items_purged_floors":[14],"is_endless":false,"potions_floor_spawned":[1,6,8,18,21,28],"killed_by":"Gremlin Leader","ascension_level":20}}