{"host":"mqpbkea33q7k5ozs","time":1609859925,"event":{"mods":["AchievementEnabler","BaseMod","Colored Map","Highlight Path","Minty Spire (QoL Compilation)"],"gold_per_floor":[112,112,112,124,149,182,54,54,80,80,96,171,205,222,222,324,324,337,270,369,389,389,389,389,405,405,405,405,405,228,240,240,240,240],"floor_reached":33,"playtime":1242,"items_purged":[],"score":331,"play_id":"e8fd7031-7320-4bcb-9931-7a0fbaba5035","local_time":"20210105101845","is_ascension_mode":true,"campfire_choices":[{"floor":8.0,"key":"RECALL"},{"data":"Panacea","floor":10.0,"key":"SMITH"},{"floor":15.0,"key":"REST"},{"floor":23.0,"key":"REST"},{"floor":32,"key":"REST"}],"circlet_count":0,"master_deck":["Strike_G","Strike_G","Strike_G","Strike_G","Strike_G","Defend_G","Defend_G","Defend_G","Defend_G","Defend_G","Survivor","Neutralize","Deadly Poison+1","Underhanded Strike","Poisoned Stab","Crippling Poison","Panacea+1","Outmaneuver","Venomology","Backstab","Envenom","Catalyst","Caltrops","Backflip+1","Caltrops","PiercingWail","Infinite Blades+1"],"relics":["Ring of the Snake","NeowsBlessing","Nunchaku","Smiling Mask","Lantern","Busted Crown","Nilry\u0027s Codex","HornCleat","MutagenicStrength","Du-Vu Doll","DollysMirror"],"acts_visited":["Exordium","TheCity"],"potions_floor_usage":[28,31,33,33],"damage_taken":[{"damage":0.0,"enemies":"Jaw Worm","floor":1.0,"turns":1.0},{"damage":0.0,"enemies":"2 Louse","floor":4.0,"turns":1.0},{"damage":0.0,"enemies":"Lagavulin","floor":6.0,"turns":1.0},{"damage":15.0,"enemies":"Small Slimes","floor":11.0,"turns":4.0},{"damage":33.0,"enemies":"3 Sentries","floor":13.0,"turns":9.0},{"damage":6.0,"enemies":"3 Louse","floor":14.0,"turns":3.0},{"damage":19.0,"enemies":"The Guardian","floor":16.0,"turns":10.0},{"damage":2.0,"enemies":"Chosen","floor":18.0,"turns":4.0},{"damage":9.0,"enemies":"Shell Parasite","floor":21.0,"turns":4.0},{"damage":13.0,"enemies":"Shelled Parasite and Fungi","floor":25.0,"turns":5.0},{"damage":17,"enemies":"Colosseum Slavers","floor":28,"turns":5},{"damage":5,"enemies":"Centurion and Healer","floor":31,"turns":5},{"damage":42,"enemies":"Collector","floor":33,"turns":6}],"seed_played":"3764990451228513471","potions_obtained":[{"floor":6.0,"key":"Strength Potion"},{"floor":11.0,"key":"BlessingOfTheForge"},{"floor":14.0,"key":"GhostInAJar"},{"floor":21.0,"key":"PowerPotion"},{"floor":25.0,"key":"CunningPotion"}],"is_trial":false,"path_per_floor":["M","?","?","M","T","E","$","R","T","R","M","?","E","M","R","B",null,"M","$","?","M","?","R","?","M","T","?","?","T","$","M","R","B"],"character_chosen":"THE_SILENT","items_purchased":["Crippling Poison","Panacea","Catalyst","DollysMirror","PiercingWail"],"campfire_rested":3,"item_purchase_floors":[7,7,19,30,30],"current_hp_per_floor":[70,70,70,70,70,70,70,70,70,70,55,44,11,5,26,7,70,68,68,68,59,59,70,54,41,41,41,24,24,24,19,40,0,0],"gold":240,"neow_bonus":"THREE_ENEMY_KILL","is_daily":false,"chose_seed":false,"campfire_upgraded":1,"win_rate":0.0,"timestamp":1609859925,"path_taken":["M","?","?","M","?","E","?","R","T","R","?","?","E","M","R","BOSS","M","$","?","M","?","R","?","M","T","?","?","?","?","M","R","BOSS"],"items_purchased_type":["Card","Card","Card","Relic","Card"],"build_version":"2020-12-22","purchased_purges":0,"victory":false,"max_hp_per_floor":[70,70,70,70,70,70,70,70,70,70,70,70,70,70,70,70,70,70,70,70,70,70,70,70,70,70,70,70,70,70,70,70,70,70],"card_choices":[{"not_picked":["Underhanded Strike","Slice"],"picked":"Deadly Poison","floor":1.0},{"not_picked":["Tactician","Outmaneuver"],"picked":"Underhanded Strike","floor":4.0},{"not_picked":["PiercingWail","Blade Dance"],"picked":"Poisoned Stab","floor":6.0},{"not_picked":["Deflect","Prepared"],"picked":"Outmaneuver","floor":11.0},{"not_picked":["Dagger Spray","Underhanded Strike"],"picked":"Venomology","floor":13.0},{"not_picked":["Blade Dance","Eviscerate"],"picked":"Backstab","floor":14.0},{"not_picked":["A Thousand Cuts","Malaise"],"picked":"Envenom","floor":16.0},{"not_picked":["All Out Attack"],"picked":"SKIP","floor":18.0},{"not_picked":[],"picked":"Caltrops","floor":21.0},{"not_picked":[],"picked":"Backflip+1","floor":25.0},{"not_picked":[],"picked":"Infinite Blades+1","floor":31}],"player_experience":457960,"relics_obtained":[{"floor":6.0,"key":"Nunchaku"},{"floor":9.0,"key":"Smiling Mask"},{"floor":13.0,"key":"Lantern"},{"floor":24.0,"key":"Nilry\u0027s Codex"},{"floor":26.0,"key":"HornCleat"},{"floor":29,"key":"Du-Vu Doll"}],"event_choices":[{"damage_healed":0.0,"max_hp_gain":0.0,"max_hp_loss":0.0,"gold_gain":0.0,"event_name":"Living Wall","player_choice":"Grow","floor":2.0,"gold_loss":0.0,"damage_taken":0.0,"cards_upgraded":["Deadly Poison"]},{"damage_healed":0.0,"max_hp_gain":0.0,"max_hp_loss":0.0,"gold_gain":0.0,"event_name":"Golden Wing","player_choice":"Ignored","floor":3.0,"gold_loss":0.0,"damage_taken":0.0},{"damage_healed":0.0,"max_hp_gain":0.0,"max_hp_loss":0.0,"gold_gain":75.0,"event_name":"World of Goop","player_choice":"Gather Gold","floor":12.0,"gold_loss":0.0,"damage_taken":11.0},{"damage_healed":0.0,"max_hp_gain":0.0,"max_hp_loss":0.0,"gold_gain":99.0,"event_name":"Nest","player_choice":"Stole From Cult","floor":20.0,"gold_loss":0.0,"damage_taken":0.0},{"damage_healed":0.0,"max_hp_gain":0.0,"max_hp_loss":0.0,"gold_gain":0.0,"event_name":"Ghosts","player_choice":"Ignored","floor":22.0,"gold_loss":0.0,"damage_taken":0.0},{"damage_healed":0.0,"max_hp_gain":0.0,"max_hp_loss":0.0,"gold_gain":0.0,"event_name":"Cursed Tome","player_choice":"Obtained Book","floor":24.0,"gold_loss":0.0,"damage_taken":16.0},{"damage_healed":0.0,"max_hp_gain":0.0,"max_hp_loss":0.0,"gold_gain":0.0,"event_name":"Drug Dealer","player_choice":"Inject Mutagens","floor":27.0,"gold_loss":0.0,"damage_taken":0.0,"relics_obtained":["MutagenicStrength"]},{"damage_healed":0,"gold_gain":0,"player_choice":"Fight","damage_taken":0,"max_hp_gain":0,"max_hp_loss":0,"event_name":"Colosseum","floor":28,"gold_loss":0},{"damage_healed":0,"gold_gain":0,"player_choice":"Fled From Nobs","damage_taken":0,"max_hp_gain":0,"max_hp_loss":0,"event_name":"Colosseum","floor":28,"gold_loss":0}],"is_beta":false,"boss_relics":[{"not_picked":["Calling Bell","Runic Pyramid"],"picked":"Busted Crown"}],"items_purged_floors":[],"is_endless":false,"potions_floor_spawned":[6,11,14,21,25],"killed_by":"Collector","ascension_level":4}}