{"host":"5raohst9sk3kvp5v","time":1609826949,"event":{"mods":["BaseMod","Colored Powertips","Highlight Path","Minty Spire (QoL Compilation)","Quick Restart","Relic Stats","StSLib"],"gold_per_floor":[110,110,125,151,170,181,196,196,196],"floor_reached":8,"playtime":615,"items_purged":[],"score":100,"play_id":"dc402968-cf24-4836-b070-9e49e8d48d02","local_time":"20210105000909","is_ascension_mode":true,"campfire_choices":[],"circlet_count":0,"master_deck":["AscendersBane","Strike_R","Strike_R","Strike_R","Strike_R","Strike_R","Defend_R","Defend_R","Defend_R","Defend_R","Bash","Apotheosis","Flame Barrier","Evolve","Clothesline","Shrug It Off"],"relics":["Burning Blood","Shovel"],"acts_visited":["Exordium"],"potions_floor_usage":[],"damage_taken":[{"damage":2.0,"enemies":"2 Louse","floor":1.0,"turns":4.0},{"damage":4.0,"enemies":"Jaw Worm","floor":3.0,"turns":4.0},{"damage":7.0,"enemies":"Cultist","floor":5.0,"turns":4.0},{"damage":35.0,"enemies":"Lots of Slimes","floor":6.0,"turns":5.0},{"damage":20.0,"enemies":"Large Slime","floor":7.0,"turns":8.0},{"damage":8,"enemies":"Gremlin Nob","floor":8,"turns":3}],"seed_played":"-5828618735866269052","potions_obtained":[{"floor":1.0,"key":"Regen Potion"},{"floor":3.0,"key":"ElixirPotion"},{"floor":5.0,"key":"Swift Potion"}],"is_trial":false,"path_per_floor":["M","?","M","T","M","M","M","E"],"character_chosen":"IRONCLAD","items_purchased":[],"campfire_rested":0,"item_purchase_floors":[],"current_hp_per_floor":[54,43,45,45,44,29,15,7,7],"gold":196,"neow_bonus":"RANDOM_COLORLESS_2","is_daily":false,"chose_seed":false,"campfire_upgraded":0,"win_rate":0.0,"timestamp":1609826949,"path_taken":["M","?","M","?","M","M","M","E"],"items_purchased_type":[],"build_version":"2020-12-22","purchased_purges":0,"victory":false,"max_hp_per_floor":[75,75,75,75,75,75,75,75,75],"relic_stats":{"Shovel":0,"counters":[6,28],"obtain_stats":[{"Shovel":2,"Burning Blood":0},{"Shovel":1,"Burning Blood":0},{"Shovel":4,"Burning Blood":0}],"Burning Blood":30},"card_choices":[{"not_picked":["Chrysalis","Transmutation"],"picked":"Apotheosis","floor":0.0},{"not_picked":["Dropkick","Iron Wave"],"picked":"Flame Barrier","floor":1.0},{"not_picked":["Armaments","Dual Wield"],"picked":"Evolve","floor":3.0},{"not_picked":["Blood for Blood","Hemokinesis"],"picked":"Clothesline","floor":5.0},{"not_picked":["Perfected Strike","Bloodletting","Combust"],"picked":"SKIP","floor":6.0},{"not_picked":["Clash","Dual Wield"],"picked":"Shrug It Off","floor":7.0}],"player_experience":1695041,"relics_obtained":[],"event_choices":[{"damage_healed":0.0,"max_hp_gain":0.0,"max_hp_loss":0.0,"gold_gain":0.0,"event_name":"Scrap Ooze","player_choice":"Success","floor":2.0,"gold_loss":0.0,"damage_taken":11.0,"relics_obtained":["Shovel"]}],"is_beta":false,"boss_relics":[],"items_purged_floors":[],"is_endless":false,"potions_floor_spawned":[1,3,5],"killed_by":"Gremlin Nob","ascension_level":20}}