{"host":"kw4o7b3ro2ktmmbe","time":1609809472,"event":{"mods":["BaseMod","Evolution","Minty Spire (QoL Compilation)"],"gold_per_floor":[99,99,99,99,99,99,99,99,99,99,99,99,99,24,24,24,24,24,24,24,24,24,24,24,24,24,24,24],"floor_reached":27,"playtime":1946,"items_purged":["Defend_P"],"score":534,"play_id":"b475086a-9848-4046-b308-689769b723c9","local_time":"20210105141752","is_ascension_mode":true,"campfire_choices":[{"data":"Eruption","floor":7.0,"key":"SMITH"},{"data":"WindmillStrike","floor":10.0,"key":"SMITH"},{"data":"Consecrate","floor":13.0,"key":"SMITH"},{"floor":15.0,"key":"REST"},{"data":"Wallop","floor":23,"key":"SMITH"}],"circlet_count":0,"master_deck":["AscendersBane","CutThroughFate","CutThroughFate","CutThroughFate","Defend_P","Defend_P","Eruption+1","Vigilance","Consecrate+1","JustLucky","Wallop+1","MentalFortress","TalkToTheHand","WindmillStrike+1","Establishment","WheelKick","CutThroughFate+1","Weave+1","Establishment"],"relics":["EVO:Axolotl","Ectoplasm","Turnip","Blue Candle","Philosopher\u0027s Stone","Molten Egg 2","Mummified Hand"],"acts_visited":["Exordium","TheCity"],"potions_floor_usage":[25],"damage_taken":[{"damage":0.0,"enemies":"Cultist","floor":1.0,"turns":4.0},{"damage":0.0,"enemies":"Small Slimes","floor":2.0,"turns":2.0},{"damage":0.0,"enemies":"2 Louse","floor":3.0,"turns":1.0},{"damage":1.0,"enemies":"Exordium Wildlife","floor":4.0,"turns":3.0},{"damage":21.0,"enemies":"Gremlin Nob","floor":6.0,"turns":4.0},{"damage":0.0,"enemies":"Large Slime","floor":8.0,"turns":5.0},{"damage":3.0,"enemies":"Red Slaver","floor":12.0,"turns":2.0},{"damage":0,"enemies":"Slime Boss","floor":16,"turns":4},{"damage":0,"enemies":"Chosen","floor":18,"turns":2},{"damage":12,"enemies":"Shell Parasite","floor":20,"turns":4},{"damage":15,"enemies":"Book of Stabbing","floor":24,"turns":5},{"damage":18,"enemies":"Shelled Parasite and Fungi","floor":25,"turns":3},{"damage":7,"enemies":"Chosen and Byrds","floor":27,"turns":1}],"seed_played":"-7069294416023984667","potions_obtained":[{"floor":2.0,"key":"Explosive Potion"},{"floor":12.0,"key":"StancePotion"},{"floor":20,"key":"Fire Potion"}],"is_trial":false,"path_per_floor":["M","M","M","M","$","E","R","M","T","R","?","M","R","$","R","B",null,"M","?","M","?","?","R","E","M","T","M"],"character_chosen":"WATCHER","items_purchased":[],"campfire_rested":1,"item_purchase_floors":[],"current_hp_per_floor":[61,61,61,60,60,39,39,39,39,39,39,36,36,36,56,56,65,65,65,53,53,34,34,19,1,1,0,0],"gold":24,"neow_bonus":"BOSS_RELIC","is_daily":false,"chose_seed":false,"campfire_upgraded":4,"win_rate":0.0,"timestamp":1609809472,"path_taken":["M","M","M","M","?","E","R","M","T","R","?","?","R","$","R","BOSS","M","?","M","?","?","R","E","?","T","M"],"items_purchased_type":[],"build_version":"2020-12-22","purchased_purges":1,"victory":false,"max_hp_per_floor":[68,68,68,68,68,68,68,68,68,68,68,68,68,68,68,68,68,68,68,68,68,73,73,73,73,73,73,73],"card_choices":[{"not_picked":["CutThroughFate","FlyingSleeves"],"picked":"Consecrate","floor":1.0},{"not_picked":["CutThroughFate","FlyingSleeves"],"picked":"JustLucky","floor":2.0},{"not_picked":["FollowUp","Halt"],"picked":"Wallop","floor":3.0},{"not_picked":["FlyingSleeves","Evaluate"],"picked":"MentalFortress","floor":4.0},{"not_picked":["SignatureMove","Swivel"],"picked":"TalkToTheHand","floor":6.0},{"not_picked":["EmptyBody","ThirdEye"],"picked":"WindmillStrike","floor":8.0},{"not_picked":["ClearTheMind","BowlingBash","Halt"],"picked":"SKIP","floor":12.0},{"not_picked":["Devotion","Judgement"],"picked":"Establishment","floor":16},{"not_picked":["CrushJoints","PathToVictory","Study"],"picked":"SKIP","floor":18},{"not_picked":["Prostrate+1","BowlingBash"],"picked":"CutThroughFate+1","floor":20},{"not_picked":["BowlingBash+1","ThirdEye"],"picked":"Weave+1","floor":24},{"not_picked":["WheelKick+1","FollowUp+1"],"picked":"Establishment","floor":25}],"player_experience":1775303,"relics_obtained":[{"floor":6.0,"key":"Turnip"},{"floor":9.0,"key":"Blue Candle"},{"floor":24,"key":"Molten Egg 2"},{"floor":26,"key":"Mummified Hand"}],"event_choices":[{"cards_removed":["Strike_P"],"damage_healed":0.0,"max_hp_gain":0.0,"max_hp_loss":0.0,"gold_gain":0.0,"event_name":"Purifier","player_choice":"Purged","floor":11.0,"gold_loss":0.0,"damage_taken":0.0},{"damage_healed":0,"gold_gain":0,"player_choice":"Read","damage_taken":0,"max_hp_gain":0,"max_hp_loss":0,"event_name":"The Library","floor":19,"gold_loss":0,"cards_obtained":["WheelKick"]},{"cards_removed":["Defend_P"],"damage_healed":0,"gold_gain":0,"player_choice":"Elegance","damage_taken":0,"max_hp_gain":0,"max_hp_loss":0,"event_name":"Back to Basics","floor":21,"gold_loss":0},{"damage_healed":0,"gold_gain":0,"player_choice":"Shed Blood","damage_taken":24,"max_hp_gain":5,"max_hp_loss":0,"event_name":"Forgotten Altar","floor":22,"gold_loss":0}],"is_beta":false,"boss_relics":[{"not_picked":["VioletLotus","SacredBark"],"picked":"Philosopher\u0027s Stone"}],"items_purged_floors":[14],"is_endless":false,"potions_floor_spawned":[2,12,16,20,24],"killed_by":"Chosen and Byrds","ascension_level":16}}