{"host":"b995t17pt6d05w8c","time":1609867921,"event":{"mods":["AchievementEnabler","BaseMod","Colored Map","Minty Spire (QoL Compilation)","SuperFastMode"],"gold_per_floor":[52,70,70,112,201,201,253,304,304,372,452,482,71,172,172,277,277,330,346,409,484,524,551,551,251,277,309,365,365,73,113,113,208,208,285,285,28,69,80,135,135,165,165,220,277,76,76,116,116,141],"floor_reached":51,"playtime":2116,"items_purged":["Strike_R","Strike_R","Strike_R","Strike_R"],"score":1111,"play_id":"b8148834-6302-4572-86cc-48ea6bb9a68c","local_time":"20210106023201","is_ascension_mode":true,"campfire_choices":[{"data":"Armaments","floor":6.0,"key":"SMITH"},{"data":"Body Slam","floor":15.0,"key":"SMITH"},{"data":"Entrench","floor":29.0,"key":"SMITH"},{"data":"Master of Strategy","floor":32.0,"key":"SMITH"},{"data":"Impervious","floor":49,"key":"SMITH"}],"circlet_count":0,"master_deck":["Defend_R","Defend_R","Defend_R+1","Defend_R","Bash","HandOfGreed","Armaments+1","Flame Barrier+1","Barricade+1","Second Wind","Body Slam+1","Power Through+1","Fiend Fire","Battle Trance","Entrench+1","Master of Strategy+1","Impervious+1","Warcry+1","Sever Soul+1"],"relics":["Burning Blood","Frozen Egg 2","Nunchaku","Odd Mushroom","TheAbacus","War Paint","Orichalcum","Black Star","Red Mask","Molten Egg 2","Boot","MealTicket","Lantern","Dream Catcher","Bottled Tornado","Velvet Choker","Sundial","Omamori","Anchor","White Beast Statue","Pear","Kunai","Unceasing Top","Regal Pillow"],"acts_visited":["Exordium","TheCity","TheBeyond"],"potions_floor_usage":[50,50,50,50,50],"damage_taken":[{"damage":1.0,"enemies":"2 Louse","floor":1.0,"turns":3.0},{"damage":11.0,"enemies":"Jaw Worm","floor":2.0,"turns":3.0},{"damage":0.0,"enemies":"Cultist","floor":4.0,"turns":3.0},{"damage":2.0,"enemies":"3 Louse","floor":5.0,"turns":6.0},{"damage":15.0,"enemies":"Gremlin Nob","floor":7.0,"turns":4.0},{"damage":5.0,"enemies":"2 Fungi Beasts","floor":8.0,"turns":5.0},{"damage":1.0,"enemies":"Large Slime","floor":10.0,"turns":11.0},{"damage":12.0,"enemies":"The Mushroom Lair","floor":11.0,"turns":6.0},{"damage":5.0,"enemies":"Looter","floor":12.0,"turns":5.0},{"damage":4.0,"enemies":"3 Sentries","floor":14.0,"turns":22.0},{"damage":13.0,"enemies":"Hexaghost","floor":16.0,"turns":7.0},{"damage":14.0,"enemies":"3 Byrds","floor":18.0,"turns":4.0},{"damage":17.0,"enemies":"2 Thieves","floor":19.0,"turns":5.0},{"damage":8.0,"enemies":"Centurion and Healer","floor":20.0,"turns":13.0},{"damage":12.0,"enemies":"Masked Bandits","floor":21.0,"turns":5.0},{"damage":10.0,"enemies":"Snake Plant","floor":22.0,"turns":8.0},{"damage":23.0,"enemies":"Gremlin Leader","floor":23.0,"turns":7.0},{"damage":1.0,"enemies":"Book of Stabbing","floor":27.0,"turns":5.0},{"damage":0.0,"enemies":"Shelled Parasite and Fungi","floor":28.0,"turns":9.0},{"damage":0.0,"enemies":"Centurion and Healer","floor":31.0,"turns":12.0},{"damage":3.0,"enemies":"Collector","floor":33.0,"turns":12.0},{"damage":0.0,"enemies":"3 Shapes","floor":35.0,"turns":8.0},{"damage":8,"enemies":"3 Darklings","floor":38,"turns":9},{"damage":2,"enemies":"Writhing Mass","floor":39,"turns":5},{"damage":0,"enemies":"Nemesis","floor":40,"turns":4},{"damage":0,"enemies":"Giant Head","floor":42,"turns":5},{"damage":0,"enemies":"Reptomancer","floor":44,"turns":7},{"damage":0,"enemies":"Jaw Worm Horde","floor":45,"turns":7},{"damage":0,"enemies":"Sphere and 2 Shapes","floor":48,"turns":6},{"damage":0,"enemies":"Donu and Deca","floor":50,"turns":8}],"seed_played":"-4097543082961556737","potions_obtained":[{"floor":2.0,"key":"ColorlessPotion"},{"floor":7.0,"key":"LiquidBronze"},{"floor":10.0,"key":"BlessingOfTheForge"},{"floor":11.0,"key":"Fruit Juice"},{"floor":12.0,"key":"PowerPotion"},{"floor":20.0,"key":"ColorlessPotion"},{"floor":27.0,"key":"Energy Potion"},{"floor":28.0,"key":"BloodPotion"},{"floor":31.0,"key":"Explosive Potion"},{"floor":33.0,"key":"EntropicBrew"},{"floor":48,"key":"DistilledChaos"}],"is_trial":false,"path_per_floor":["M","M","?","M","M","R","E","M","T","M","?","M","$","E","R","B",null,"M","M","M","?","M","E","?","$","T","E","M","R","$","M","R","B",null,"M","?","$","M","M","E","?","E","T","E","M","$","?","M","R","B",null],"character_chosen":"IRONCLAD","items_purchased":["TheAbacus","Power Through","War Paint","Block Potion","MealTicket","Master of Strategy","Sundial","PowerPotion"],"campfire_rested":0,"item_purchase_floors":[13,13,13,25,25,30,37,46],"current_hp_per_floor":[80,75,59,65,69,69,60,61,61,66,65,66,66,68,68,61,85,77,66,64,58,54,37,37,37,37,42,48,48,63,69,69,72,85,85,85,85,83,85,85,81,91,91,91,91,91,91,91,91,91],"gold":141,"neow_bonus":"RANDOM_COLORLESS_2","is_daily":false,"chose_seed":false,"campfire_upgraded":5,"win_rate":0.0,"timestamp":1609867921,"path_taken":["M","M","?","M","M","R","E","M","T","M","?","?","?","E","R","BOSS","M","M","M","?","M","E","?","$","T","E","M","R","$","M","R","BOSS","M","?","$","M","M","E","?","E","T","E","M","$","?","?","R","BOSS"],"items_purchased_type":["Relic","Card","Relic","Potion","Relic","Card","Relic","Potion"],"build_version":"2020-12-22","purchased_purges":4,"victory":true,"max_hp_per_floor":[80,80,80,80,80,80,80,80,80,80,85,85,85,85,85,85,85,85,85,85,85,85,85,85,85,85,85,85,85,85,85,85,85,85,85,85,85,85,85,85,81,91,91,91,91,91,91,91,91,91],"card_choices":[{"not_picked":["Master of Strategy","Violence"],"picked":"HandOfGreed","floor":0.0},{"not_picked":["Cleave","Anger"],"picked":"Armaments","floor":1.0},{"not_picked":["Rupture","Warcry"],"picked":"Flame Barrier","floor":2.0},{"not_picked":["Iron Wave","Intimidate","Clash"],"picked":"SKIP","floor":4.0},{"not_picked":["Hemokinesis","Twin Strike","Flame Barrier"],"picked":"SKIP","floor":5.0},{"not_picked":["Twin Strike","Pommel Strike"],"picked":"Barricade+1","floor":7.0},{"not_picked":["Perfected Strike","Warcry"],"picked":"Second Wind","floor":8.0},{"not_picked":["Flex","Iron Wave"],"picked":"Body Slam","floor":10.0},{"not_picked":["Headbutt","Flame Barrier"],"picked":"Blood for Blood","floor":11.0},{"not_picked":["Headbutt","Whirlwind","Intimidate"],"picked":"SKIP","floor":12.0},{"not_picked":["Sword Boomerang","Heavy Blade","Power Through"],"picked":"SKIP","floor":14.0},{"not_picked":["Reaper","Corruption+1"],"picked":"Fiend Fire","floor":16.0},{"not_picked":["Shrug It Off","Pommel Strike+1"],"picked":"Battle Trance","floor":18.0},{"not_picked":["Ghostly Armor","Cleave"],"picked":"Entrench","floor":19.0},{"not_picked":["Armaments+1","Metallicize+1","Double Tap"],"picked":"SKIP","floor":20.0},{"not_picked":["Sword Boomerang","Body Slam","Blood for Blood"],"picked":"SKIP","floor":22.0},{"not_picked":["Metallicize+1","Limit Break","Clothesline+1"],"picked":"SKIP","floor":23.0},{"not_picked":["Rage","Whirlwind+1","Metallicize+1"],"picked":"SKIP","floor":27.0},{"not_picked":["Headbutt+1","Intimidate","Iron Wave+1"],"picked":"SKIP","floor":28.0},{"not_picked":["Flame Barrier","Inflame+1","Fire Breathing+1"],"picked":"SKIP","floor":31.0},{"not_picked":["Fiend Fire+1","Feed+1"],"picked":"Impervious","floor":33.0},{"not_picked":["Anger+1","Sever Soul+1","Spot Weakness"],"picked":"SKIP","floor":35.0},{"not_picked":["Spot Weakness","Rampage+1","Pommel Strike+1"],"picked":"SKIP","floor":38},{"not_picked":["Headbutt+1","Clash+1","True Grit"],"picked":"SKIP","floor":39},{"not_picked":["Second Wind","Pommel Strike+1"],"picked":"Warcry+1","floor":40},{"not_picked":["Armaments+1","Warcry","Bludgeon+1"],"picked":"SKIP","floor":42},{"not_picked":["Inflame+1","Flex+1","Rage"],"picked":"SKIP","floor":44},{"not_picked":["Body Slam+1","Bloodletting","Warcry"],"picked":"SKIP","floor":45},{"not_picked":["True Grit","Intimidate+1","Hemokinesis+1"],"picked":"SKIP","floor":48}],"player_experience":14289,"relics_obtained":[{"floor":7.0,"key":"Frozen Egg 2"},{"floor":9.0,"key":"Nunchaku"},{"floor":11.0,"key":"Odd Mushroom"},{"floor":14.0,"key":"Orichalcum"},{"floor":21.0,"key":"Red Mask"},{"floor":23.0,"key":"Molten Egg 2"},{"floor":23.0,"key":"Boot"},{"floor":26.0,"key":"Lantern"},{"floor":27.0,"key":"Dream Catcher"},{"floor":27.0,"key":"Bottled Tornado"},{"floor":40,"key":"Omamori"},{"floor":40,"key":"Anchor"},{"floor":42,"key":"White Beast Statue"},{"floor":42,"key":"Pear"},{"floor":43,"key":"Kunai"},{"floor":44,"key":"Unceasing Top"},{"floor":44,"key":"Regal Pillow"}],"event_choices":[{"damage_healed":0.0,"max_hp_gain":0.0,"max_hp_loss":0.0,"gold_gain":0.0,"event_name":"Shining Light","player_choice":"Entered Light","floor":3.0,"gold_loss":0.0,"damage_taken":16.0,"cards_upgraded":["Strike_R","Flame Barrier"]},{"damage_healed":0.0,"max_hp_gain":0.0,"max_hp_loss":0.0,"gold_gain":0.0,"event_name":"Mushrooms","player_choice":"Fought Mushrooms","floor":11.0,"gold_loss":0.0,"damage_taken":0.0},{"damage_healed":0.0,"max_hp_gain":0.0,"max_hp_loss":0.0,"gold_gain":0.0,"event_name":"Masked Bandits","player_choice":"Fought Bandits","floor":21.0,"gold_loss":0.0,"damage_taken":0.0},{"damage_healed":0.0,"max_hp_gain":0.0,"max_hp_loss":0.0,"gold_gain":0.0,"event_name":"Ghosts","player_choice":"Ignored","floor":24.0,"gold_loss":0.0,"damage_taken":0.0},{"cards_removed":["Blood for Blood"],"damage_healed":0.0,"max_hp_gain":0.0,"max_hp_loss":0.0,"gold_gain":0.0,"event_name":"Falling","player_choice":"Removed Attack","floor":36.0,"gold_loss":0.0,"damage_taken":0.0},{"damage_healed":0,"gold_gain":0,"player_choice":"Max HP","damage_taken":0,"max_hp_gain":0,"max_hp_loss":4,"event_name":"Winding Halls","floor":41,"gold_loss":0},{"damage_healed":0,"gold_gain":0,"cards_transformed":["Strike_R"],"player_choice":"Transformed","damage_taken":0,"max_hp_gain":0,"max_hp_loss":0,"event_name":"Transmorgrifier","floor":47,"gold_loss":0,"cards_obtained":["Sever Soul"]}],"is_beta":false,"boss_relics":[{"not_picked":["Runic Dome","Runic Pyramid"],"picked":"Black Star"},{"not_picked":["Calling Bell","Mark of Pain"],"picked":"Velvet Choker"}],"items_purged_floors":[13,25,30,46],"is_endless":false,"potions_floor_spawned":[2,7,10,11,12,14,20,27,28,31,33,39,40,44,45,48],"ascension_level":1}}