{"host":"ttzdpsscxkem3xrs","time":1609839847,"event":{"mods":["BaseMod","Colored Map","Downfall","Minty Spire (QoL Compilation)","Replay The Spire","StSLib","The Cursed","The Hierophant"],"gold_per_floor":[119,137,169,169,199,199,203,203,276,276,281,271,145,145,145,191,191,181,169,20,15,53,33,33],"floor_reached":23,"playtime":1741,"items_purged":["hierophant:Strike_Hierophant"],"score":153,"play_id":"d688c9b6-ad6b-469e-b323-b2a35b1f6a8a","local_time":"20210105014407","is_ascension_mode":false,"campfire_choices":[{"data":"hierophant:Flagellation","floor":6,"key":"SMITH"},{"floor":8,"key":"REST"},{"floor":15,"key":"REST"}],"circlet_count":0,"master_deck":["hierophant:Strike_Hierophant","hierophant:Strike_Hierophant","hierophant:Punish","hierophant:Defend_Hierophant","hierophant:Defend_Hierophant","hierophant:Defend_Hierophant","hierophant:ChurchCoffers","hierophant:Zeal","hierophant:SecretStash","hierophant:Flagellation+1","hierophant:Sermon","hierophant:MorningPrayer","hierophant:Shelter","hierophant:Endure","hierophant:HolyVerse","hierophant:DivineIntervention","hierophant:HolyVerse","hierophant:Blessing","hierophant:FaithHealing","hierophant:HammerAndAnvil"],"relics":["hierophant:PropheticMaskRelic","NeowsBlessing","Thread and Needle","Bottled Flame","Pet Ghost","Philosopher\u0027s Stone","Gremlin Food"],"acts_visited":["Exordium","TheCity"],"potions_floor_usage":[11,16,16,19],"damage_taken":[{"damage":0,"enemies":"Jaw Worm","floor":1,"turns":1},{"damage":0,"enemies":"Cultist","floor":2,"turns":1},{"damage":0,"enemies":"2 Louse","floor":3,"turns":2},{"damage":0,"enemies":"Gremlin Gang","floor":5,"turns":2},{"damage":44,"enemies":"Lagavulin","floor":7,"turns":8},{"damage":11,"enemies":"3 Sentries","floor":11,"turns":7},{"damage":0,"enemies":"Looter","floor":12,"turns":3},{"damage":41,"enemies":"Slime Boss","floor":16,"turns":13},{"damage":0,"enemies":"Shell Parasite","floor":18,"turns":4},{"damage":10,"enemies":"2 Thieves","floor":19,"turns":3},{"damage":1,"enemies":"Centurion and Healer","floor":21,"turns":3},{"damage":16,"enemies":"Chosen and Byrds","floor":22,"turns":6},{"damage":25,"enemies":"Book of Stabbing","floor":23,"turns":4}],"seed_played":"4150886322588365","potions_obtained":[{"floor":2,"key":"Energy Potion"},{"floor":7,"key":"Weak Potion"},{"floor":11,"key":"Milkshake"},{"floor":12,"key":"Dexterity Potion"},{"floor":18,"key":"Toxic Potion"}],"is_trial":false,"path_per_floor":["M","M","M","?","M","R","E","R","T","?","E","M","$","?","R","B",null,"M","M","$","M","M","E"],"character_chosen":"HIEROPHANT","items_purchased":["hierophant:HolyVerse","Gremlin Food"],"campfire_rested":2,"item_purchase_floors":[13,20],"current_hp_per_floor":[75,75,75,75,75,75,31,53,53,53,42,42,42,42,64,23,75,75,65,65,71,55,37,37],"gold":33,"neow_bonus":"THREE_ENEMY_KILL","is_daily":false,"chose_seed":false,"campfire_upgraded":1,"win_rate":0.0,"timestamp":1609839847,"path_taken":["M","M","M","?","M","R","E","R","T","?","E","?","$","?","R","BOSS","M","M","$","?","M","E"],"items_purchased_type":["Card","Relic"],"build_version":"2020-12-22","purchased_purges":1,"victory":false,"max_hp_per_floor":[75,75,75,75,75,75,75,75,75,75,75,75,75,75,75,75,75,75,75,75,75,75,75,75],"card_choices":[{"not_picked":["hierophant:OrnateBuckler","hierophant:CursedGold"],"picked":"hierophant:Zeal","floor":1},{"not_picked":["hierophant:Shelter","hierophant:ThreeLashes"],"picked":"hierophant:SecretStash","floor":2},{"not_picked":["hierophant:Purify","hierophant:HammerAndAnvil"],"picked":"hierophant:Flagellation","floor":3},{"not_picked":["hierophant:HammerAndAnvil","hierophant:Sermon","hierophant:Shelter"],"picked":"SKIP","floor":5},{"not_picked":["hierophant:Zeal","hierophant:Upheaval"],"picked":"hierophant:Sermon","floor":7},{"not_picked":["hierophant:DisplayOfPower","hierophant:ThreeLashes"],"picked":"hierophant:Shelter","floor":11},{"not_picked":["hierophant:OrnateJavelin","hierophant:Kindle"],"picked":"hierophant:Endure","floor":12},{"not_picked":["hierophant:Kindle","hierophant:MintersHammer"],"picked":"hierophant:DivineIntervention","floor":16},{"not_picked":["hierophant:Refuge+1","hierophant:AuricBeam+1"],"picked":"hierophant:HolyVerse","floor":18},{"not_picked":["hierophant:FlamingChariot","hierophant:RustyCrate"],"picked":"hierophant:Blessing","floor":19},{"not_picked":["hierophant:Zeal","hierophant:OrnateJavelin"],"picked":"hierophant:FaithHealing","floor":21},{"not_picked":["hierophant:Doomsaying+1","hierophant:AuricBeam+1"],"picked":"hierophant:HammerAndAnvil","floor":22}],"player_experience":1294360,"relics_obtained":[{"floor":7,"key":"Thread and Needle"},{"floor":9,"key":"Bottled Flame"},{"floor":11,"key":"Pet Ghost"}],"event_choices":[{"damage_healed":0,"gold_gain":0,"cards_transformed":["hierophant:Defend_Hierophant"],"player_choice":"Transformed","damage_taken":0,"max_hp_gain":0,"max_hp_loss":0,"event_name":"Transmorgrifier","floor":10,"gold_loss":0,"cards_obtained":["hierophant:MorningPrayer"]},{"damage_healed":0,"gold_gain":0,"player_choice":"Ignored","damage_taken":0,"max_hp_gain":0,"max_hp_loss":0,"event_name":"NoteForYourself","floor":14,"gold_loss":0}],"is_beta":false,"boss_relics":[{"not_picked":["Replay:Grab Bag","Pandora\u0027s Box"],"picked":"Philosopher\u0027s Stone"}],"items_purged_floors":[13],"is_endless":false,"potions_floor_spawned":[2,7,11,12,18],"killed_by":"Book of Stabbing","ascension_level":0}}