{"host":"f5n4tidiz2n5sooh","time":1609845293,"event":{"mods":["BaseMod","Bestiary","Colored Map","Minty Spire (QoL Compilation)","Relic Stats","StSLib"],"gold_per_floor":[114,129,45,45,57,57,71,71,71,102,102,112,112,123,123,123,123],"floor_reached":16,"playtime":382,"items_purged":[],"score":204,"play_id":"277c0a9d-84f6-4ce0-930f-a9e9626dfc9e","local_time":"20210105051453","is_ascension_mode":true,"campfire_choices":[{"data":"Inflame","floor":6,"key":"SMITH"},{"data":"Pommel Strike","floor":8,"key":"SMITH"},{"data":"Limit Break","floor":13,"key":"SMITH"},{"floor":15,"key":"REST"}],"circlet_count":0,"master_deck":["AscendersBane","Strike_R","Strike_R","Strike_R","Strike_R","Defend_R","Defend_R","Defend_R","Defend_R","Bash+1","Anger","Inflame+1","Pommel Strike+1","Limit Break+1","Thunderclap","Dropkick","Pummel"],"relics":["Burning Blood","NeowsBlessing","Boot","Matryoshka"],"acts_visited":["Exordium"],"potions_floor_usage":[10,14,16],"damage_taken":[{"damage":0,"enemies":"Cultist","floor":1,"turns":1},{"damage":0,"enemies":"Small Slimes","floor":2,"turns":1},{"damage":0,"enemies":"2 Louse","floor":5,"turns":1},{"damage":12,"enemies":"Looter","floor":7,"turns":3},{"damage":35,"enemies":"3 Sentries","floor":10,"turns":8},{"damage":7,"enemies":"2 Fungi Beasts","floor":12,"turns":3},{"damage":4,"enemies":"Red Slaver","floor":14,"turns":3},{"damage":60,"enemies":"The Guardian","floor":16,"turns":5}],"seed_played":"4333059530157817545","potions_obtained":[{"floor":2,"key":"ColorlessPotion"},{"floor":7,"key":"ElixirPotion"},{"floor":12,"key":"ColorlessPotion"},{"floor":14,"key":"SmokeBomb"}],"is_trial":false,"path_per_floor":["M","M","$","?","M","R","M","R","T","E","?","M","R","M","R","B"],"character_chosen":"IRONCLAD","items_purchased":["Inflame"],"campfire_rested":1,"item_purchase_floors":[3],"current_hp_per_floor":[74,75,75,75,75,75,69,69,69,40,33,32,32,34,56,0,0],"gold":123,"neow_bonus":"THREE_ENEMY_KILL","is_daily":false,"chose_seed":false,"campfire_upgraded":3,"win_rate":0.0,"timestamp":1609845293,"path_taken":["M","?","$","?","?","R","M","R","T","E","?","M","R","M","R","BOSS"],"items_purchased_type":["Card"],"build_version":"2020-12-22","purchased_purges":0,"victory":false,"max_hp_per_floor":[75,75,75,75,75,75,75,75,75,75,75,75,75,75,75,75,75],"relic_stats":{"counters":[8,25],"Boot":[2],"obtain_stats":[{"Matryoshka":10,"NeowsBlessing":0,"Boot":9,"Burning Blood":0},{"Matryoshka":5,"NeowsBlessing":0,"Boot":4,"Burning Blood":0},{"Matryoshka":14,"NeowsBlessing":0,"Boot":6,"Burning Blood":0}],"Burning Blood":31},"card_choices":[{"not_picked":["Havoc","Sentinel","Rupture"],"picked":"SKIP","floor":1},{"not_picked":["Clash","Havoc"],"picked":"Anger","floor":2},{"not_picked":["Shrug It Off","Wild Strike"],"picked":"Pommel Strike","floor":5},{"not_picked":["Combust","Headbutt"],"picked":"Limit Break","floor":7},{"not_picked":["Twin Strike","Cleave"],"picked":"Thunderclap","floor":10},{"not_picked":["Thunderclap","Warcry"],"picked":"Dropkick","floor":12},{"not_picked":["Heavy Blade","Perfected Strike"],"picked":"Pummel","floor":14}],"player_experience":1974455,"relics_obtained":[{"floor":9,"key":"Boot"},{"floor":10,"key":"Matryoshka"}],"event_choices":[{"damage_healed":0,"gold_gain":0,"player_choice":"Upgraded","damage_taken":0,"max_hp_gain":0,"max_hp_loss":0,"event_name":"Upgrade Shrine","floor":4,"gold_loss":0,"cards_upgraded":["Bash"]},{"cards_removed":["Strike_R"],"damage_healed":0,"gold_gain":0,"player_choice":"Card Removal","damage_taken":7,"max_hp_gain":0,"max_hp_loss":0,"event_name":"Golden Wing","floor":11,"gold_loss":0}],"is_beta":false,"boss_relics":[],"items_purged_floors":[],"is_endless":false,"potions_floor_spawned":[2,7,12,14],"killed_by":"The Guardian","ascension_level":20}}