{"host":"mydft8i2zzydgggw","time":1609862618,"event":{"mods":["AchievementEnabler","BaseMod","BetterRewards","Colored Map","Colored Powertips","DeckTracker","Keyboard Shortcuts","Minty Spire (QoL Compilation)","Quick Restart","Rare Cards Sparkle","StSLib","SuperFastMode","The Poker Player","everything is the same but u backflip on backflip"],"gold_per_floor":[112,45,45,45,61,95,95,122,191,221,232,250,261,293,293,394,394,408,408,418,418,418,449,449,449,449],"floor_reached":25,"playtime":547,"items_purged":[],"score":401,"play_id":"48e79cd2-4478-4b0c-ad6d-514e15615a1b","local_time":"20210106010338","is_ascension_mode":true,"campfire_choices":[{"data":"ReachHeaven","floor":7.0,"key":"SMITH"},{"floor":15.0,"key":"REST"},{"data":"Establishment","floor":24.0,"key":"SMITH"}],"circlet_count":0,"master_deck":["Strike_P","Strike_P","Defend_P","Defend_P","Defend_P","Eruption","Vigilance","FlurryOfBlows","ReachHeaven+1","Worship","Adaptation","SandsOfTime","Establishment+1","MentalFortress+1","Perseverance","Establishment","Necronomicurse","Halt+1"],"relics":["HolyWater","NeowsBlessing","Art of War","Pen Nib","Letter Opener","Damaru","Mummified Hand","Necronomicon","Yang"],"acts_visited":["Exordium","TheCity"],"potions_floor_usage":[],"damage_taken":[{"damage":0.0,"enemies":"Cultist","floor":1.0,"turns":1.0},{"damage":0.0,"enemies":"Jaw Worm","floor":5.0,"turns":1.0},{"damage":0.0,"enemies":"Lagavulin","floor":6.0,"turns":1.0},{"damage":20.0,"enemies":"Gremlin Nob","floor":8.0,"turns":4.0},{"damage":40.0,"enemies":"Lagavulin","floor":10.0,"turns":4.0},{"damage":0.0,"enemies":"Small Slimes","floor":11.0,"turns":2.0},{"damage":4.0,"enemies":"2 Fungi Beasts","floor":12.0,"turns":3.0},{"damage":6.0,"enemies":"Lots of Slimes","floor":13.0,"turns":2.0},{"damage":0.0,"enemies":"Gremlin Nob","floor":14.0,"turns":2.0},{"damage":0.0,"enemies":"Slime Boss","floor":16.0,"turns":5.0},{"damage":9.0,"enemies":"Shell Parasite","floor":18.0,"turns":2.0},{"damage":0.0,"enemies":"Spheric Guardian","floor":20.0,"turns":3.0},{"damage":89.0,"enemies":"Slavers","floor":23.0,"turns":4.0},{"damage":22,"enemies":"Gremlin Leader","floor":25,"turns":2}],"seed_played":"-4241650920069062335","potions_obtained":[{"floor":1.0,"key":"DuplicationPotion"},{"floor":3.0,"key":"EntropicBrew"},{"floor":3.0,"key":"Regen Potion"},{"floor":8.0,"key":"FairyPotion"},{"floor":11.0,"key":"PowerPotion"},{"floor":13.0,"key":"Fire Potion"},{"floor":14.0,"key":"FairyPotion"},{"floor":18.0,"key":"Dexterity Potion"}],"is_trial":false,"path_per_floor":["M","$","?","$","M","E","R","E","T","E","M","M","M","E","R","B",null,"M","?","M","?","?","E","R","E"],"character_chosen":"WATCHER","items_purchased":["ReachHeaven"],"campfire_rested":1,"item_purchase_floors":[2],"current_hp_per_floor":[72,72,72,72,72,72,72,62,62,22,22,18,12,12,33,33,72,63,63,63,47,47,21,21,0,0],"gold":449,"neow_bonus":"THREE_ENEMY_KILL","is_daily":false,"chose_seed":false,"campfire_upgraded":2,"win_rate":0.0,"timestamp":1609862618,"path_taken":["M","$","?","$","M","E","R","E","T","E","?","M","M","E","R","BOSS","M","?","M","?","?","E","R","E"],"items_purchased_type":["Card"],"build_version":"2020-12-22","purchased_purges":0,"victory":false,"max_hp_per_floor":[72,72,72,72,72,72,72,72,72,72,72,72,72,72,72,72,72,72,72,72,72,72,72,72,72,72],"card_choices":[{"not_picked":["Perseverance","EmptyFist"],"picked":"FlurryOfBlows","floor":1.0},{"not_picked":["Consecrate","Conclude","PathToVictory"],"picked":"SKIP","floor":5.0},{"not_picked":["CrushJoints","Crescendo","BowlingBash"],"picked":"SKIP","floor":6.0},{"not_picked":["ReachHeaven","Meditate","WheelKick"],"picked":"SKIP","floor":8.0},{"not_picked":["Scrawl","BattleHymn"],"picked":"Worship","floor":10.0},{"not_picked":["Crescendo","ClearTheMind","EmptyMind"],"picked":"SKIP","floor":11.0},{"not_picked":["Wallop","Swivel"],"picked":"Adaptation","floor":12.0},{"not_picked":["SignatureMove","Crescendo"],"picked":"SandsOfTime","floor":13.0},{"not_picked":["CrushJoints","FollowUp","ClearTheMind"],"picked":"SKIP","floor":14.0},{"not_picked":["Blasphemy","Omniscience"],"picked":"Establishment","floor":16.0},{"not_picked":["SashWhip","ClearTheMind"],"picked":"MentalFortress+1","floor":18.0},{"not_picked":["CarveReality","CutThroughFate","Pray"],"picked":"SKIP","floor":20.0},{"not_picked":["BowlingBash","Crescendo"],"picked":"Halt+1","floor":23.0}],"player_experience":107115,"relics_obtained":[{"floor":6.0,"key":"Art of War"},{"floor":8.0,"key":"Pen Nib"},{"floor":9.0,"key":"Letter Opener"},{"floor":10.0,"key":"Damaru"},{"floor":14.0,"key":"Mummified Hand"},{"floor":21.0,"key":"Necronomicon"},{"floor":23.0,"key":"Yang"}],"event_choices":[{"damage_healed":0.0,"max_hp_gain":0.0,"max_hp_loss":0.0,"gold_gain":0.0,"event_name":"Lab","player_choice":"Got Potions","floor":3.0,"gold_loss":0.0,"damage_taken":0.0},{"damage_healed":0.0,"max_hp_gain":0.0,"max_hp_loss":0.0,"gold_gain":0.0,"cards_transformed":["Defend_P","Strike_P"],"event_name":"Drug Dealer","player_choice":"Became Test Subject","floor":19.0,"gold_loss":0.0,"damage_taken":0.0,"cards_obtained":["Perseverance","Establishment"]},{"damage_healed":0.0,"max_hp_gain":0.0,"max_hp_loss":0.0,"gold_gain":0.0,"event_name":"Cursed Tome","player_choice":"Obtained Book","floor":21.0,"gold_loss":0.0,"damage_taken":16.0},{"cards_removed":["Strike_P"],"damage_healed":0.0,"max_hp_gain":0.0,"max_hp_loss":0.0,"gold_gain":0.0,"event_name":"Back to Basics","player_choice":"Elegance","floor":22.0,"gold_loss":0.0,"damage_taken":0.0}],"is_beta":false,"boss_relics":[{"not_picked":["Fusion Hammer","Ectoplasm"],"picked":"HolyWater"}],"items_purged_floors":[],"is_endless":false,"potions_floor_spawned":[1,8,11,13,14,18,20],"killed_by":"Gremlin Leader","ascension_level":3}}