{"host":"kjewy4djrngsmy8v","time":1609819375,"event":{"mods":["AchievementEnabler","BaseMod","Colored Map","Colored Powertips","Downfall","Minty Spire (QoL Compilation)","Quick Restart","Relic Stats","StSLib","The Disciple"],"gold_per_floor":[99,99,99,99,274,118,118,131,131,146,162,182,182,18,37,37,37,37],"floor_reached":16,"playtime":1132,"items_purged":[],"score":90,"play_id":"9748651f-d583-4a7b-b827-000ca4cb576f","local_time":"20210104220255","is_ascension_mode":false,"campfire_choices":[{"data":"Guardian:CurlUp","floor":1,"key":"SMITH"},{"data":"Guardian:PolyBeam","floor":9,"key":"SMITH"},{"floor":13,"key":"REST"}],"circlet_count":0,"master_deck":["Guardian:Strike_Guardian","Guardian:Strike_Guardian","Guardian:Strike_Guardian","Guardian:Defend_Guardian","Guardian:Defend_Guardian","Guardian:Defend_Guardian","Guardian:Defend_Guardian","Guardian:CurlUp+1","Guardian:TwinSlam","Guardian:TimeCapacitor","Guardian:BronzeArmor","Doubt","Guardian:PolyBeam","Guardian:SpikerProtocol","Guardian:PolyBeam+1","Guardian:TemporalShield","Guardian:Preprogram","Guardian:Reroute","Guardian:BronzeOrb","Guardian:RefractedBeam","Guardian:Incinerate","Guardian:Gem_White","Guardian:Recover","Guardian:StasisStrike"],"relics":["Guardian:ModeShifter","downfall:HeartsMalice","Bag of Marbles"],"acts_visited":["Exordium"],"potions_floor_usage":[14],"damage_taken":[{"damage":0,"enemies":"Jaw Worm","floor":2,"turns":1},{"damage":0,"enemies":"Small Slimes","floor":3,"turns":1},{"damage":0,"enemies":"downfall:FleeingMerchant","floor":6,"turns":1},{"damage":1,"enemies":"Cultist","floor":8,"turns":3},{"damage":13,"enemies":"3 Louse","floor":10,"turns":3},{"damage":14,"enemies":"Large Slime","floor":11,"turns":9},{"damage":2,"enemies":"Blue Slaver","floor":12,"turns":4},{"damage":2,"enemies":"downfall:FleeingMerchant","floor":14,"turns":4},{"damage":18,"enemies":"Gremlin Gang","floor":15,"turns":4},{"damage":57,"enemies":"downfall:Defect","floor":16,"turns":9}],"seed_played":"2952107956543385704","potions_obtained":[{"floor":8,"key":"Dexterity Potion"},{"floor":10,"key":"DuplicationPotion"},{"floor":11,"key":"Guardian:BlockOnCardUsePotion"},{"floor":15,"key":"LiquidMemories"}],"is_trial":false,"path_per_floor":["R","M","M","?","?","$","T","M","R","M","M","M","R","$","M","B"],"character_chosen":"GUARDIAN","items_purchased":["Guardian:SpikerProtocol","Guardian:PolyBeam","Guardian:Incinerate","Guardian:Gem_White","Guardian:Recover"],"campfire_rested":1,"item_purchase_floors":[6,6,14,14,14],"current_hp_per_floor":[80,80,80,80,80,80,80,79,79,66,52,50,74,72,54,0,0,0],"gold":37,"neow_bonus":"THREE_ENEMY_KILL","is_daily":false,"chose_seed":false,"campfire_upgraded":2,"win_rate":0.0,"timestamp":1609819375,"path_taken":["R","M","M","?","?","?","T","M","R","M","?","M","R","$","M","BOSS"],"items_purchased_type":["Card","Card","Card","Card","Card"],"build_version":"2020-12-22","purchased_purges":0,"victory":false,"max_hp_per_floor":[80,80,80,80,80,80,80,80,80,80,80,80,80,80,80,80,80,80],"relic_stats":{"counters":[10,36],"obtain_stats":[{"Guardian:ModeShifter":0,"downfall:HeartsMalice":0,"Bag of Marbles":7},{"Guardian:ModeShifter":0,"downfall:HeartsMalice":0,"Bag of Marbles":3},{"Guardian:ModeShifter":0,"downfall:HeartsMalice":0,"Bag of Marbles":0}]},"card_choices":[{"not_picked":["Guardian:DecasProtection","Guardian:Reroute"],"picked":"Guardian:TimeCapacitor","floor":2},{"not_picked":["Guardian:RollAttack","Guardian:VentSteam"],"picked":"Guardian:BronzeArmor","floor":3},{"not_picked":["Guardian:PrismaticBarrier","Guardian:DonusPower"],"picked":"Guardian:PolyBeam","floor":6},{"not_picked":["Guardian:CrystalBeam","Guardian:SentryBeam"],"picked":"Guardian:TemporalShield","floor":8},{"not_picked":["Guardian:PiercingHide","Guardian:ConstructionForm"],"picked":"Guardian:Preprogram","floor":10},{"not_picked":["Guardian:Gem_Blue","Guardian:DecasProtection"],"picked":"Guardian:Reroute","floor":11},{"not_picked":["Guardian:Planning","Guardian:Gem_Red"],"picked":"Guardian:BronzeOrb","floor":12},{"not_picked":["Guardian:Suspension","Guardian:PiercingHide"],"picked":"Guardian:RefractedBeam","floor":14},{"not_picked":["Guardian:Gem_White","Guardian:VentSteam"],"picked":"Guardian:StasisStrike","floor":15}],"player_experience":100473,"relics_obtained":[{"floor":7,"key":"Bag of Marbles"}],"event_choices":[],"is_beta":false,"boss_relics":[],"items_purged_floors":[],"is_endless":false,"potions_floor_spawned":[8,10,11,12,15],"killed_by":"downfall:Defect","ascension_level":0}}