{"host":"ox77rn1xcurm2t5a","time":1609806733,"event":{"mods":["2.2 Compatiblity","AchievementEnabler","Act Like it!","Aspiration","BaseMod","Best Route Mod","Better Match","Better Note","Better Sensory Stone","Block Reminder","Colored Map","Colored Powertips","Conjunction","Conspire","Custom Start","Energized Spire","GifTheSpireLib","Gold Saver","Gremlin Skip","Halation","Highlight Path","Hubris","Infinite Spire","Minty Spire (QoL Compilation)","Pale of the Ancients","Quick Restart","Replay The Spire","Reworked Bosses","ShortenTheSpire","Spire Exporter","StSLib","Stuff the Spire","Wandering Minibosses","vexMod"],"gold_per_floor":[451,500,66,66,66,66,99,114,114,114,137,149,196,225,237,349,361,385,416,171,189,189,189,220,235,261,261,261,277,277,310,310,310,310],"floor_reached":33,"playtime":953,"items_purged":["Strike_B","Strike_B"],"score":454,"play_id":"8f1c666b-762a-40b1-a2ce-a49e6845b0c7","local_time":"20210105023213","is_ascension_mode":true,"campfire_choices":[{"floor":6.0,"key":"RECALL"},{"data":"Defragment","floor":12.0,"key":"SMITH"},{"data":"Zap","floor":15.0,"key":"SMITH"},{"floor":23.0,"key":"REST"},{"floor":27.0,"key":"REST"},{"data":"Echo Form","floor":32.0,"key":"SMITH"}],"circlet_count":0,"master_deck":["AscendersBane","Strike_B","Strike_B","Defend_B","Defend_B+1","Defend_B","Defend_B+1","Zap+1","Dualcast","Defragment+1","Barrage+1","Ball Lightning","Gash","Echo Form+1","Streamline+1","Zap+1","Gash+1","Ball Lightning+1"],"relics":["Cracked Core","Strawberry","infinitespire:BottledMercury","Cables","MawBank","halation:OrihimeAndHikoboshiSamaAndTears","halation:Sosunser","Calipers","Simple Rune","Blood Vial"],"acts_visited":["Exordium","TheCity"],"potions_floor_usage":[33,33],"damage_taken":[{"damage":1.0,"enemies":"Cultist","floor":1.0,"turns":3.0},{"damage":20.0,"enemies":"3 Sentries","floor":7.0,"turns":6.0},{"damage":4.0,"enemies":"Small Slimes","floor":8.0,"turns":4.0},{"damage":2.0,"enemies":"Jaw Worm","floor":11.0,"turns":3.0},{"damage":8.0,"enemies":"Gremlin Nob","floor":13.0,"turns":3.0},{"damage":3.0,"enemies":"Blue Slaver","floor":14.0,"turns":3.0},{"damage":4.0,"enemies":"The Guardian","floor":16.0,"turns":10.0},{"damage":21.0,"enemies":"2 Thieves","floor":18.0,"turns":3.0},{"damage":18.0,"enemies":"3 Byrds","floor":19.0,"turns":4.0},{"damage":16.0,"enemies":"Snake Plant","floor":21.0,"turns":4.0},{"damage":50.0,"enemies":"Slavers","floor":24.0,"turns":4.0},{"damage":42.0,"enemies":"3 Cultists","floor":25.0,"turns":4.0},{"damage":6.0,"enemies":"Cultist and Chosen","floor":29.0,"turns":5.0},{"damage":17.0,"enemies":"Gremlin Leader","floor":31.0,"turns":6.0},{"damage":22,"enemies":"Automaton","floor":33,"turns":4}],"seed_played":"4690715282512665534","potions_obtained":[{"floor":1.0,"key":"DistilledChaos"},{"floor":16.0,"key":"Flashbang"},{"floor":24.0,"key":"Venom Potion"},{"floor":25.0,"key":"Languid Potion"},{"floor":29.0,"key":"Toxic Potion"},{"floor":31.0,"key":"BlessingOfTheForge"}],"is_trial":false,"path_per_floor":["M","T","$","?","$","R","E","M","T","?","M","R","E","M","R","B",null,"M","M","$","M","?","R","E","M","T","R","HB","M","?","E","R","B"],"character_chosen":"DEFECT","items_purchased":["Defragment","Barrage+1","Ball Lightning","Strawberry","SteroidPotion","halation:Sosunser"],"campfire_rested":2,"item_purchase_floors":[3,3,3,3,3,20],"current_hp_per_floor":[67,67,74,74,74,74,54,50,50,50,48,48,40,37,37,33,70,49,31,31,15,15,39,66,24,24,48,41,35,29,12,12,0,0],"gold":310,"neow_bonus":"HUNDRED_GOLD","is_daily":false,"chose_seed":false,"campfire_upgraded":3,"win_rate":0.0,"timestamp":1609806733,"path_taken":["M","?","$","?","?","R","E","M","T","?","M","R","E","M","R","BOSS","M","M","$","M","?","R","E","M","T","R","HB","M","?","E","R","BOSS"],"items_purchased_type":["Card","Card","Card","Relic","Potion","Relic"],"build_version":"2020-12-22","purchased_purges":2,"victory":false,"max_hp_per_floor":[75,75,82,82,82,82,82,82,82,82,82,82,82,82,82,82,82,82,82,82,82,82,82,82,82,82,82,41,41,41,41,41,41,41],"card_choices":[{"not_picked":["hubris:Ukulele","StuffTheSpire:Plugnplay","Conserve Battery"],"picked":"SKIP","floor":1.0},{"not_picked":["StuffTheSpire:Plugnplay","ReplayTheSpireMod:Reroute Power","ReplayGash"],"picked":"SKIP","floor":7.0},{"not_picked":["Stack","StuffTheSpire:Plugnplay","Hologram"],"picked":"SKIP","floor":8.0},{"not_picked":["ReplayTheSpireMod:Repulse","ReplayTheSpireMod:Reroute Power","StuffTheSpire:LoadUp"],"picked":"SKIP","floor":11.0},{"not_picked":["Sweeping Beam","conspire:SharedLibrary","Redo"],"picked":"SKIP","floor":13.0},{"not_picked":["StuffTheSpire:Plugnplay","StuffTheSpire:LoadUp"],"picked":"Gash","floor":14.0},{"not_picked":["ReplayTheSpireMod:Dual Polarity","Barrage","StuffTheSpire:LoadUp"],"picked":"SKIP","floor":18.0},{"not_picked":["Hologram","Compile Driver"],"picked":"Echo Form","floor":19.0},{"not_picked":["ReplayGash","Turbo"],"picked":"Streamline+1","floor":21.0},{"not_picked":["Biased Cognition","hubris:PowerSurge","Static Discharge"],"picked":"SKIP","floor":24.0},{"not_picked":["Turbo","StuffTheSpire:SnapShoot","Fusion"],"picked":"SKIP","floor":25.0},{"not_picked":["Heatsinks+1","Streamline+1"],"picked":"Gash+1","floor":29.0},{"not_picked":["Compile Driver","Sweeping Beam"],"picked":"Ball Lightning+1","floor":31.0}],"player_experience":2892000,"relics_obtained":[{"floor":7.0,"key":"infinitespire:BottledMercury"},{"floor":9.0,"key":"Cables"},{"floor":13.0,"key":"halation:OrihimeAndHikoboshiSamaAndTears"},{"floor":24.0,"key":"Calipers"},{"floor":26.0,"key":"Simple Rune"},{"floor":31.0,"key":"Blood Vial"}],"event_choices":[{"damage_healed":0.0,"max_hp_gain":0.0,"max_hp_loss":0.0,"gold_gain":0.0,"event_name":"conspire:Investor","player_choice":"Leave","floor":4.0,"gold_loss":0.0,"damage_taken":0.0},{"damage_healed":0.0,"max_hp_gain":0.0,"max_hp_loss":0.0,"gold_gain":0.0,"event_name":"Dead Adventurer","player_choice":"Searched \u00271\u0027 times","floor":10.0,"gold_loss":0.0,"damage_taken":0.0,"relics_obtained":["MawBank"]},{"damage_healed":0.0,"max_hp_gain":0.0,"max_hp_loss":0.0,"gold_gain":0.0,"event_name":"Duplicator","player_choice":"Copied","floor":22.0,"gold_loss":0.0,"damage_taken":0.0,"cards_obtained":["Zap"]},{"damage_healed":0.0,"max_hp_gain":0.0,"max_hp_loss":0.0,"gold_gain":0.0,"event_name":"Knowing Skull","player_choice":"","floor":30.0,"potions_obtained":[],"gold_loss":0.0,"damage_taken":6.0,"cards_obtained":[]}],"is_beta":false,"boss_relics":[{"not_picked":["Runic Dome","Painkiller Herb","halation:ForbiddenBikini"]}],"items_purged_floors":[3,20],"is_endless":false,"potions_floor_spawned":[1,16,24,25,29,31],"killed_by":"Automaton","ascension_level":11}}