{"host":"kdt6w7ix8lwe69i9","time":1609816429,"event":{"mods":["100% Spire Juice","Bartender","BaseMod","ChefMod","Downfall","Fiend Mod","Jorbs\u0027s Wanderer Trilogy","Minty Spire (QoL Compilation)","Reimu（博丽灵梦）","Robot Space Explorer","StSLib","The Caster","The Cursed","The Disciple","The Dragon Tamer","The Druid","The Elementalist","The Forsaken","The Gatherer","The Marked","TheBandit"],"gold_per_floor":[113,127,7,7,57,57,90,105,105,119,119,119,119,130,10,115,115,125,5,24,24,24,52,52,66,90,102,102,102,113,129,129,129,129],"floor_reached":33,"playtime":2536,"items_purged":[],"score":267,"play_id":"bd2bb6e0-2607-455d-ab23-690ab77d7ed4","local_time":"20210104221349","is_ascension_mode":false,"campfire_choices":[{"data":"Moonworks:LongDistanceShot","floor":6,"key":"SMITH"},{"data":"Moonworks:CookingTime","floor":11,"key":"SMITH"},{"data":"Moonworks:LulusLuckyEgg","floor":15,"key":"SMITH"},{"floor":24,"key":"REST"},{"floor":32,"key":"RECALL"}],"circlet_count":0,"master_deck":["Moonworks:Strike","Moonworks:Strike","Moonworks:Strike","Moonworks:Strike","Moonworks:Defend","Moonworks:Defend","Moonworks:Defend","Moonworks:Defend","Moonworks:Ambush","Moonworks:LongDistanceShot+1","Moonworks:FullSpeedAlicianrone","Moonworks:EvilSpyWorkPreparation","Moonworks:DeployBits","Moonworks:CookingTime+1","Moonworks:Assault","Moonworks:LulusLuckyEgg+1","Moonworks:PlushieMaster","Moonworks:CloudOfSeagulls","Moonworks:EvilSpyWorkPreparation","Moonworks:EvilSpyWorkPreparation","Moonworks:RedAndBlue","Moonworks:SakisCookie","Moonworks:CloudOfSeagulls","Moonworks:Flamethrower","Moonworks:CloudOfSeagulls+1"],"relics":["Moonworks:BrokenBomb","Moonworks:Homemark","Orichalcum","Incense Burner","StrikeDummy","Regal Pillow","Black Star","Akabeko","The Courier","Happy Flower"],"acts_visited":["Exordium","TheCity"],"potions_floor_usage":[8,10,10,16,16,16,23,31,33],"damage_taken":[{"damage":3,"enemies":"Small Slimes","floor":1,"turns":2},{"damage":1,"enemies":"Jaw Worm","floor":2,"turns":3},{"damage":2,"enemies":"Gremlin Nob","floor":7,"turns":3},{"damage":0,"enemies":"2 Louse","floor":8,"turns":3},{"damage":6,"enemies":"Exordium Wildlife","floor":10,"turns":3},{"damage":0,"enemies":"Large Slime","floor":14,"turns":4},{"damage":12,"enemies":"Slime Boss","floor":16,"turns":7},{"damage":4,"enemies":"3 Byrds","floor":18,"turns":5},{"damage":0,"enemies":"Spheric Guardian","floor":20,"turns":2},{"damage":49,"enemies":"Book of Stabbing","floor":23,"turns":7},{"damage":15,"enemies":"Cultist and Chosen","floor":25,"turns":5},{"damage":5,"enemies":"Snecko","floor":27,"turns":3},{"damage":16,"enemies":"Snake Plant","floor":30,"turns":4},{"damage":0,"enemies":"3 Cultists","floor":31,"turns":3},{"damage":56,"enemies":"Champ","floor":33,"turns":7}],"seed_played":"5127484627819402684","potions_obtained":[{"floor":2,"key":"Block Potion"},{"floor":7,"key":"AttackPotion"},{"floor":8,"key":"EntropicBrew"},{"floor":10,"key":"DuplicationPotion"},{"floor":20,"key":"champ:CounterPotion"},{"floor":30,"key":"DistilledChaos"},{"floor":31,"key":"GamblersBrew"}],"is_trial":false,"path_per_floor":["M","M","?","$","?","R","E","M","T","M","R","?","?","M","R","B",null,"M","?","M","?","$","E","R","M","T","M","$","?","M","M","R","B"],"character_chosen":"THE_STARBREAKER","items_purchased":[],"campfire_rested":1,"item_purchase_floors":[],"current_hp_per_floor":[57,56,56,56,56,56,54,54,54,51,51,51,51,56,56,49,60,56,56,56,56,56,15,48,41,41,40,40,40,36,44,44,0,0],"gold":129,"neow_bonus":"RANDOM_COMMON_RELIC","is_daily":false,"chose_seed":false,"campfire_upgraded":3,"win_rate":0.0,"timestamp":1609816429,"path_taken":["M","M","?","?","?","R","E","M","T","?","R","?","?","M","R","BOSS","M","?","M","?","?","E","R","?","T","M","?","?","?","M","R","BOSS"],"items_purchased_type":[],"build_version":"2020-12-22","purchased_purges":0,"victory":false,"max_hp_per_floor":[60,60,60,60,60,60,60,60,60,60,60,60,60,60,60,60,60,60,60,60,60,60,60,60,60,60,60,60,60,60,60,60,60,60],"card_choices":[{"not_picked":["Moonworks:BigMagnum","Moonworks:Poppoformation"],"picked":"Moonworks:FullSpeedAlicianrone","floor":1},{"not_picked":["Moonworks:ImmovableObject","Moonworks:TreasureThief"],"picked":"Moonworks:EvilSpyWorkPreparation","floor":2},{"not_picked":["Moonworks:ReflectiveShell","Moonworks:TreasureThief"],"picked":"Moonworks:DeployBits","floor":7},{"not_picked":["Moonworks:EvilSpyWorkPreparation","Moonworks:JonathanRush"],"picked":"Moonworks:CookingTime","floor":8},{"not_picked":["Moonworks:AngelHand","Moonworks:CompletionReward"],"picked":"Moonworks:Assault","floor":10},{"not_picked":["Moonworks:NicePresent","Moonworks:Assault"],"picked":"Moonworks:LulusLuckyEgg","floor":14},{"not_picked":["Moonworks:FinalBattle","Moonworks:Wanted"],"picked":"Moonworks:PlushieMaster","floor":16},{"not_picked":["Moonworks:LulusLuckyEgg","Moonworks:x16BigRocket"],"picked":"Moonworks:CloudOfSeagulls","floor":18},{"not_picked":["Moonworks:WindyEnchantment+1","Moonworks:NicePresent"],"picked":"Moonworks:EvilSpyWorkPreparation","floor":20},{"not_picked":["Moonworks:MeltingMemories","Moonworks:WindyEnchantment+1"],"picked":"Moonworks:RedAndBlue","floor":23},{"not_picked":["Moonworks:Assault+1","Moonworks:LulusLuckyEgg"],"picked":"Moonworks:SakisCookie","floor":25},{"not_picked":["Moonworks:IndiscriminateFireSupport","Moonworks:BigMagnum"],"picked":"Moonworks:CloudOfSeagulls","floor":27},{"not_picked":["Moonworks:ImOnFire+1","Moonworks:CloudOfSeagulls"],"picked":"Moonworks:Flamethrower","floor":30},{"not_picked":["Moonworks:WindyEnchantment","Moonworks:Assault"],"picked":"Moonworks:CloudOfSeagulls+1","floor":31}],"player_experience":1677935,"relics_obtained":[{"floor":7,"key":"Incense Burner"},{"floor":9,"key":"StrikeDummy"},{"floor":23,"key":"Akabeko"},{"floor":23,"key":"The Courier"},{"floor":26,"key":"Happy Flower"}],"event_choices":[{"damage_healed":0,"gold_gain":0,"player_choice":"Leave","damage_taken":0,"max_hp_gain":0,"max_hp_loss":0,"event_name":"The Cleric","floor":3,"gold_loss":0},{"damage_healed":0,"gold_gain":0,"player_choice":"Searched \u00272\u0027 times","damage_taken":0,"relics_obtained":["Regal Pillow"],"max_hp_gain":0,"max_hp_loss":0,"event_name":"Dead Adventurer","floor":13,"gold_loss":0},{"damage_healed":0,"gold_gain":0,"player_choice":"Read","damage_taken":0,"max_hp_gain":0,"max_hp_loss":0,"event_name":"The Library","floor":19,"gold_loss":0,"cards_obtained":["Moonworks:EvilSpyWorkPreparation"]},{"damage_healed":0,"gold_gain":0,"player_choice":"Ignored","damage_taken":0,"max_hp_gain":0,"max_hp_loss":0,"event_name":"NoteForYourself","floor":29,"gold_loss":0}],"is_beta":false,"boss_relics":[{"not_picked":["Philosopher\u0027s Stone","Runic Pyramid"],"picked":"Black Star"}],"items_purged_floors":[],"is_endless":false,"potions_floor_spawned":[2,7,8,10,20,30,31],"killed_by":"Champ","ascension_level":0}}