{"host":"ewfe3cr33ktd9xzj","time":1609836626,"event":{"mods":["AchievementEnabler","BaseMod","Colored Map","Custom Start","DeckTracker","Minty Spire (QoL Compilation)","Permanent Neow","Rare Cards Sparkle","StSLib","everything is the same but u backflip on backflip"],"gold_per_floor":[118,130,147,147,147,179,209,242,242,111,146,160,170,30,30,104,104,121,134,3,3,53,53,73,73,99,110,34,45,45,45,45,122,122,137,137,42,56,56,56],"floor_reached":39,"playtime":2009,"items_purged":["Strike_G","Strike_G"],"score":798,"play_id":"8ab49188-a50a-4211-a7d4-60b5a5170eb5","local_time":"20210105175026","is_ascension_mode":true,"campfire_choices":[{"floor":15.0,"key":"REST"},{"data":"Footwork","floor":23.0,"key":"SMITH"},{"data":"Footwork","floor":25.0,"key":"SMITH"},{"data":"Dodge and Roll","floor":30,"key":"SMITH"},{"data":"Acrobatics","floor":32,"key":"SMITH"}],"circlet_count":0,"master_deck":["AscendersBane","Strike_G","Strike_G","Defend_G","Defend_G","Survivor","Neutralize","Noxious Fumes+1","Adrenaline+1","Venomology+1","Blade Dance","Poisoned Stab","Heel Hook","Dash+1","Slice+1","Quick Slash+1","Deadly Poison","Dagger Throw+1","Footwork+1","Glass Knife+1","Backflip","Dodge and Roll+1","Footwork+1","Acrobatics+1","Purity","Flash of Steel+1","Expertise"],"relics":["Astrolabe","Shovel","Molten Egg 2","Darkstone Periapt","Incense Burner","Bag of Preparation","Busted Crown","Lantern","Philosopher\u0027s Stone"],"acts_visited":["Exordium","TheCity","TheBeyond"],"potions_floor_usage":[33,33,38],"damage_taken":[{"damage":6.0,"enemies":"2 Louse","floor":1.0,"turns":3.0},{"damage":4.0,"enemies":"Small Slimes","floor":2.0,"turns":3.0},{"damage":9.0,"enemies":"Jaw Worm","floor":3.0,"turns":2.0},{"damage":17.0,"enemies":"Lagavulin","floor":6.0,"turns":5.0},{"damage":34.0,"enemies":"3 Sentries","floor":8.0,"turns":7.0},{"damage":13.0,"enemies":"Lagavulin","floor":11.0,"turns":5.0},{"damage":1.0,"enemies":"Large Slime","floor":12.0,"turns":2.0},{"damage":9.0,"enemies":"Red Slaver","floor":13.0,"turns":2.0},{"damage":13.0,"enemies":"The Guardian","floor":16.0,"turns":7.0},{"damage":0.0,"enemies":"Spheric Guardian","floor":18.0,"turns":3.0},{"damage":0.0,"enemies":"Chosen","floor":19.0,"turns":3.0},{"damage":1.0,"enemies":"Centurion and Healer","floor":24.0,"turns":4.0},{"damage":21.0,"enemies":"Snake Plant","floor":27.0,"turns":4.0},{"damage":13.0,"enemies":"Shelled Parasite and Fungi","floor":29.0,"turns":4.0},{"damage":29,"enemies":"Collector","floor":33,"turns":6},{"damage":0,"enemies":"Orb Walker","floor":35,"turns":3},{"damage":21,"enemies":"3 Darklings","floor":38,"turns":4},{"damage":0,"enemies":"Sphere and 2 Shapes","floor":39,"turns":1}],"seed_played":"7890885394677521041","potions_obtained":[{"floor":2.0,"key":"LiquidBronze"},{"floor":11.0,"key":"Strength Potion"},{"floor":16.0,"key":"Dexterity Potion"},{"floor":29.0,"key":"LiquidMemories"},{"floor":33,"key":"ColorlessPotion"}],"is_trial":false,"path_per_floor":["M","M","M","?","?","E","?","E","T","$","E","M","M","$","R","B",null,"M","M","$","?","?","R","M","R","T","M","$","M","R","?","R","B",null,"M","?","$","M","M"],"character_chosen":"THE_SILENT","items_purchased":["Slice+1","Footwork","Dodge and Roll","Footwork","Expertise","Flash of Steel+1"],"campfire_rested":1,"item_purchase_floors":[10,14,20,20,28,37],"current_hp_per_floor":[53,49,40,62,62,45,45,26,26,26,13,12,3,3,22,9,52,52,52,52,52,52,52,51,51,51,30,30,17,17,66,66,37,59,59,49,49,28,28,28],"gold":56,"neow_bonus":"BOSS_RELIC","is_daily":false,"chose_seed":false,"campfire_upgraded":4,"win_rate":0.0,"timestamp":1609836626,"path_taken":["M","M","M","?","?","E","?","E","T","$","E","?","M","$","R","BOSS","M","M","$","?","?","R","M","R","T","?","$","M","R","?","R","BOSS","M","?","$","M","M"],"items_purchased_type":["Card","Card","Card","Card","Card","Card"],"build_version":"2020-12-22","purchased_purges":2,"victory":false,"max_hp_per_floor":[66,66,66,66,66,66,66,66,66,66,66,66,66,66,66,66,66,66,66,66,66,66,66,66,66,66,66,66,66,66,66,66,66,66,66,66,66,66,66,66],"card_choices":[{"not_picked":["Blade Dance","Blur","PiercingWail"],"picked":"SKIP","floor":1.0},{"not_picked":["Blur","PiercingWail"],"picked":"Blade Dance","floor":1.0},{"not_picked":["Noxious Fumes","Eviscerate","Leg Sweep"],"picked":"SKIP","floor":2.0},{"not_picked":["Expertise","Deadly Poison"],"picked":"Poisoned Stab","floor":3.0},{"not_picked":["Predator","Distraction","Dodge and Roll"],"picked":"SKIP","floor":6.0},{"not_picked":["Dodge and Roll","Skewer+1"],"picked":"Dash+1","floor":8.0},{"not_picked":["Concentrate","Prepared"],"picked":"Quick Slash+1","floor":11.0},{"not_picked":["Deflect","Concentrate"],"picked":"Deadly Poison","floor":12.0},{"not_picked":["Sucker Punch+1","PiercingWail"],"picked":"Dagger Throw+1","floor":13.0},{"not_picked":["Unload+1","Venomology"],"picked":"Glass Knife+1","floor":16.0},{"not_picked":[],"picked":"Backflip","floor":18.0},{"not_picked":["Bouncing Flask"],"picked":"SKIP","floor":19.0},{"not_picked":["Riddle With Holes+1"],"picked":"SKIP","floor":24.0},{"not_picked":["Distraction"],"picked":"SKIP","floor":27.0},{"not_picked":[],"picked":"Acrobatics","floor":29.0},{"not_picked":["Blade Dance"],"picked":"SKIP","floor":35},{"not_picked":[],"picked":"Purity","floor":36},{"not_picked":[],"picked":"Expertise","floor":38}],"player_experience":23839,"relics_obtained":[{"floor":6.0,"key":"Shovel"},{"floor":8.0,"key":"Darkstone Periapt"},{"floor":9.0,"key":"Incense Burner"},{"floor":11.0,"key":"Bag of Preparation"},{"floor":26.0,"key":"Lantern"}],"event_choices":[{"damage_healed":22.0,"max_hp_gain":0.0,"max_hp_loss":0.0,"gold_gain":0.0,"event_name":"Big Fish","player_choice":"Banana","floor":4.0,"gold_loss":0.0,"damage_taken":0.0},{"damage_healed":0.0,"max_hp_gain":0.0,"max_hp_loss":0.0,"gold_gain":0.0,"cards_transformed":["Strike_G"],"event_name":"Living Wall","player_choice":"Change","floor":5.0,"gold_loss":0.0,"damage_taken":0.0,"cards_obtained":["Heel Hook"]},{"damage_healed":0.0,"max_hp_gain":0.0,"max_hp_loss":0.0,"gold_gain":30.0,"event_name":"Dead Adventurer","player_choice":"Searched \u00272\u0027 times","floor":7.0,"gold_loss":0.0,"damage_taken":0.0,"relics_obtained":["Molten Egg 2"]},{"damage_healed":0.0,"max_hp_gain":0.0,"max_hp_loss":0.0,"gold_gain":0.0,"event_name":"Vampires","player_choice":"Ignored","floor":21.0,"gold_loss":0.0,"damage_taken":0.0},{"damage_healed":0.0,"max_hp_gain":0.0,"max_hp_loss":0.0,"gold_gain":50.0,"event_name":"Golden Shrine","player_choice":"Pray","floor":22.0,"gold_loss":0.0,"damage_taken":0.0},{"cards_removed":["Expertise"],"damage_healed":49,"gold_gain":0,"player_choice":"Offered Uncommon","damage_taken":0,"max_hp_gain":0,"max_hp_loss":0,"event_name":"Bonfire Elementals","floor":31,"gold_loss":0},{"damage_healed":0,"gold_gain":0,"player_choice":"Memory 3","damage_taken":10,"max_hp_gain":0,"max_hp_loss":0,"event_name":"SensoryStone","floor":36,"gold_loss":0}],"is_beta":false,"boss_relics":[{"not_picked":["Calling Bell","Sozu"],"picked":"Busted Crown"},{"not_picked":["Fusion Hammer","Cursed Key"],"picked":"Philosopher\u0027s Stone"}],"items_purged_floors":[10,14],"is_endless":false,"potions_floor_spawned":[2,3,6,11,16,29,33,38],"killed_by":"Sphere and 2 Shapes","ascension_level":20}}