{"host":"2461dio7vetlq1z3","time":1609884012,"event":{"mods":["2.2 Compatiblity","AchievementEnabler","BaseMod","Better Third Choice","Friendly Minions","Minty Spire (QoL Compilation)","Relic Stats","Spicy Shops","StSLib","The Marked","Waifu the Spire"],"gold_per_floor":[110,110,122,14,34,34,61,90,90,90,117,127,127,139,139,210,210,222,241,241,241,241],"floor_reached":21,"playtime":941,"items_purged":[],"score":378,"play_id":"964cfa84-afa0-43a3-bcb4-7a08ddd19275","local_time":"20210105230012","is_ascension_mode":true,"campfire_choices":[{"data":"Sucker Punch","floor":6,"key":"SMITH"},{"data":"Bane","floor":10,"key":"SMITH"},{"data":"Footwork","floor":13,"key":"SMITH"},{"data":"Doppelganger","floor":15,"key":"SMITH"}],"circlet_count":0,"master_deck":["AscendersBane","Strike_G","Strike_G","Strike_G","Strike_G","Strike_G","Defend_G","Defend_G","Defend_G","Defend_G","Defend_G","Survivor","Neutralize","All Out Attack","Backstab","Noxious Fumes","Dagger Spray","Sucker Punch+1","Quick Slash","Bane+1","Cloak And Dagger","Footwork+1","Doppelganger+1","Corpse Explosion","Dash","Writhe"],"relics":["Ring of the Snake","Eternal Feather","Odd Mushroom","The Courier","Ice Cream","Snecko Eye","Question Card"],"acts_visited":["Exordium","TheCity"],"potions_floor_usage":[7,16,19,21],"damage_taken":[{"damage":2,"enemies":"2 Louse","floor":1,"turns":5},{"damage":0,"enemies":"Small Slimes","floor":3,"turns":3},{"damage":3,"enemies":"Jaw Worm","floor":5,"turns":4},{"damage":22,"enemies":"Lagavulin","floor":7,"turns":7},{"damage":13,"enemies":"The Mushroom Lair","floor":8,"turns":3},{"damage":9,"enemies":"3 Sentries","floor":11,"turns":6},{"damage":3,"enemies":"Exordium Wildlife","floor":12,"turns":3},{"damage":0,"enemies":"Large Slime","floor":14,"turns":4},{"damage":26,"enemies":"The Guardian","floor":16,"turns":12},{"damage":21,"enemies":"Chosen","floor":18,"turns":4},{"damage":14,"enemies":"2 Thieves","floor":19,"turns":3},{"damage":33,"enemies":"3 Cultists","floor":21,"turns":4}],"seed_played":"-6637574931530912381","potions_obtained":[{"floor":5,"key":"PowerPotion"},{"floor":8,"key":"AttackPotion"},{"floor":14,"key":"SpeedPotion"},{"floor":16,"key":"SteroidPotion"}],"is_trial":false,"path_per_floor":["M","?","M","$","M","R","E","?","T","R","E","M","R","M","R","B",null,"M","M","?","M"],"character_chosen":"THE_SILENT","items_purchased":["Noxious Fumes","Dagger Spray"],"campfire_rested":0,"item_purchase_floors":[4,4],"current_hp_per_floor":[63,68,68,68,65,65,43,30,30,42,33,30,42,42,54,28,65,44,30,30,0,0],"gold":241,"neow_bonus":"TEN_PERCENT_HP_BONUS","is_daily":false,"chose_seed":false,"campfire_upgraded":4,"win_rate":0.0,"timestamp":1609884012,"path_taken":["M","?","M","$","M","R","E","?","T","R","E","M","R","M","R","BOSS","M","M","?","M"],"items_purchased_type":["Card","Card"],"build_version":"2020-12-22","purchased_purges":0,"victory":false,"max_hp_per_floor":[72,77,77,77,77,77,77,77,77,77,77,77,77,77,77,77,77,77,77,77,77,77],"relic_stats":{"counters":[12,58],"Snecko Eye":[14,19,26,20],"Eternal Feather":36,"Question Card":0,"obtain_stats":[{"Ice Cream":11,"Snecko Eye":17,"Eternal Feather":7,"The Courier":9,"Odd Mushroom":8,"Question Card":20,"Ring of the Snake":0},{"Ice Cream":6,"Snecko Eye":9,"Eternal Feather":4,"The Courier":5,"Odd Mushroom":5,"Question Card":11,"Ring of the Snake":0},{"Ice Cream":28,"Snecko Eye":47,"Eternal Feather":19,"The Courier":22,"Odd Mushroom":22,"Question Card":54,"Ring of the Snake":0}],"Ring of the Snake":[24]},"card_choices":[{"not_picked":["Backflip","Flying Knee"],"picked":"All Out Attack","floor":1},{"not_picked":["Terror","PiercingWail"],"picked":"Backstab","floor":3},{"not_picked":["Dodge and Roll","Well Laid Plans"],"picked":"Sucker Punch","floor":5},{"not_picked":["Choke","Flechettes"],"picked":"Quick Slash","floor":7},{"not_picked":["Dagger Throw","Backstab"],"picked":"Bane","floor":8},{"not_picked":["Blade Dance","Prepared"],"picked":"Cloak And Dagger","floor":11},{"not_picked":["Outmaneuver","Dagger Spray"],"picked":"Footwork","floor":12},{"not_picked":["Dagger Spray","Deadly Poison"],"picked":"Doppelganger","floor":14},{"not_picked":["Die Die Die","Phantasmal Killer"],"picked":"Corpse Explosion","floor":16},{"not_picked":["Concentrate","Deadly Poison","Cloak And Dagger"],"picked":"SKIP","floor":18},{"not_picked":["Endless Agony","Dagger Spray"],"picked":"Dash","floor":19}],"player_experience":1068533,"relics_obtained":[{"floor":7,"key":"Eternal Feather"},{"floor":8,"key":"Odd Mushroom"},{"floor":9,"key":"The Courier"},{"floor":11,"key":"Ice Cream"}],"event_choices":[{"damage_healed":0,"gold_gain":0,"player_choice":"Donut","damage_taken":0,"max_hp_gain":5,"max_hp_loss":0,"event_name":"Big Fish","floor":2,"gold_loss":0},{"damage_healed":0,"gold_gain":0,"player_choice":"Fought Mushrooms","damage_taken":0,"max_hp_gain":0,"max_hp_loss":0,"event_name":"Mushrooms","floor":8,"gold_loss":0},{"damage_healed":0,"gold_gain":0,"player_choice":"Opened","damage_taken":0,"relics_obtained":["Question Card"],"max_hp_gain":0,"max_hp_loss":0,"event_name":"The Mausoleum","floor":20,"gold_loss":0,"cards_obtained":["Writhe"]}],"is_beta":false,"boss_relics":[{"not_picked":["Tiny House","Ring of the Serpent"],"picked":"Snecko Eye"}],"items_purged_floors":[],"is_endless":false,"potions_floor_spawned":[5,8,14,16],"killed_by":"3 Cultists","ascension_level":20}}