{"host":"qm4rv4rkpk76sbxu","time":1609868149,"event":{"mods":["BaseMod","Bestiary","Block Reminder","Filter the Spire","Keyboard Shortcuts","Minty Spire (QoL Compilation)","MonsterHotkey","Potion Indicator Mod","Quick Restart","Relic Stats","Slay-I","StSLib","ojb\u0027s Better Paths Mod"],"gold_per_floor":[115,129,129,148,96,96,122,139,139,166,166,201,201,74,74,151,151,168,218,233,251,166,166,196,95,95,105,105,140,153,153,153,228,228,245,300,316,327,327,327,357,374,400,428,204,204,215,247,247,247,247,247],"floor_reached":51,"playtime":3478,"items_purged":["Strike_G","Backstab"],"score":1661,"play_id":"fe5f344e-1cc5-4a0e-a952-d6ffac2e06bc","local_time":"20210105183549","is_ascension_mode":true,"campfire_choices":[{"floor":6.0,"key":"RECALL"},{"floor":11.0,"key":"REST"},{"floor":13.0,"key":"REST"},{"floor":15.0,"key":"REST"},{"floor":23.0,"key":"REST"},{"floor":32.0,"key":"REST"},{"floor":40.0,"key":"REST"},{"floor":46.0,"key":"REST"},{"floor":49.0,"key":"REST"}],"circlet_count":0,"master_deck":["AscendersBane","Defend_G","Defend_G","Defend_G","Defend_G","Defend_G","Survivor","Neutralize","Backflip","Dagger Spray","Reflex","Malaise","Well Laid Plans","Backflip+1","Phantasmal Killer+1","Riddle With Holes+1","Deflect+1","Bouncing Flask+1","Blade Dance+1","Footwork","Deflect+1","Blade Dance+1","Dodge and Roll+1","Accuracy","Dagger Throw","Prepared+1","Night Terror+1","Dodge and Roll+1","Adrenaline+1","Die Die Die+1","Backstab+1","Calculated Gamble+1","Crippling Poison+1","Tactician+1","Bouncing Flask+1","Eviscerate+1","Acrobatics+1","Reflex+1","Prepared+1","Reflex+1","Adrenaline+1","Leg Sweep+1","Terror+1"],"relics":["Fusion Hammer","Bronze Scales","Letter Opener","Prayer Wheel","Toxic Egg 2","Black Star","Vajra","Strawberry","Bottled Flame","The Courier","Eternal Feather","Mummified Hand","Question Card","Astrolabe","Incense Burner","StrikeDummy","Molten Egg 2","Pen Nib","Regal Pillow","Juzu Bracelet","HornCleat"],"acts_visited":["Exordium","TheCity","TheBeyond"],"potions_floor_usage":[51],"damage_taken":[{"damage":1.0,"enemies":"2 Louse","floor":1.0,"turns":3.0},{"damage":0.0,"enemies":"Cultist","floor":2.0,"turns":4.0},{"damage":2.0,"enemies":"Jaw Worm","floor":4.0,"turns":4.0},{"damage":17.0,"enemies":"Lagavulin","floor":7.0,"turns":6.0},{"damage":0.0,"enemies":"Lots of Slimes","floor":8.0,"turns":2.0},{"damage":26.0,"enemies":"Gremlin Nob","floor":10.0,"turns":4.0},{"damage":5.0,"enemies":"3 Sentries","floor":12.0,"turns":5.0},{"damage":12.0,"enemies":"The Guardian","floor":16.0,"turns":14.0},{"damage":7.0,"enemies":"Shell Parasite","floor":18.0,"turns":6.0},{"damage":3.0,"enemies":"Spheric Guardian","floor":20.0,"turns":3.0},{"damage":13.0,"enemies":"Chosen and Byrds","floor":21.0,"turns":5.0},{"damage":14.0,"enemies":"Gremlin Leader","floor":24.0,"turns":6.0},{"damage":4.0,"enemies":"Shelled Parasite and Fungi","floor":27.0,"turns":4.0},{"damage":0.0,"enemies":"Book of Stabbing","floor":29.0,"turns":5.0},{"damage":0.0,"enemies":"Snecko","floor":30.0,"turns":4.0},{"damage":42.0,"enemies":"Collector","floor":33.0,"turns":11.0},{"damage":0.0,"enemies":"3 Shapes","floor":35.0,"turns":6.0},{"damage":37.0,"enemies":"2 Orb Walkers","floor":36.0,"turns":4.0},{"damage":8.0,"enemies":"Orb Walker","floor":37.0,"turns":2.0},{"damage":0.0,"enemies":"4 Shapes","floor":38.0,"turns":5.0},{"damage":6.0,"enemies":"Reptomancer","floor":41.0,"turns":6.0},{"damage":11.0,"enemies":"Sphere and 2 Shapes","floor":42.0,"turns":4.0},{"damage":16.0,"enemies":"Giant Head","floor":44.0,"turns":5.0},{"damage":21.0,"enemies":"Jaw Worm Horde","floor":47.0,"turns":5.0},{"damage":0.0,"enemies":"Reptomancer","floor":48.0,"turns":5.0},{"damage":41.0,"enemies":"Awakened One","floor":50.0,"turns":13.0},{"damage":37,"enemies":"Time Eater","floor":51,"turns":6}],"seed_played":"2904319505041975049","potions_obtained":[{"floor":1.0,"key":"BlessingOfTheForge"},{"floor":2.0,"key":"GamblersBrew"},{"floor":8.0,"key":"Fire Potion"},{"floor":10.0,"key":"GamblersBrew"},{"floor":21.0,"key":"SkillPotion"},{"floor":24.0,"key":"Ancient Potion"},{"floor":27.0,"key":"AttackPotion"},{"floor":29.0,"key":"DuplicationPotion"},{"floor":36.0,"key":"Energy Potion"},{"floor":37.0,"key":"Swift Potion"},{"floor":42.0,"key":"SteroidPotion"}],"is_trial":false,"path_per_floor":["M","M","?","M","$","R","E","M","T","E","R","E","R","$","R","B",null,"M","?","M","M","?","R","E","$","T","M","?","E","M","T","R","B",null,"M","?","M","M","?","R","E","M","T","E","$","R","M","E","R","B","B"],"character_chosen":"THE_SILENT","items_purchased":["Dagger Throw","Backflip+1","Deflect+1","Blade Dance+1","Adrenaline+1"],"campfire_rested":8,"item_purchase_floors":[5,14,25,25,45],"current_hp_per_floor":[58,58,58,56,56,56,39,39,39,13,32,27,46,46,65,53,63,56,56,53,40,40,59,52,52,52,48,48,48,48,48,73,31,63,63,26,18,18,18,60,54,43,43,27,27,73,52,52,73,32,0,0],"gold":247,"neow_bonus":"BOSS_RELIC","is_daily":false,"chose_seed":false,"campfire_upgraded":0,"win_rate":0.0,"timestamp":1609868149,"path_taken":["M","M","?","M","?","R","E","M","T","E","R","E","R","$","R","BOSS","M","?","?","M","?","R","E","$","T","?","?","E","M","?","R","BOSS","M","?","M","M","?","R","E","M","T","E","?","R","?","E","R","BOSS","BOSS"],"items_purchased_type":["Card","Card","Card","Card","Card"],"build_version":"2020-12-22","purchased_purges":2,"victory":false,"max_hp_per_floor":[66,66,66,66,66,66,66,66,66,66,66,66,66,66,66,66,66,66,66,66,66,66,66,73,73,73,73,73,73,73,73,73,73,73,73,73,73,73,73,73,73,73,73,73,73,73,73,73,73,73,73,73],"relic_stats":{"Regal Pillow":1,"counters":[27,147],"Astrolabe":["Die Die Die","Backstab","Calculated Gamble"],"Eternal Feather":84,"Pen Nib":[7],"Juzu Bracelet":0,"Letter Opener":[546],"Question Card":15,"Mummified Hand":[40],"Bronze Scales":[372],"Prayer Wheel":10,"Black Star":5,"obtain_stats":[{"Regal Pillow":44,"Astrolabe":34,"Vajra":22,"Eternal Feather":29,"The Courier":26,"Pen Nib":44,"Incense Burner":36,"Juzu Bracelet":48,"Letter Opener":9,"Question Card":31,"Bottled Flame":24,"HornCleat":48,"Mummified Hand":29,"Bronze Scales":7,"Strawberry":24,"Prayer Wheel":10,"Molten Egg 2":41,"Fusion Hammer":0,"Black Star":17,"Toxic Egg 2":12,"StrikeDummy":41,"Ring of the Snake":0},{"Regal Pillow":23,"Astrolabe":16,"Vajra":11,"Eternal Feather":14,"The Courier":12,"Pen Nib":23,"Incense Burner":18,"Juzu Bracelet":25,"Letter Opener":5,"Question Card":15,"Bottled Flame":12,"HornCleat":25,"Mummified Hand":14,"Bronze Scales":4,"Strawberry":12,"Prayer Wheel":6,"Molten Egg 2":21,"Fusion Hammer":0,"Black Star":8,"Toxic Egg 2":7,"StrikeDummy":21,"Ring of the Snake":0},{"Regal Pillow":118,"Astrolabe":86,"Vajra":56,"Eternal Feather":71,"The Courier":62,"Pen Nib":118,"Incense Burner":96,"Juzu Bracelet":128,"Letter Opener":19,"Question Card":75,"Bottled Flame":62,"HornCleat":128,"Mummified Hand":71,"Bronze Scales":17,"Strawberry":62,"Prayer Wheel":23,"Molten Egg 2":109,"Fusion Hammer":0,"Black Star":42,"Toxic Egg 2":28,"StrikeDummy":109,"Ring of the Snake":0}]},"card_choices":[{"not_picked":["Expertise","Deadly Poison"],"picked":"Dagger Spray","floor":1.0},{"not_picked":["Flying Knee","Deadly Poison"],"picked":"Backflip","floor":2.0},{"not_picked":["Acrobatics","Deadly Poison"],"picked":"Backstab","floor":4.0},{"not_picked":["Dodge and Roll","Bane"],"picked":"Dagger Spray","floor":7.0},{"not_picked":["Slice","All Out Attack"],"picked":"Reflex","floor":8.0},{"not_picked":["Dodge and Roll","Caltrops"],"picked":"Malaise","floor":10.0},{"not_picked":["Setup+1","Sucker Punch"],"picked":"Well Laid Plans","floor":12.0},{"not_picked":["After Image","Die Die Die"],"picked":"Phantasmal Killer+1","floor":16.0},{"not_picked":["Distraction+1","Bane"],"picked":"Riddle With Holes+1","floor":18.0},{"not_picked":["Expertise+1","Bane","Heel Hook+1"],"picked":"SKIP","floor":18.0},{"not_picked":["Poisoned Stab","Sucker Punch"],"picked":"Deflect+1","floor":20.0},{"not_picked":["Dodge and Roll+1","Dagger Spray+1"],"picked":"Bouncing Flask+1","floor":20.0},{"not_picked":["Riddle With Holes","Dodge and Roll+1"],"picked":"Blade Dance+1","floor":21.0},{"not_picked":["Storm of Steel+1","Poisoned Stab","Eviscerate"],"picked":"SKIP","floor":21.0},{"not_picked":["Cloak And Dagger+1","Poisoned Stab"],"picked":"Footwork","floor":24.0},{"not_picked":["Distraction+1","Bane"],"picked":"Dodge and Roll+1","floor":27.0},{"not_picked":["Distraction+1","Caltrops"],"picked":"Accuracy","floor":27.0},{"not_picked":["Deadly Poison+1","Cloak And Dagger+1"],"picked":"Night Terror+1","floor":29.0},{"not_picked":["Prepared+1","Quick Slash"],"picked":"Dodge and Roll+1","floor":30.0},{"not_picked":["Caltrops","Slice","Skewer"],"picked":"SKIP","floor":30.0},{"not_picked":["Die Die Die","Unload","Doppelganger+1"],"picked":"Adrenaline+1","floor":33.0},{"not_picked":["Deadly Poison+1","Quick Slash","Cloak And Dagger+1"],"picked":"Crippling Poison+1","floor":35.0},{"not_picked":["Blade Dance+1","Prepared+1","Flying Knee"],"picked":"Tactician+1","floor":35.0},{"not_picked":["Dodge and Roll+1","Concentrate+1","Deadly Poison+1"],"picked":"Bouncing Flask+1","floor":37.0},{"not_picked":["Bane","PiercingWail+1","Slice"],"picked":"Eviscerate+1","floor":37.0},{"not_picked":["Dodge and Roll+1","Dagger Spray+1","Concentrate+1"],"picked":"Acrobatics+1","floor":38.0},{"not_picked":["Endless Agony","Prepared+1","Bane"],"picked":"Reflex+1","floor":38.0},{"not_picked":["Choke+1","Sucker Punch+1","Masterful Stab+1","Finisher+1"],"picked":"SKIP","floor":41.0},{"not_picked":["PiercingWail+1","Blade Dance+1","Well Laid Plans+1"],"picked":"Prepared+1","floor":42.0},{"not_picked":["Well Laid Plans","Wraith Form v2","Underhanded Strike+1"],"picked":"Reflex+1","floor":42.0},{"not_picked":["PiercingWail+1","Accuracy+1","Poisoned Stab+1","Dagger Throw+1"],"picked":"SKIP","floor":44.0},{"not_picked":["Distraction+1","Footwork+1","Dodge and Roll+1"],"picked":"Leg Sweep+1","floor":47.0},{"not_picked":["All Out Attack+1","Prepared+1","Predator+1"],"picked":"Terror+1","floor":47.0},{"not_picked":["Deadly Poison+1","A Thousand Cuts","Bullet Time+1","Slice+1"],"picked":"SKIP","floor":48.0}],"player_experience":1220551,"relics_obtained":[{"floor":7.0,"key":"Bronze Scales"},{"floor":9.0,"key":"Letter Opener"},{"floor":10.0,"key":"Prayer Wheel"},{"floor":12.0,"key":"Toxic Egg 2"},{"floor":24.0,"key":"Strawberry"},{"floor":24.0,"key":"Bottled Flame"},{"floor":26.0,"key":"The Courier"},{"floor":29.0,"key":"Eternal Feather"},{"floor":29.0,"key":"Mummified Hand"},{"floor":31.0,"key":"Question Card"},{"floor":36.0,"key":"Incense Burner"},{"floor":41.0,"key":"StrikeDummy"},{"floor":41.0,"key":"Molten Egg 2"},{"floor":44.0,"key":"Pen Nib"},{"floor":44.0,"key":"Regal Pillow"},{"floor":48.0,"key":"Juzu Bracelet"},{"floor":48.0,"key":"HornCleat"}],"event_choices":[{"cards_removed":["Strike_G"],"damage_healed":0.0,"max_hp_gain":0.0,"max_hp_loss":0.0,"gold_gain":0.0,"event_name":"Bonfire Elementals","player_choice":"Offered Basic","floor":3.0,"gold_loss":0.0,"damage_taken":0.0},{"damage_healed":0.0,"max_hp_gain":0.0,"max_hp_loss":0.0,"gold_gain":100.0,"event_name":"The Joust","player_choice":"Bet on Murderer","floor":19.0,"gold_loss":50.0,"damage_taken":0.0},{"damage_healed":0.0,"max_hp_gain":0.0,"max_hp_loss":0.0,"gold_gain":0.0,"event_name":"WeMeetAgain","player_choice":"Paid Gold","floor":22.0,"gold_loss":85.0,"damage_taken":0.0,"relics_obtained":["Vajra"]},{"damage_healed":0.0,"max_hp_gain":0.0,"max_hp_loss":0.0,"gold_gain":0.0,"cards_transformed":["Strike_G","Strike_G"],"event_name":"Drug Dealer","player_choice":"Became Test Subject","floor":28.0,"gold_loss":0.0,"damage_taken":0.0,"cards_obtained":["Dagger Throw","Prepared"]},{"damage_healed":0.0,"max_hp_gain":0.0,"max_hp_loss":0.0,"gold_gain":0.0,"event_name":"Mysterious Sphere","player_choice":"Fight","floor":36.0,"gold_loss":0.0,"damage_taken":0.0},{"damage_healed":0.0,"max_hp_gain":0.0,"max_hp_loss":0.0,"gold_gain":0.0,"event_name":"The Moai Head","player_choice":"Ignored","floor":39.0,"gold_loss":0.0,"damage_taken":0.0}],"is_beta":false,"boss_relics":[{"not_picked":["Busted Crown","Runic Dome"],"picked":"Black Star"},{"not_picked":["Pandora\u0027s Box","SlaversCollar"],"picked":"Astrolabe"}],"items_purged_floors":[14,45],"is_endless":false,"potions_floor_spawned":[1,2,8,10,21,24,27,29,30,36,37,42,44,47],"killed_by":"Time Eater","ascension_level":20}}