{"host":"mgc7o2tpy0ck407l","time":1609841365,"event":{"mods":["Alarm Clock","AlwaysNeverKeys","BaseMod","Better Altar","Better Match","Better Note","Better Sensory Stone","Better Skull","Better Third Choice","Better Vampires","Block Reminder","Booster Modes","Challenge The Spire","Colored Map","Colored Powertips","Disable Question Mark Monsters","Displayed Cursed Tome","Emptier Cage","Energized Spire","Evolution","Infinite Spire","Minty Spire (QoL Compilation)","Permanent Neow","Quick Restart","Rare Cards Sparkle","Reorder Act Four","Replay The Spire","Spicy Shops","StSLib","SuperFastMode","Transform Curses","Unceasing Turn Reminder"],"gold_per_floor":[111,111,123,123,75,75,95,124,124,124,134,134,134,154,154,254,304,316,286,286,286,286,286,286,297,297,309,309,327,327,74,74,176,176,187,200,200,106,120,149,149,159,159,209,209,222,233,244,244,244,244,66,66,103,103,103],"floor_reached":55,"playtime":2070,"items_purged":["Clash","ReplayTheSpireMod:Restless Dread"],"score":699,"play_id":"3de7f640-831f-4140-a735-053a4f5a400e","local_time":"20210105050925","is_ascension_mode":false,"campfire_choices":[{"data":"Armaments","floor":6.0,"key":"SMITH"},{"data":"Shockwave","floor":10.0,"key":"SMITH"},{"data":"Evolve","floor":15.0,"key":"SMITH"},{"data":"Disarm","floor":23.0,"key":"SMITH"},{"data":"Replay:Undeath\u0027s Touch","floor":28.0,"key":"SMITH"},{"data":"Replay:Undeath\u0027s Touch","floor":30.0,"key":"SMITH"},{"data":"Immolate","floor":32.0,"key":"SMITH"},{"data":"Replay:Many Hands","floor":41.0,"key":"SMITH"},{"data":"J.A.X.","floor":45.0,"key":"SMITH"},{"data":"Iron Wave","floor":49.0,"key":"SMITH"},{"floor":53.0,"key":"REST"}],"circlet_count":0,"master_deck":["Iron Wave+1","Iron Wave+1","Iron Wave+1","Iron Wave+1","Shrug It Off+1","Bash+1","Disarm+1","Armaments+1","Evolve+1","Exhume+1","Replay:Undeath\u0027s Touch+1","Shockwave+1","Replay:Undeath\u0027s Touch+1","Reckless Charge+1","Iron Wave+1","Havoc+1","J.A.X.+1","Life Link+1","Immolate+1","Replay:Many Hands+1","ReplayTheSpireMod:Muscle Training+1","Warcry+1","Dark Embrace+1","Warcry+1","Warcry+1","Havoc+1"],"relics":["Burning Blood","EVO:Axolotl","Counterbalance","Magic Flower","Tiny House","Replay:Drink Me","Orrery","Replay:WaspNest","energizedSpire:TabascoSauce","ReplayTheSpireMod:CursedCoin","Whetstone","Red Skull","Question Card","Replay:Bottled Steam","Replay:Lucky Slots","Replay:Bottled Flurry"],"acts_visited":["Exordium","TheCity","TheBeyond","TheEnding"],"potions_floor_usage":[55,55],"damage_taken":[{"damage":0.0,"enemies":"2 Louse","floor":1.0,"turns":3.0},{"damage":0.0,"enemies":"Cultist","floor":3.0,"turns":4.0},{"damage":2.0,"enemies":"Jaw Worm","floor":7.0,"turns":5.0},{"damage":29.0,"enemies":"Gremlin Nob","floor":8.0,"turns":6.0},{"damage":5.0,"enemies":"Blue Slaver","floor":11.0,"turns":4.0},{"damage":2.0,"enemies":"Red Slaver","floor":14.0,"turns":5.0},{"damage":1.0,"enemies":"The Guardian","floor":16.0,"turns":15.0},{"damage":18.0,"enemies":"Spheric Guardian","floor":18.0,"turns":12.0},{"damage":27.0,"enemies":"2 Thieves","floor":19.0,"turns":5.0},{"damage":6.0,"enemies":"Snake Plant","floor":25.0,"turns":5.0},{"damage":6.0,"enemies":"Cultist and Chosen","floor":27.0,"turns":7.0},{"damage":0.0,"enemies":"Snecko","floor":29.0,"turns":6.0},{"damage":33.0,"enemies":"Champ","floor":33.0,"turns":8.0},{"damage":3.0,"enemies":"Orb Walker","floor":35.0,"turns":2.0},{"damage":14.0,"enemies":"3 Darklings","floor":36.0,"turns":3.0},{"damage":9.0,"enemies":"Transient","floor":39.0,"turns":5.0},{"damage":0.0,"enemies":"Reptomancer","floor":40.0,"turns":3.0},{"damage":0.0,"enemies":"Jaw Worm Horde","floor":42.0,"turns":3.0},{"damage":3.0,"enemies":"3 Darklings","floor":46.0,"turns":3.0},{"damage":3.0,"enemies":"Spire Growth","floor":47.0,"turns":3.0},{"damage":6.0,"enemies":"4 Shapes","floor":48.0,"turns":3.0},{"damage":47.0,"enemies":"Awakened One","floor":50.0,"turns":6.0},{"damage":35.0,"enemies":"Shield and Spear","floor":54.0,"turns":4.0},{"damage":38,"enemies":"The Heart","floor":55,"turns":6}],"seed_played":"-7478091516487440963","potions_obtained":[{"floor":3.0,"key":"Fire Potion"},{"floor":4.0,"key":"Fruit Juice"},{"floor":4.0,"key":"DuplicationPotion"},{"floor":4.0,"key":"Cursed Concoction"},{"floor":17.0,"key":"Explosive Potion"},{"floor":39.0,"key":"ElixirPotion"},{"floor":44.0,"key":"CultistPotion"}],"is_trial":false,"path_per_floor":["M","?","M","?","$","R","M","E","T","R","M","$","?","M","R_BF","B",null,"M","M","AVR","?","?","R","?","M","T","M","R","M","R","$","R","B",null,"M","M","?","$","M","E","R","M","T","?","R","M","M","M","R","B",null,"$","R","E","B"],"character_chosen":"IRONCLAD","items_purchased":["Armaments","Immolate","ReplayTheSpireMod:CursedCoin","Whetstone","Replay:Lucky Slots"],"campfire_rested":1,"item_purchase_floors":[5,31,38,38,52],"current_hp_per_floor":[80,64,70,75,75,75,79,56,56,56,60,60,60,67,67,75,90,81,63,63,63,63,63,68,68,68,68,68,68,68,68,68,44,68,68,59,59,59,55,60,60,65,65,48,48,50,52,51,51,9,68,68,68,38,0,0],"gold":103,"neow_bonus":"UPGRADE_CARD","is_daily":false,"chose_seed":false,"campfire_upgraded":10,"win_rate":0.0,"timestamp":1609841365,"path_taken":["M","?","M","?","$","R","M","E","T","R","?","$","?","M","R_BF","BOSS","M","M","AVR","?","?","R","?","M","T","M","R","?","R","$","R","BOSS","M","?","?","$","M","E","R","M","T","?","R","M","M","M","R","BOSS","$","R","E","BOSS"],"items_purchased_type":["Card","Card","Relic","Relic","Relic"],"build_version":"2020-12-22","purchased_purges":2,"victory":false,"max_hp_per_floor":[80,80,80,85,85,85,85,85,85,85,85,85,85,85,85,85,90,90,90,68,68,68,68,68,68,68,68,68,68,68,68,68,68,68,68,68,68,68,68,68,68,68,68,68,68,68,68,68,68,68,68,68,68,68,68,68],"card_choices":[{"not_picked":["Massacre","ReplayTheSpireMod:Stacked"],"picked":"Shockwave","floor":1.0},{"not_picked":["Power Through","ReplayTheSpireMod:Stacked"],"picked":"Disarm","floor":3.0},{"not_picked":["Replay:Undeath\u0027s Touch","Armaments","Defy Death"],"picked":"SKIP","floor":7.0},{"not_picked":["Headbutt","Carnage","True Grit"],"picked":"SKIP","floor":8.0},{"not_picked":["Twin Strike","Shrug It Off","Sword Boomerang"],"picked":"SKIP","floor":11.0},{"not_picked":["Pummel","Blood for Blood"],"picked":"Evolve","floor":14.0},{"not_picked":["Corruption","Demon Form"],"picked":"Exhume","floor":16.0},{"not_picked":["ReplayReversal","Clash"],"picked":"Replay:Undeath\u0027s Touch","floor":17.0},{"not_picked":["Armaments+1","Defy Death"],"picked":"Shockwave+1","floor":18.0},{"not_picked":["Dual Wield","True Grit+1","Clothesline"],"picked":"SKIP","floor":19.0},{"not_picked":["Sword Boomerang+1","Combust"],"picked":"Replay:Undeath\u0027s Touch","floor":20.0},{"not_picked":["Heavy Blade","Thunderclap"],"picked":"Reckless Charge+1","floor":20.0},{"not_picked":["Run Through","Perfected Strike"],"picked":"Iron Wave+1","floor":20.0},{"not_picked":["Pommel Strike+1","Impervious"],"picked":"Havoc+1","floor":20.0},{"not_picked":["Body Slam","Twin Strike"],"picked":"Life Link+1","floor":25.0},{"not_picked":["Cleave","Spot Weakness"],"picked":"Clash","floor":27.0},{"not_picked":["Twin Strike+1","Run Through+1","Anger"],"picked":"SKIP","floor":29.0},{"not_picked":["Double Tap","Bludgeon"],"picked":"Replay:Many Hands","floor":33.0},{"not_picked":["Perfected Strike+1","Armaments+1"],"picked":"ReplayTheSpireMod:Muscle Training+1","floor":35.0},{"not_picked":["Clothesline+1","Perfected Strike"],"picked":"Warcry+1","floor":36.0},{"not_picked":["ReplayTheSpireMod:LeadingStrike","Rampage"],"picked":"Dark Embrace+1","floor":39.0},{"not_picked":["Evolve+1","Carnage+1"],"picked":"Warcry+1","floor":40.0},{"not_picked":["Ghostly Armor+1","ReplayTheSpireMod:LeadingStrike+1","Heavy Blade+1"],"picked":"SKIP","floor":42.0},{"not_picked":["Replay:Undeath\u0027s Touch","Warcry","Burning Pact+1","Abandon"],"picked":"SKIP","floor":46.0},{"not_picked":["Reckless Charge+1","Shrug It Off+1","Anger"],"picked":"Warcry+1","floor":47.0},{"not_picked":["ReplayTheSpireMod:LeadingStrike","ReplayTheSpireMod:Strike From Hell+1","Uppercut"],"picked":"Havoc+1","floor":48.0},{"not_picked":["Rampage+1","Wild Strike","Iron Wave+1","Anger+1"],"picked":"SKIP","floor":54.0}],"player_experience":734186,"relics_obtained":[{"floor":8.0,"key":"Counterbalance"},{"floor":9.0,"key":"Magic Flower"},{"floor":26.0,"key":"Replay:WaspNest"},{"floor":40.0,"key":"Red Skull"},{"floor":43.0,"key":"Question Card"},{"floor":44.0,"key":"Replay:Bottled Steam"},{"floor":54.0,"key":"Replay:Bottled Flurry"}],"event_choices":[{"damage_healed":80.0,"max_hp_gain":0.0,"max_hp_loss":80.0,"gold_gain":0.0,"event_name":"betterThird:BetterShining","player_choice":"Upgrade","floor":2.0,"gold_loss":0.0,"damage_taken":16.0,"cards_upgraded":["Shrug It Off","Shrug It Off"]},{"damage_healed":0.0,"max_hp_gain":0.0,"max_hp_loss":0.0,"gold_gain":0.0,"event_name":"Lab","player_choice":"Got Potions","floor":4.0,"gold_loss":0.0,"damage_taken":0.0},{"damage_healed":0.0,"max_hp_gain":0.0,"max_hp_loss":0.0,"gold_gain":0.0,"event_name":"Living Wall","player_choice":"Grow","floor":13.0,"gold_loss":0.0,"damage_taken":0.0,"cards_upgraded":["Bash"]},{"cards_removed":["Bash"],"damage_healed":0.0,"max_hp_gain":0.0,"max_hp_loss":0.0,"gold_gain":0.0,"event_name":"betterNote:BetterNote","player_choice":"Give","floor":21.0,"gold_loss":0.0,"damage_taken":0.0,"cards_obtained":["Defend_R"]},{"damage_healed":0.0,"max_hp_gain":0.0,"max_hp_loss":0.0,"gold_gain":0.0,"event_name":"Drug Dealer","player_choice":"Obtain J.A.X.","floor":22.0,"gold_loss":0.0,"damage_taken":0.0,"cards_obtained":["J.A.X."]},{"cards_removed":["Shockwave"],"damage_healed":5.0,"max_hp_gain":0.0,"max_hp_loss":0.0,"gold_gain":0.0,"event_name":"Bonfire Elementals","player_choice":"Offered Uncommon","floor":24.0,"gold_loss":0.0,"damage_taken":0.0},{"cards_removed":["Shrug It Off"],"damage_healed":0.0,"max_hp_gain":0.0,"max_hp_loss":0.0,"gold_gain":0.0,"event_name":"Falling","player_choice":"Removed Skill","floor":37.0,"gold_loss":0.0,"damage_taken":0.0}],"is_beta":false,"boss_relics":[{"not_picked":["infinitespire:Burning Sword","Snecko Heart"],"picked":"Tiny House"},{"not_picked":["Velvet Choker","ReplayTheSpireMod:DimensionalGlitch"],"picked":"energizedSpire:TabascoSauce"}],"items_purged_floors":[31,38],"is_endless":false,"potions_floor_spawned":[3,8,14,18,19,39,47],"killed_by":"The Heart","ascension_level":0}}