{"host":"78zdngn0u28jm0pp","time":1609821171,"event":{"mods":["BaseMod","Jorbs\u0027s Wanderer Trilogy","Minty Spire (QoL Compilation)","Permanent Neow","Quick Restart","Relic Stats","StSLib","Unceasing Turn Reminder"],"gold_per_floor":[115,115,115,115,129,129,156,156,156,174,186,186,202,10,10,82,82,95,28,38,57,57,87,87,87,111,36,36,70,70,96,96,174,174,192,7,7,19,34,61,61,74,121,146,173,173,219,245,245,245,245,245,245,8,40,40,40],"floor_reached":56,"playtime":3007,"items_purged":["Prepared"],"score":2378,"play_id":"5443cd6b-c8ab-43bb-a737-d4bc192f5d02","local_time":"20210104213251","is_ascension_mode":true,"campfire_choices":[{"data":"Phantasmal Killer","floor":6,"key":"SMITH"},{"data":"Malaise","floor":8,"key":"SMITH"},{"data":"Cloak And Dagger","floor":15,"key":"SMITH"},{"data":"A Thousand Cuts","floor":24,"key":"SMITH"},{"data":"Noxious Fumes","floor":30,"key":"SMITH"},{"data":"Leg Sweep","floor":32,"key":"SMITH"},{"data":"Flechettes","floor":41,"key":"SMITH"},{"floor":46,"key":"RECALL"},{"floor":49,"key":"DIG"},{"floor":53,"key":"DIG"}],"circlet_count":0,"master_deck":["AscendersBane","Survivor","Neutralize","Phantasmal Killer+1","Dodge and Roll","Terror","Flechettes+1","Adrenaline","Malaise+1","Malaise","Well Laid Plans","PiercingWail+1","Dagger Throw","Cloak And Dagger+1","Blade Dance+1","Leg Sweep+1","Backflip","A Thousand Cuts+1","Blade Dance","Die Die Die+1","Noxious Fumes+1","PiercingWail","Backstab","Cloak And Dagger+1","Skewer+1","Impatience","Deflect+1","Endless Agony+1","Backflip","Corpse Explosion","Caltrops","Quick Slash"],"relics":["Pandora\u0027s Box","Unceasing Top","HornCleat","Chemical X","WristBlade","Ornamental Fan","Ninja Scroll","MutagenicStrength","Lantern","War Paint","Anchor","Philosopher\u0027s Stone","Membership Card","Happy Flower","Shovel","Gremlin Horn","CaptainsWheel","Whetstone","Bronze Scales","Letter Opener","Bag of Preparation","Bottled Tornado"],"acts_visited":["Exordium","TheCity","TheBeyond","TheEnding"],"potions_floor_usage":[7,13,23,50,51,55,56],"damage_taken":[{"damage":1,"enemies":"2 Louse","floor":1,"turns":2},{"damage":0,"enemies":"Cultist","floor":5,"turns":3},{"damage":4,"enemies":"Gremlin Nob","floor":7,"turns":3},{"damage":0,"enemies":"Small Slimes","floor":10,"turns":3},{"damage":1,"enemies":"Gremlin Gang","floor":11,"turns":5},{"damage":2,"enemies":"Lots of Slimes","floor":13,"turns":4},{"damage":0,"enemies":"The Guardian","floor":16,"turns":9},{"damage":0,"enemies":"Shell Parasite","floor":18,"turns":3},{"damage":4,"enemies":"Spheric Guardian","floor":20,"turns":4},{"damage":0,"enemies":"Cultist and Chosen","floor":21,"turns":4},{"damage":2,"enemies":"Book of Stabbing","floor":23,"turns":4},{"damage":0,"enemies":"Slavers","floor":29,"turns":2},{"damage":0,"enemies":"Book of Stabbing","floor":31,"turns":2},{"damage":0,"enemies":"Automaton","floor":33,"turns":5},{"damage":0,"enemies":"3 Darklings","floor":35,"turns":2},{"damage":0,"enemies":"3 Shapes","floor":38,"turns":4},{"damage":0,"enemies":"Writhing Mass","floor":39,"turns":4},{"damage":10,"enemies":"Giant Head","floor":40,"turns":5},{"damage":0,"enemies":"Jaw Worm Horde","floor":42,"turns":3},{"damage":0,"enemies":"Mind Bloom Boss Battle","floor":44,"turns":3},{"damage":0,"enemies":"Reptomancer","floor":45,"turns":3},{"damage":0,"enemies":"2 Orb Walkers","floor":47,"turns":1},{"damage":0,"enemies":"Giant Head","floor":48,"turns":5},{"damage":4,"enemies":"Donu and Deca","floor":50,"turns":4},{"damage":8,"enemies":"Time Eater","floor":51,"turns":5},{"damage":46,"enemies":"Shield and Spear","floor":55,"turns":3},{"damage":30,"enemies":"The Heart","floor":56,"turns":2}],"seed_played":"-8286659564600685218","potions_obtained":[{"floor":4,"key":"LiquidMemories"},{"floor":4,"key":"DuplicationPotion"},{"floor":11,"key":"PowerPotion"},{"floor":13,"key":"Energy Potion"},{"floor":29,"key":"SneckoOil"},{"floor":31,"key":"Ancient Potion"},{"floor":35,"key":"DuplicationPotion"}],"is_trial":false,"path_per_floor":["M","?","?","?","M","R","E","R","T","M","M","?","M","$","R","B",null,"M","?","M","M","$","E","R","?","T","?","?","E","R","E","R","B",null,"M","$","?","M","M","E","R","M","T","?","E","R","?","E","R","B","B",null,"R","$","E","B"],"character_chosen":"THE_SILENT","items_purchased":["Chemical X","Backflip","Membership Card","Skewer","SkillPotion","Bag of Preparation","Regen Potion","Caltrops","Quick Slash"],"campfire_rested":0,"item_purchase_floors":[14,14,36,36,54,54,54,54,54],"current_hp_per_floor":[58,58,51,51,51,51,47,47,47,47,46,46,44,44,44,44,61,61,61,57,57,57,55,55,55,55,55,55,55,55,55,55,55,63,63,63,63,63,63,53,53,53,53,53,53,53,53,53,53,49,41,60,60,60,14,0,0],"gold":40,"neow_bonus":"BOSS_RELIC","is_daily":false,"chose_seed":false,"campfire_upgraded":7,"win_rate":0.0,"timestamp":1609821171,"path_taken":["M","?","?","?","M","R","E","R","T","?","M","?","M","$","R","BOSS","M","?","?","M","?","E","R","?","T","?","?","E","R","E","R","BOSS","M","$","?","M","M","E","R","M","T","?","E","R","?","E","R","BOSS","BOSS","R","$","E","BOSS"],"items_purchased_type":["Relic","Card","Relic","Card","Potion","Relic","Potion","Card","Card"],"build_version":"2020-12-22","purchased_purges":1,"victory":false,"max_hp_per_floor":[66,66,66,66,66,66,66,66,66,66,66,66,66,66,66,66,66,66,66,66,66,66,66,66,66,66,66,66,66,66,66,66,66,66,66,66,66,66,66,66,66,66,66,66,66,66,66,66,66,66,66,66,66,66,66,66,66],"relic_stats":{"Happy Flower":[9],"Gremlin Horn":[1,1],"counters":[27,97],"Bag of Preparation":[4],"Whetstone":["Skewer","Die Die Die"],"Letter Opener":[19],"War Paint":["PiercingWail","Blade Dance"],"Shovel":2,"Ornamental Fan":[296],"Bronze Scales":[51],"Pandora\u0027s Box":["Phantasmal Killer","Underhanded Strike","Dodge and Roll","Terror","Flechettes","Sucker Punch","Adrenaline","Malaise","Malaise","Well Laid Plans"],"Chemical X":[30],"obtain_stats":[{"Lantern":26,"Happy Flower":40,"Gremlin Horn":45,"Bag of Preparation":54,"Whetstone":48,"Letter Opener":53,"War Paint":29,"Bottled Tornado":55,"Anchor":31,"CaptainsWheel":47,"HornCleat":9,"Shovel":44,"WristBlade":17,"Ornamental Fan":19,"Ninja Scroll":23,"MutagenicStrength":25,"Bronze Scales":49,"Pandora\u0027s Box":0,"Philosopher\u0027s Stone":34,"Chemical X":14,"Membership Card":36,"Unceasing Top":7,"Ring of the Snake":0},{"Lantern":11,"Happy Flower":18,"Gremlin Horn":21,"Bag of Preparation":25,"Whetstone":23,"Letter Opener":25,"War Paint":12,"Bottled Tornado":26,"Anchor":13,"CaptainsWheel":22,"HornCleat":3,"Shovel":20,"WristBlade":7,"Ornamental Fan":8,"Ninja Scroll":11,"MutagenicStrength":11,"Bronze Scales":23,"Pandora\u0027s Box":0,"Philosopher\u0027s Stone":14,"Chemical X":6,"Membership Card":15,"Unceasing Top":3,"Ring of the Snake":0},{"Lantern":44,"Happy Flower":68,"Gremlin Horn":77,"Bag of Preparation":92,"Whetstone":83,"Letter Opener":92,"War Paint":46,"Bottled Tornado":95,"Anchor":48,"CaptainsWheel":78,"HornCleat":8,"Shovel":74,"WristBlade":29,"Ornamental Fan":32,"Ninja Scroll":44,"MutagenicStrength":44,"Bronze Scales":83,"Pandora\u0027s Box":0,"Philosopher\u0027s Stone":53,"Chemical X":20,"Membership Card":55,"Unceasing Top":8,"Ring of the Snake":0}],"Unceasing Top":[27]},"card_choices":[{"not_picked":["Masterful Stab","Poisoned Stab"],"picked":"PiercingWail","floor":1},{"not_picked":["Prepared","Infinite Blades"],"picked":"Dagger Throw","floor":5},{"not_picked":["Dagger Throw","PiercingWail"],"picked":"Prepared","floor":7},{"not_picked":["Dagger Spray","Night Terror"],"picked":"Cloak And Dagger","floor":10},{"not_picked":["Distraction","Acrobatics"],"picked":"Blade Dance","floor":11},{"not_picked":["Predator","Accuracy"],"picked":"Leg Sweep","floor":13},{"not_picked":["Bullet Time","Venomology"],"picked":"A Thousand Cuts","floor":16},{"not_picked":["Dodge and Roll","All Out Attack","Poisoned Stab"],"picked":"SKIP","floor":18},{"not_picked":["PiercingWail","Dagger Spray"],"picked":"Blade Dance","floor":20},{"not_picked":["Deadly Poison","Poisoned Stab","Slice"],"picked":"SKIP","floor":21},{"not_picked":["Leg Sweep","Tactician"],"picked":"Die Die Die","floor":23},{"not_picked":["Setup","Sucker Punch"],"picked":"PiercingWail","floor":29},{"not_picked":["Eviscerate","Dodge and Roll"],"picked":"Backstab","floor":31},{"not_picked":["Sucker Punch+1","Deflect"],"picked":"Cloak And Dagger+1","floor":35},{"not_picked":["Flash of Steel","Bandage Up"],"picked":"Impatience","floor":37},{"not_picked":["Flechettes+1","Acrobatics"],"picked":"Deflect+1","floor":38},{"not_picked":["Flying Knee","Acrobatics"],"picked":"Endless Agony+1","floor":39},{"not_picked":["Blade Dance","Well Laid Plans"],"picked":"Backflip","floor":40},{"not_picked":["Deadly Poison","Poisoned Stab"],"picked":"Corpse Explosion","floor":42},{"not_picked":["Skewer","Infinite Blades","Leg Sweep"],"picked":"SKIP","floor":45},{"not_picked":["Catalyst","PiercingWail+1","Outmaneuver+1"],"picked":"SKIP","floor":48},{"not_picked":["Riddle With Holes+1","Dagger Spray","Catalyst+1"],"picked":"SKIP","floor":55}],"player_experience":752059,"relics_obtained":[{"floor":7,"key":"Unceasing Top"},{"floor":9,"key":"HornCleat"},{"floor":23,"key":"Ninja Scroll"},{"floor":26,"key":"Lantern"},{"floor":29,"key":"War Paint"},{"floor":31,"key":"Anchor"},{"floor":40,"key":"Happy Flower"},{"floor":44,"key":"Shovel"},{"floor":45,"key":"Gremlin Horn"},{"floor":47,"key":"CaptainsWheel"},{"floor":48,"key":"Whetstone"},{"floor":49,"key":"Bronze Scales"},{"floor":53,"key":"Letter Opener"},{"floor":55,"key":"Bottled Tornado"}],"event_choices":[{"damage_healed":0,"gold_gain":0,"cards_transformed":["Underhanded Strike"],"player_choice":"Change","damage_taken":0,"max_hp_gain":0,"max_hp_loss":0,"event_name":"Living Wall","floor":2,"gold_loss":0,"cards_obtained":["Expertise"]},{"cards_removed":["Expertise"],"damage_healed":0,"gold_gain":0,"player_choice":"Card Removal","damage_taken":7,"max_hp_gain":0,"max_hp_loss":0,"event_name":"Golden Wing","floor":3,"gold_loss":0},{"damage_healed":0,"gold_gain":0,"player_choice":"Got Potions","damage_taken":0,"max_hp_gain":0,"max_hp_loss":0,"event_name":"Lab","floor":4,"gold_loss":0},{"damage_healed":0,"gold_gain":0,"player_choice":"Searched \u00270\u0027 times","damage_taken":0,"max_hp_gain":0,"max_hp_loss":0,"event_name":"Dead Adventurer","floor":12,"gold_loss":0},{"damage_healed":0,"gold_gain":0,"player_choice":"Paid Gold","damage_taken":0,"relics_obtained":["Ornamental Fan"],"max_hp_gain":0,"max_hp_loss":0,"event_name":"WeMeetAgain","floor":19,"gold_loss":67},{"damage_healed":0,"gold_gain":0,"player_choice":"Inject Mutagens","damage_taken":0,"relics_obtained":["MutagenicStrength"],"max_hp_gain":0,"max_hp_loss":0,"event_name":"Drug Dealer","floor":25,"gold_loss":0},{"cards_removed":["Sucker Punch"],"damage_healed":0,"gold_gain":0,"player_choice":"Gave Gold","damage_taken":0,"max_hp_gain":0,"max_hp_loss":0,"event_name":"Beggar","floor":27,"gold_loss":75},{"damage_healed":0,"gold_gain":0,"player_choice":"Read","damage_taken":0,"max_hp_gain":0,"max_hp_loss":0,"event_name":"The Library","floor":28,"gold_loss":0,"cards_obtained":["Noxious Fumes"]},{"damage_healed":0,"gold_gain":0,"player_choice":"Memory 1","damage_taken":0,"max_hp_gain":0,"max_hp_loss":0,"event_name":"SensoryStone","floor":37,"gold_loss":0},{"damage_healed":0,"gold_gain":0,"player_choice":"Fight","damage_taken":0,"max_hp_gain":0,"max_hp_loss":0,"event_name":"MindBloom","floor":44,"gold_loss":0},{"damage_healed":0,"gold_gain":0,"player_choice":"Fight","damage_taken":0,"max_hp_gain":0,"max_hp_loss":0,"event_name":"Mysterious Sphere","floor":47,"gold_loss":0}],"is_beta":false,"boss_relics":[{"not_picked":["SlaversCollar","Runic Dome"],"picked":"WristBlade"},{"not_picked":["Empty Cage","Astrolabe"],"picked":"Philosopher\u0027s Stone"}],"items_purged_floors":[54],"is_endless":false,"potions_floor_spawned":[11,13,16,29,31,35,38,39,47],"killed_by":"The Heart","ascension_level":20}}