{"host":"nzm1i0l8mrsm8hd2","time":1609860684,"event":{"mods":["Act Like it!","Aspiration","BaseMod","Better Third Choice","Challenge The Spire","Conspire","Gensokyo","Minty Spire (QoL Compilation)","Pale of the Ancients","Quick Restart","Robot Space Explorer","RumiaBox-露米娅的神秘盒子","Spicy Shops","StSLib","The Jungle","Yakumo Yukari mod"],"gold_per_floor":[110,35,35,46,146,146,146],"floor_reached":6,"playtime":316,"items_purged":["RobotSpaceExplorer:Strike"],"score":68,"play_id":"afc93498-9929-4795-bbfb-877909e7abb7","local_time":"20210105233124","daily_mods":["Heirloom","DeadlyEvents","Elite Swarm"],"is_ascension_mode":true,"campfire_choices":[],"circlet_count":0,"master_deck":["AscendersBane","RobotSpaceExplorer:Strike","RobotSpaceExplorer:Strike","RobotSpaceExplorer:Strike","RobotSpaceExplorer:Defend","RobotSpaceExplorer:Defend","RobotSpaceExplorer:Defend","RobotSpaceExplorer:Defend","RobotSpaceExplorer:Scan","RobotSpaceExplorer:MiniLasers","RobotSpaceExplorer:SelfCleaning","RobotSpaceExplorer:Calculate"],"relics":["Snecko Eye","aspiration:DSix","MagicDraw1","Oddly Smooth Stone","Pear"],"acts_visited":["Exordium"],"potions_floor_usage":[6],"damage_taken":[{"damage":9,"enemies":"Gensokyo:Gryphon","floor":1,"turns":4},{"damage":9,"enemies":"Gensokyo:Python","floor":4,"turns":5},{"damage":22,"enemies":"Gensokyo:Mamizou","floor":6,"turns":12}],"seed_played":"-1066904383786644640","potions_obtained":[{"floor":1,"key":"ColorlessPotion"}],"is_trial":true,"path_per_floor":["M","$","?","M","?","E"],"character_chosen":"RobotSpaceExplorer","items_purchased":[],"campfire_rested":0,"item_purchase_floors":[],"current_hp_per_floor":[55,55,45,36,36,14,14],"gold":146,"neow_bonus":"","is_daily":false,"chose_seed":false,"campfire_upgraded":0,"win_rate":0.0,"timestamp":1609860684,"path_taken":["M","$","?","M","?","E"],"items_purchased_type":[],"build_version":"2020-12-22","purchased_purges":1,"victory":false,"max_hp_per_floor":[71,71,81,81,81,81,81],"card_choices":[{"not_picked":["RobotSpaceExplorer:FreezeRay","RobotSpaceExplorer:Ammunition"],"picked":"RobotSpaceExplorer:SelfCleaning","floor":1},{"not_picked":["RobotSpaceExplorer:ImprovisedAttack","RobotSpaceExplorer:ScrapMissile"],"picked":"RobotSpaceExplorer:Calculate","floor":4}],"player_experience":575235,"relics_obtained":[{"floor":1,"key":"MagicDraw1"},{"floor":1,"key":"Oddly Smooth Stone"}],"event_choices":[],"is_beta":false,"boss_relics":[],"items_purged_floors":[2],"is_endless":false,"potions_floor_spawned":[1],"killed_by":"Gensokyo:Mamizou","ascension_level":20}}