{"host":"p4yrwepmrl4g8pul","time":1609841075,"event":{"mods":["Act Like it!","BaseMod","BetterRewards","Colored Map","Custom Start","Gensokyo","Marisa£®ÏF”Í°°ƒß¿Ì…≥£©","Minty Spire (QoL Compilation)","Quick Restart","Rare Cards Sparkle","Reimu£®≤©¿ˆ¡È√Œ£©","Remilia£®¿Ÿ√◊¿Ú—«£©","Remove Card Discount Mod","Shop Mod","StSLib","The Jungle"],"gold_per_floor":[119,119,138,138,35,35,35,35,60,95,111,111,111,136,136,214,214,227,124,84,84,84,95,124,134,134,134,134,134],"floor_reached":28,"playtime":696,"items_purged":["HunterOfTheNight","Clumsy","Strike_RM","Strike_RM","Strike_RM","Strike_RM","HunterOfTheNight","HunterOfTheNight","Defend_RM","HunterOfTheNight","Defend_RM","Defend_RM"],"score":434,"play_id":"f6581d02-613e-4722-8caf-21be7e9b7c7b","local_time":"20210105180435","daily_mods":["Specialized","Diverse","Lethality"],"is_ascension_mode":true,"campfire_choices":[{"data":"RedMoon","floor":6.0,"key":"SMITH"},{"data":"Pommel Strike","floor":12.0,"key":"SMITH"},{"data":"Ghostly Armor","floor":15.0,"key":"SMITH"},{"data":"Gensokyo:LochNessMonster","floor":27,"key":"SMITH"}],"circlet_count":0,"master_deck":["AscendersBane","Defend_RM","RedMoon+1","ScarletShoot+1","HunterOfTheNight+1","NightLord+1","Ghostly Armor+1","Pommel Strike+1","Limit Break","Armaments+1","Gensokyo:LochNessMonster+1","StarBarrage+1"],"relics":["ScarletHat","Gensokyo:NagashiBinaDoll","Strawberry","Whetstone","Strawberry","Pen Nib","MerchantsRug","InkBottle","Singing Bowl","Frozen Eye"],"acts_visited":["Gensokyo:Gensokyo","Gensokyo:Gensokyoer"],"potions_floor_usage":[25,25],"damage_taken":[{"damage":0.0,"enemies":"Gensokyo:Python","floor":1.0,"turns":2.0},{"damage":0.0,"enemies":"Gensokyo:Gryphon","floor":3.0,"turns":2.0},{"damage":3.0,"enemies":"Gensokyo:Mamizou","floor":10.0,"turns":8.0},{"damage":0.0,"enemies":"Gensokyo:2_Kodama","floor":11.0,"turns":1.0},{"damage":11.0,"enemies":"Gensokyo:Reimu","floor":16.0,"turns":5.0},{"damage":0.0,"enemies":"Gensokyo:AngelMirror","floor":18.0,"turns":3.0},{"damage":0.0,"enemies":"Gensokyo:Chomper","floor":23.0,"turns":2.0},{"damage":47.0,"enemies":"Gensokyo:Tenshi","floor":24.0,"turns":4.0},{"damage":0,"enemies":"Gensokyo:Swordslinger","floor":25,"turns":2},{"damage":43,"enemies":"Gensokyo:Koishi","floor":28,"turns":4}],"seed_played":"4465933543784548539","potions_obtained":[{"floor":1.0,"key":"ColorlessPotion"},{"floor":16.0,"key":"Strength Potion"},{"floor":23.0,"key":"FearPotion"},{"floor":24.0,"key":"GrandPatriotsElixir:ReiMu"}],"is_trial":true,"path_per_floor":["M","?","M","?","$","R","?","?","T","E","M","R","$","T","R","B",null,"M","$","?","$","?","M","E","M","T","R","E"],"character_chosen":"REMILIA","items_purchased":["Ghostly Armor","MerchantsRug","Armaments"],"campfire_rested":0,"item_purchase_floors":[5,19,19],"current_hp_per_floor":[63,63,66,59,59,59,77,77,77,84,84,84,84,84,84,74,82,82,82,82,82,74,74,33,33,33,33,0,0],"gold":134,"neow_bonus":"","is_daily":false,"chose_seed":false,"campfire_upgraded":4,"win_rate":0.0,"timestamp":1609841075,"path_taken":["M","?","M","?","$","R","?","?","T","E","M","R","$","?","R","BOSS","M","$","?","$","?","?","E","?","T","R","E"],"items_purchased_type":["Card","Relic","Card"],"build_version":"2020-12-22","purchased_purges":12,"victory":false,"max_hp_per_floor":[70,70,70,77,77,77,77,77,77,84,84,84,84,84,84,84,84,84,84,84,84,74,74,74,74,74,74,74,74],"card_choices":[{"not_picked":["Bloodletting","Hologram"],"picked":"NightLord","floor":1.0},{"not_picked":["SubcavityInstant:ReiMu","DC","Steam"],"picked":"SKIP","floor":3.0},{"not_picked":["DC","PulseMagic"],"picked":"Pommel Strike","floor":10.0},{"not_picked":["EmergencyTakeOff:ReiMu","Dropkick","Intuition:ReiMu"],"picked":"SKIP","floor":11.0},{"not_picked":["Reaper","Establishment"],"picked":"Limit Break","floor":16.0},{"not_picked":["Stigmanizer","ScarletImprint","PropBag"],"picked":"SKIP","floor":18.0},{"not_picked":["Gensokyo:ManorOfTheDishes","Gensokyo:Kunekune"],"picked":"Gensokyo:LochNessMonster","floor":22.0},{"not_picked":["Darkness","LuminesStrike+1"],"picked":"StarBarrage+1","floor":23.0},{"not_picked":["FantasyMoon:ReiMu","GravityBeat","WaveOfTheHand"],"picked":"SKIP","floor":24.0},{"not_picked":["Rebound","PiercingWail","SpiritShield"],"picked":"SKIP","floor":25}],"player_experience":779356,"relics_obtained":[{"floor":9.0,"key":"Whetstone"},{"floor":10.0,"key":"Strawberry"},{"floor":14.0,"key":"Pen Nib"},{"floor":24.0,"key":"InkBottle"},{"floor":26,"key":"Singing Bowl"}],"event_choices":[],"is_beta":false,"boss_relics":[{"not_picked":["SlaversCollar","Empty Cage"],"picked":"APieceOfRedMist"}],"items_purged_floors":[5,5,5,5,5,5,5,5,5,5,5,19],"is_endless":false,"potions_floor_spawned":[1,16,23,24],"killed_by":"Gensokyo:Koishi","ascension_level":20}}