{"host":"mi1ox2k6wy3juh8w","time":1609890428,"event":{"mods":["AchievementEnabler","BaseMod","Colored Map","GifTheSpireLib","Minty Spire (QoL Compilation)","StSLib","SuperFastMode"],"gold_per_floor":[112,112,287,212,162,187,87,116,116,126,1,14,14,25,25,120,120,133,150,64,82,82,82,82,82,82,95,114,214,249,268,268,372,372,386,386,386,404,254,280,280,310,365,365,233,233,233,244,244,244,244],"floor_reached":50,"playtime":1332,"items_purged":["Doubt","Defend_P","Strike_P","PathToVictory","SpiritShield"],"score":927,"play_id":"e6f7e929-bcba-46e5-9865-f93855254398","local_time":"20210106084708","is_ascension_mode":true,"campfire_choices":[{"data":"Eruption","floor":13.0,"key":"SMITH"},{"floor":15.0,"key":"REST"},{"floor":23.0,"key":"REST"},{"floor":25.0,"key":"REST"},{"floor":32.0,"key":"REST"},{"floor":41.0,"key":"RECALL"},{"floor":49.0,"key":"REST"}],"circlet_count":0,"master_deck":["AscendersBane","Eruption+1","InnerPeace","CrushJoints","Swivel","Vault","Flash of Steel","Necronomicurse","SandsOfTime+1","ThirdEye","Collect","TalkToTheHand","Vault","MentalFortress","Madness","Madness"],"relics":["PureWater","NeowsBlessing","Dream Catcher","TeardropLocket","Fusion Hammer","MutagenicStrength","Necronomicon","White Beast Statue","Strawberry","Pandora\u0027s Box","MealTicket","FossilizedHelix","Smiling Mask","Du-Vu Doll"],"acts_visited":["Exordium","TheCity","TheBeyond"],"potions_floor_usage":[50,50],"damage_taken":[{"damage":0.0,"enemies":"Cultist","floor":1.0,"turns":1.0},{"damage":0.0,"enemies":"Gremlin Nob","floor":6.0,"turns":1.0},{"damage":0.0,"enemies":"Lagavulin","floor":8.0,"turns":1.0},{"damage":0.0,"enemies":"2 Louse","floor":10.0,"turns":2.0},{"damage":4.0,"enemies":"Jaw Worm","floor":12.0,"turns":3.0},{"damage":8.0,"enemies":"Blue Slaver","floor":14.0,"turns":3.0},{"damage":52.0,"enemies":"The Guardian","floor":16.0,"turns":8.0},{"damage":3.0,"enemies":"2 Thieves","floor":18.0,"turns":3.0},{"damage":16.0,"enemies":"3 Byrds","floor":19.0,"turns":7.0},{"damage":5.0,"enemies":"Shelled Parasite and Fungi","floor":21.0,"turns":4.0},{"damage":0.0,"enemies":"Snecko","floor":27.0,"turns":2.0},{"damage":0.0,"enemies":"Sentry and Sphere","floor":28.0,"turns":2.0},{"damage":17.0,"enemies":"Book of Stabbing","floor":30.0,"turns":4.0},{"damage":24.0,"enemies":"Snake Plant","floor":31.0,"turns":3.0},{"damage":32.0,"enemies":"Automaton","floor":33.0,"turns":4.0},{"damage":20.0,"enemies":"3 Shapes","floor":35.0,"turns":5.0},{"damage":0.0,"enemies":"Orb Walker","floor":38.0,"turns":2.0},{"damage":11.0,"enemies":"Reptomancer","floor":40.0,"turns":3.0},{"damage":0.0,"enemies":"Nemesis","floor":42.0,"turns":3.0},{"damage":9.0,"enemies":"3 Darklings","floor":48.0,"turns":4.0},{"damage":80,"enemies":"Awakened One","floor":50,"turns":9}],"seed_played":"7832114679250829795","potions_obtained":[{"floor":1.0,"key":"Strength Potion"},{"floor":10.0,"key":"DistilledChaos"},{"floor":14.0,"key":"Dexterity Potion"},{"floor":19.0,"key":"Energy Potion"},{"floor":27.0,"key":"Swift Potion"},{"floor":33.0,"key":"Dexterity Potion"},{"floor":35.0,"key":"Regen Potion"},{"floor":38.0,"key":"DuplicationPotion"},{"floor":42.0,"key":"ColorlessPotion"}],"is_trial":false,"path_per_floor":["M","$","?","$","?","E","$","E","T","M","$","M","R","M","R","B",null,"M","M","$","M","?","R","?","R","T","M","M","?","E","M","R","B",null,"M","?","?","M","$","E","R","E","T","?","$","?","T","M","R","B"],"character_chosen":"WATCHER","items_purchased":["Flash of Steel","MentalFortress"],"campfire_rested":5,"item_purchase_floors":[20,45],"current_hp_per_floor":[65,65,65,65,65,65,65,65,65,65,65,61,61,53,72,20,59,56,40,40,35,35,56,40,61,61,61,61,61,51,27,50,18,64,44,44,44,44,44,33,33,33,33,33,48,38,38,29,52,0,0],"gold":244,"neow_bonus":"THREE_ENEMY_KILL","is_daily":false,"chose_seed":false,"campfire_upgraded":1,"win_rate":0.0,"timestamp":1609890428,"path_taken":["M","?","?","$","?","E","$","E","T","M","?","?","R","M","R","BOSS","M","M","$","M","?","R","?","R","T","M","M","?","E","?","R","BOSS","M","?","?","M","$","E","R","E","T","?","?","?","?","M","R","BOSS"],"items_purchased_type":["Card","Card"],"build_version":"2020-12-22","purchased_purges":5,"victory":false,"max_hp_per_floor":[72,72,72,72,72,72,72,72,72,72,72,72,72,72,72,72,72,72,72,72,72,72,72,72,72,72,72,72,72,79,79,79,79,79,79,79,79,79,79,79,79,79,79,79,79,79,79,79,79,79,79],"card_choices":[{"not_picked":["Meditate","FlurryOfBlows"],"picked":"InnerPeace","floor":1.0},{"not_picked":["FlurryOfBlows","ThirdEye"],"picked":"CrushJoints","floor":6.0},{"not_picked":["WaveOfTheHand","Crescendo","Pray"],"picked":"SKIP","floor":8.0},{"not_picked":["Study","Crescendo","FollowUp"],"picked":"SKIP","floor":10.0},{"not_picked":["EmptyFist","SignatureMove"],"picked":"Swivel","floor":12.0},{"not_picked":["FlyingSleeves","WaveOfTheHand","EmptyFist"],"picked":"SKIP","floor":14.0},{"not_picked":["Judgement","DevaForm"],"picked":"Vault","floor":16.0},{"not_picked":["CrushJoints","SashWhip","Prostrate"],"picked":"SKIP","floor":18.0},{"not_picked":["Crescendo","ThirdEye","EmptyBody"],"picked":"SKIP","floor":19.0},{"not_picked":["SignatureMove+1","JustLucky","Collect+1"],"picked":"SKIP","floor":21.0},{"not_picked":["FollowUp","CutThroughFate"],"picked":"SandsOfTime+1","floor":25.0},{"not_picked":["ClearTheMind","Halt+1","Prostrate"],"picked":"SKIP","floor":27.0},{"not_picked":["SpiritShield","WaveOfTheHand","Conclude"],"picked":"SKIP","floor":28.0},{"not_picked":["EmptyFist+1","Collect+1","EmptyMind"],"picked":"SKIP","floor":30.0},{"not_picked":["FollowUp","Nirvana","Vengeance"],"picked":"SKIP","floor":31.0},{"not_picked":["EmptyFist+1","Consecrate+1","TalkToTheHand"],"picked":"SKIP","floor":35.0},{"not_picked":["FollowUp+1","Worship+1","ClearTheMind+1"],"picked":"SKIP","floor":38.0},{"not_picked":["WreathOfFlame","MasterReality","SashWhip"],"picked":"SKIP","floor":40.0},{"not_picked":["EmptyBody+1","Halt+1"],"picked":"Vault","floor":42.0},{"not_picked":["FlurryOfBlows+1","Consecrate","Halt+1"],"picked":"SKIP","floor":48.0}],"player_experience":246925,"relics_obtained":[{"floor":6.0,"key":"Dream Catcher"},{"floor":8.0,"key":"TeardropLocket"},{"floor":24.0,"key":"Necronomicon"},{"floor":26.0,"key":"White Beast Statue"},{"floor":30.0,"key":"Strawberry"},{"floor":40.0,"key":"MealTicket"},{"floor":42.0,"key":"FossilizedHelix"},{"floor":43.0,"key":"Smiling Mask"},{"floor":47.0,"key":"Du-Vu Doll"}],"event_choices":[{"damage_healed":0.0,"max_hp_gain":0.0,"max_hp_loss":0.0,"gold_gain":175.0,"event_name":"Liars Game","player_choice":"AGREE","floor":3.0,"gold_loss":0.0,"damage_taken":0.0,"cards_obtained":["Doubt"]},{"cards_removed":["Strike_P"],"damage_healed":0.0,"max_hp_gain":0.0,"max_hp_loss":0.0,"gold_gain":0.0,"event_name":"The Cleric","player_choice":"Card Removal","floor":5.0,"gold_loss":50.0,"damage_taken":0.0},{"damage_healed":0.0,"max_hp_gain":0.0,"max_hp_loss":0.0,"gold_gain":0.0,"event_name":"Drug Dealer","player_choice":"Inject Mutagens","floor":22.0,"gold_loss":0.0,"damage_taken":0.0,"relics_obtained":["MutagenicStrength"]},{"damage_healed":0.0,"max_hp_gain":0.0,"max_hp_loss":0.0,"gold_gain":0.0,"event_name":"Cursed Tome","player_choice":"Obtained Book","floor":24.0,"gold_loss":0.0,"damage_taken":16.0},{"damage_healed":0.0,"max_hp_gain":0.0,"max_hp_loss":0.0,"gold_gain":100.0,"event_name":"Golden Shrine","player_choice":"Pray","floor":29.0,"gold_loss":0.0,"damage_taken":0.0},{"damage_healed":0.0,"max_hp_gain":0.0,"max_hp_loss":0.0,"gold_gain":0.0,"event_name":"Tomb of Lord Red Mask","player_choice":"Ignored","floor":36.0,"gold_loss":0.0,"damage_taken":0.0},{"cards_removed":["Vigilance"],"damage_healed":0.0,"max_hp_gain":0.0,"max_hp_loss":0.0,"gold_gain":0.0,"event_name":"Falling","player_choice":"Removed Skill","floor":37.0,"gold_loss":0.0,"damage_taken":0.0},{"damage_healed":0.0,"max_hp_gain":0.0,"max_hp_loss":0.0,"gold_gain":0.0,"event_name":"The Moai Head","player_choice":"Ignored","floor":44.0,"gold_loss":0.0,"damage_taken":0.0},{"damage_healed":0.0,"max_hp_gain":0.0,"max_hp_loss":0.0,"gold_gain":0.0,"event_name":"Winding Halls","player_choice":"Embrace Madness","floor":46.0,"gold_loss":0.0,"damage_taken":10.0,"cards_obtained":["Madness","Madness"]}],"is_beta":false,"boss_relics":[{"not_picked":["Ectoplasm","Velvet Choker"],"picked":"Fusion Hammer"},{"not_picked":["Runic Dome","Coffee Dripper"],"picked":"Pandora\u0027s Box"}],"items_purged_floors":[4,7,11,39,45],"is_endless":false,"potions_floor_spawned":[1,10,14,19,27,28,30,31,33,35,38,40,42,48],"killed_by":"Awakened One","ascension_level":10}}