{"host":"w029btg0lk3znwbc","time":1609878711,"event":{"mods":["AchievementEnabler","Act Like it!","BaseMod","Colored Map","Colored Powertips","Downfall","Gensokyo","Hallownest","Hermit","Infinite Spire","Marisa????????","Minty Spire (QoL Compilation)","Remilia??????","Replay The Spire","StSLib","The Animator","The Jungle","The Servant 0.9.4"],"gold_per_floor":[117,217,232,251,271,271,84,100,100,163,163,182,200,211,211,315,315,326,336,41,54,73,73,73],"floor_reached":23,"playtime":2778,"items_purged":[],"score":189,"play_id":"4e3db353-16be-4864-8a9d-c9e9d0e8745c","local_time":"20210105213151","is_ascension_mode":false,"campfire_choices":[{"floor":6,"key":"RECALL"},{"data":"Whirlwind","floor":11,"key":"SMITH"},{"data":"Replay:Dark Deal","floor":15,"key":"SMITH"}],"circlet_count":0,"master_deck":["Strike_R","Strike_R","Strike_R","Strike_R","Strike_R","Defend_R","Defend_R","Defend_R","Defend_R","Bash","Carnage","Ghostly Armor","Replay:Dark Deal+1","Whirlwind+1","Infernal Blade","Cleave","Flex","Hemogenesis","infinitespire:OneForAll","Rage+1","Dual Wield","Thunderclap+1"],"relics":["Burning Blood","infinitespire:Eraser","Replay:Fungal Core","infinitespire:Bottled Soul"],"acts_visited":["Exordium","TheCity"],"potions_floor_usage":[23,23],"damage_taken":[{"damage":0.0,"enemies":"2 Louse","floor":1.0,"turns":4.0},{"damage":0.0,"enemies":"Cultist","floor":3.0,"turns":3.0},{"damage":1,"enemies":"Jaw Worm","floor":4,"turns":4},{"damage":3,"enemies":"Large Slime","floor":5,"turns":6},{"damage":12,"enemies":"Lots of Slimes","floor":8,"turns":9},{"damage":0,"enemies":"Looter","floor":12,"turns":4},{"damage":8,"enemies":"Large Slime","floor":13,"turns":4},{"damage":5,"enemies":"3 Louse","floor":14,"turns":4},{"damage":22,"enemies":"The Guardian","floor":16,"turns":13},{"damage":0,"enemies":"2 Thieves","floor":18,"turns":1},{"damage":24,"enemies":"Spheric Guardian","floor":19,"turns":5},{"damage":27,"enemies":"Snake Plant","floor":21,"turns":6},{"damage":24,"enemies":"Sentry and Sphere","floor":22,"turns":5},{"damage":37,"enemies":"Book of Stabbing","floor":23,"turns":6}],"seed_played":"-1049150860905868640","potions_obtained":[{"floor":4,"key":"Fire Potion"},{"floor":8,"key":"SteroidPotion"},{"floor":12,"key":"Guardian:BlockOnCardUsePotion"},{"floor":21,"key":"LifebloodPotion"}],"is_trial":false,"path_per_floor":["M","?","M","M","M","R","$","M","T","?","R","M","M","M","R_BF","B",null,"M","M","$","M","M","E"],"character_chosen":"IRONCLAD","items_purchased":["Replay:Dark Deal","Dual Wield","infinitespire:Bottled Soul"],"campfire_rested":0,"item_purchase_floors":[7,20,20],"current_hp_per_floor":[88,88,88,88,88,88,88,82,82,82,82,88,86,87,87,71,88,88,70,70,54,36,0,0],"gold":73,"neow_bonus":"TEN_PERCENT_HP_BONUS","is_daily":false,"chose_seed":false,"campfire_upgraded":2,"win_rate":0.0,"timestamp":1609878711,"path_taken":["M","?","M","M","M","R","$","M","T","?","R","M","M","M","R_BF","BOSS","M","M","$","M","M","E"],"items_purchased_type":["Card","Card","Relic"],"build_version":"2020-12-22","purchased_purges":0,"victory":false,"max_hp_per_floor":[88,88,88,88,88,88,88,88,88,88,88,88,88,88,88,88,88,88,88,88,88,88,88,88],"card_choices":[{"not_picked":["Intimidate","Sword Boomerang"],"picked":"Carnage","floor":1.0},{"not_picked":["Rupture","ReplayTheSpireMod:LeadingStrike"],"picked":"Ghostly Armor","floor":3},{"not_picked":["Iron Wave","Sword Boomerang","Shrug It Off"],"picked":"SKIP","floor":4},{"not_picked":["Defy Death","Headbutt","Flex"],"picked":"SKIP","floor":5},{"not_picked":["Rage","Sword Boomerang"],"picked":"Whirlwind","floor":8},{"not_picked":["Abandon","Armaments"],"picked":"Infernal Blade","floor":12},{"not_picked":["Ghostly Armor","Shrug It Off"],"picked":"Cleave","floor":13},{"not_picked":["Run Through","Shrug It Off"],"picked":"Flex","floor":14},{"not_picked":["Bludgeon","Feed"],"picked":"Hemogenesis","floor":16},{"not_picked":["Rupture","ReplayTheSpireMod:Stacked"],"picked":"infinitespire:OneForAll","floor":18},{"not_picked":["Iron Wave","Power Through"],"picked":"Rage+1","floor":19},{"not_picked":["True Grit+1","Run Through"],"picked":"Thunderclap+1","floor":21},{"not_picked":["Twin Strike","Perfected Strike","Rampage"],"picked":"SKIP","floor":22}],"player_experience":766,"relics_obtained":[{"floor":9,"key":"infinitespire:Eraser"}],"event_choices":[{"damage_healed":0.0,"max_hp_gain":0.0,"max_hp_loss":0.0,"gold_gain":100.0,"event_name":"Golden Shrine","player_choice":"Pray","floor":2.0,"gold_loss":0.0,"damage_taken":0.0},{"damage_healed":0,"gold_gain":63,"player_choice":"Gained Gold","damage_taken":0,"max_hp_gain":0,"max_hp_loss":0,"event_name":"Golden Wing","floor":10,"gold_loss":0}],"is_beta":false,"boss_relics":[{"not_picked":["Black Blood","Ectoplasm"],"picked":"Replay:Fungal Core"}],"items_purged_floors":[],"is_endless":false,"potions_floor_spawned":[4,8,12,13,14,21,22],"killed_by":"Book of Stabbing","ascension_level":0}}