{"host":"1u4zr9vl8my47i07","time":1609815281,"event":{"mods":["AchievementEnabler","BaseMod","DeckTracker","Highlight Path","Keyboard Shortcuts","Minty Spire (QoL Compilation)","Relic Stats","StSLib","SuperFastMode","The Animator","Uncapped","Waifu the Spire","everything is the same but u backflip on backflip"],"gold_per_floor":[118,131,148,158,158,158,229,229,229,229,240,240,240,283,283,393,393,415,13,31,130,130,130,110,141,167,186,207,228,248,107,107,218,218,237,105,128,128,144,186,186,195,218,29,49,49,66,89,89,89],"floor_reached":51,"playtime":2973,"items_purged":["Strike_G","Strike_G","Defend_G"],"score":1121,"play_id":"25aa1499-6dce-4653-9aca-7579ec25047f","local_time":"20210105115441","is_ascension_mode":true,"campfire_choices":[{"data":"Bouncing Flask","floor":6.0,"key":"SMITH"},{"data":"Dodge and Roll","floor":8.0,"key":"SMITH"},{"data":"Neutralize","floor":10.0,"key":"SMITH"},{"data":"Blade Dance","floor":15.0,"key":"SMITH"},{"data":"After Image","floor":23.0,"key":"SMITH"},{"data":"Cloak And Dagger","floor":32.0,"key":"SMITH"},{"data":"Cloak And Dagger","floor":41.0,"key":"SMITH"},{"data":"Accuracy","floor":46.0,"key":"SMITH"},{"data":"Well Laid Plans","floor":49.0,"key":"SMITH"}],"circlet_count":0,"master_deck":["AscendersBane","Defend_G","Defend_G","Defend_G","Survivor","Neutralize+1","Dodge and Roll+1","Quick Slash","Blade Dance+1","Bouncing Flask+1","Bullet Time","Escape Plan","After Image+1","PiercingWail","Well Laid Plans+1","Choke","Heel Hook","Cloak And Dagger+1","Cloak And Dagger+1","Backflip","Deadly Poison","Cloak And Dagger+1","Corpse Explosion","Deadly Poison+1","Cloak And Dagger+1","Blur","Crippling Poison+1","Cloak And Dagger+1","After Image+1","Accuracy+1","Accuracy+1"],"relics":["Ring of the Snake","Thread and Needle","Matryoshka","Bronze Scales","Question Card","Happy Flower","CeramicFish","Kunai","WristBlade","Mummified Hand","Gremlin Horn","MealTicket","Empty Cage","Orrery","Letter Opener","Boot"],"acts_visited":["Exordium","TheCity","TheBeyond"],"potions_floor_usage":[50,50],"damage_taken":[{"damage":0.0,"enemies":"Cultist","floor":1.0,"turns":5.0},{"damage":0.0,"enemies":"Jaw Worm","floor":2.0,"turns":6.0},{"damage":0.0,"enemies":"Small Slimes","floor":3.0,"turns":3.0},{"damage":0.0,"enemies":"Blue Slaver","floor":4.0,"turns":5.0},{"damage":9.0,"enemies":"Exordium Thugs","floor":11.0,"turns":4.0},{"damage":15.0,"enemies":"3 Sentries","floor":14.0,"turns":9.0},{"damage":13.0,"enemies":"Slime Boss","floor":16.0,"turns":9.0},{"damage":3.0,"enemies":"Shell Parasite","floor":18.0,"turns":4.0},{"damage":2.0,"enemies":"Book of Stabbing","floor":25.0,"turns":5.0},{"damage":0.0,"enemies":"Spheric Guardian","floor":27.0,"turns":4.0},{"damage":0.0,"enemies":"Chosen and Byrds","floor":28.0,"turns":5.0},{"damage":0.0,"enemies":"Snecko","floor":29.0,"turns":4.0},{"damage":0.0,"enemies":"3 Cultists","floor":30.0,"turns":5.0},{"damage":0.0,"enemies":"Collector","floor":33.0,"turns":9.0},{"damage":0.0,"enemies":"3 Darklings","floor":35.0,"turns":6.0},{"damage":0.0,"enemies":"Orb Walker","floor":37.0,"turns":4.0},{"damage":21.0,"enemies":"Jaw Worm Horde","floor":39.0,"turns":3.0},{"damage":13.0,"enemies":"Reptomancer","floor":40.0,"turns":7.0},{"damage":0.0,"enemies":"Transient","floor":45.0,"turns":5.0},{"damage":0.0,"enemies":"Maw","floor":47.0,"turns":5.0},{"damage":0.0,"enemies":"3 Darklings","floor":48.0,"turns":3.0},{"damage":7,"enemies":"Time Eater","floor":50,"turns":11}],"seed_played":"7553623845583856649","potions_obtained":[{"floor":2.0,"key":"Poison Potion"},{"floor":4.0,"key":"BlessingOfTheForge"},{"floor":16.0,"key":"DistilledChaos"},{"floor":24.0,"key":"Explosive Potion"},{"floor":27.0,"key":"Block Potion"},{"floor":30.0,"key":"Dexterity Potion"},{"floor":35.0,"key":"Weak Potion"},{"floor":39.0,"key":"Ancient Potion"}],"is_trial":false,"path_per_floor":["M","M","M","M","?","R","T","R","T","R","M","?","T","E","R","B",null,"M","$","?","?","?","R","?","E","T","M","M","M","M","$","R","B",null,"M","$","M","?","M","E","R","?","T","$","M","R","M","M","R","B",null],"character_chosen":"THE_SILENT","items_purchased":["Mummified Hand","Well Laid Plans","Cloak And Dagger","Orrery","Accuracy"],"campfire_rested":0,"item_purchase_floors":[19,19,31,36,44],"current_hp_per_floor":[45,45,45,45,68,68,68,68,68,68,59,59,59,44,44,31,60,57,57,57,57,44,44,44,42,42,42,42,42,42,57,57,57,71,71,75,75,75,54,41,41,41,41,56,56,56,56,56,56,49],"gold":89,"neow_bonus":"ONE_RARE_RELIC","is_daily":false,"chose_seed":false,"campfire_upgraded":9,"win_rate":0.0,"timestamp":1609815281,"path_taken":["M","M","M","?","?","R","?","R","T","R","?","?","?","E","R","BOSS","M","$","?","?","?","R","?","E","T","M","M","?","M","$","R","BOSS","M","$","M","?","?","E","R","?","T","$","M","R","?","M","R","BOSS"],"items_purchased_type":["Relic","Card","Card","Relic","Card"],"build_version":"2020-12-22","purchased_purges":3,"victory":true,"max_hp_per_floor":[70,70,70,70,70,70,70,70,70,70,70,70,70,70,70,70,70,70,70,70,70,75,75,75,75,75,75,75,75,75,75,75,75,75,75,75,75,75,75,75,75,75,75,75,75,75,75,75,75,75],"relic_stats":{"Happy Flower":[32],"Gremlin Horn":[14,15],"counters":[22,121],"CeramicFish":180,"Letter Opener":[80],"Question Card":22,"Boot":[4],"Mummified Hand":[38],"Bronze Scales":[306],"MealTicket":34,"Kunai":[55],"obtain_stats":[{"Happy Flower":13,"Gremlin Horn":25,"CeramicFish":13,"Thread and Needle":0,"Letter Opener":40,"Question Card":9,"Empty Cage":34,"Boot":43,"Matryoshka":7,"WristBlade":17,"Mummified Hand":19,"Bronze Scales":9,"Orrery":36,"MealTicket":26,"Kunai":14,"Ring of the Snake":0},{"Happy Flower":5,"Gremlin Horn":9,"CeramicFish":5,"Thread and Needle":0,"Letter Opener":18,"Question Card":4,"Empty Cage":14,"Boot":18,"Matryoshka":4,"WristBlade":7,"Mummified Hand":8,"Bronze Scales":4,"Orrery":15,"MealTicket":9,"Kunai":6,"Ring of the Snake":0},{"Happy Flower":23,"Gremlin Horn":50,"CeramicFish":23,"Thread and Needle":0,"Letter Opener":97,"Question Card":19,"Empty Cage":77,"Boot":97,"Matryoshka":19,"WristBlade":41,"Mummified Hand":45,"Bronze Scales":19,"Orrery":83,"MealTicket":50,"Kunai":32,"Ring of the Snake":0}],"Ring of the Snake":[44]},"card_choices":[{"not_picked":["Underhanded Strike","Acrobatics"],"picked":"Dodge and Roll","floor":1.0},{"not_picked":["Dodge and Roll","Bane"],"picked":"Quick Slash","floor":2.0},{"not_picked":["All Out Attack","Escape Plan"],"picked":"Blade Dance","floor":3.0},{"not_picked":["Quick Slash","Prepared"],"picked":"Bouncing Flask","floor":4.0},{"not_picked":["Skewer","Riddle With Holes","Outmaneuver"],"picked":"Bullet Time","floor":11.0},{"not_picked":["Flying Knee","Glass Knife","Prepared"],"picked":"Escape Plan","floor":14.0},{"not_picked":["Storm of Steel","Bullet Time","Die Die Die"],"picked":"After Image","floor":16.0},{"not_picked":["Finisher+1","Dagger Throw","Prepared"],"picked":"PiercingWail","floor":18.0},{"not_picked":["Skewer","Endless Agony","Expertise","Dash"],"picked":"SKIP","floor":25.0},{"not_picked":["Dodge and Roll","Underhanded Strike","Dagger Spray"],"picked":"Cloak And Dagger","floor":27.0},{"not_picked":["Backflip","Acrobatics+1","PiercingWail+1"],"picked":"Cloak And Dagger+1","floor":28.0},{"not_picked":["Masterful Stab+1","Prepared","Glass Knife"],"picked":"Backflip","floor":29.0},{"not_picked":["Prepared","Concentrate","Dagger Spray+1"],"picked":"Deadly Poison","floor":30.0},{"not_picked":["Night Terror","Bullet Time","Storm of Steel"],"picked":"Corpse Explosion","floor":33.0},{"not_picked":["Outmaneuver+1","Poisoned Stab+1","Predator+1"],"picked":"Deadly Poison+1","floor":35.0},{"not_picked":["Sucker Punch","Bane+1","Deadly Poison+1"],"picked":"Cloak And Dagger+1","floor":36.0},{"not_picked":["Masterful Stab+1","Poisoned Stab+1","Slice+1"],"picked":"Blur","floor":36.0},{"not_picked":["Outmaneuver+1","Caltrops","Glass Knife"],"picked":"Crippling Poison","floor":37.0},{"not_picked":["Poisoned Stab+1","Predator+1","Flying Knee+1","Heel Hook"],"picked":"SKIP","floor":39.0},{"not_picked":["Dagger Spray","Sucker Punch","Predator"],"picked":"Cloak And Dagger+1","floor":40.0},{"not_picked":["Heel Hook","Dodge and Roll","Backstab","Predator"],"picked":"SKIP","floor":45.0},{"not_picked":["Riddle With Holes","Leg Sweep","Skewer+1","Quick Slash"],"picked":"SKIP","floor":47.0},{"not_picked":["Dagger Spray","Poisoned Stab","Skewer"],"picked":"Accuracy+1","floor":48.0}],"player_experience":282862,"relics_obtained":[{"floor":7.0,"key":"Matryoshka"},{"floor":9.0,"key":"Bronze Scales"},{"floor":9.0,"key":"Question Card"},{"floor":13.0,"key":"Happy Flower"},{"floor":13.0,"key":"CeramicFish"},{"floor":14.0,"key":"Kunai"},{"floor":25.0,"key":"Gremlin Horn"},{"floor":26.0,"key":"MealTicket"},{"floor":40.0,"key":"Letter Opener"},{"floor":43.0,"key":"Boot"}],"event_choices":[{"damage_healed":23.0,"max_hp_gain":0.0,"max_hp_loss":0.0,"gold_gain":0.0,"event_name":"Big Fish","player_choice":"Banana","floor":5.0,"gold_loss":0.0,"damage_taken":0.0},{"damage_healed":0.0,"max_hp_gain":0.0,"max_hp_loss":0.0,"gold_gain":0.0,"event_name":"Liars Game","player_choice":"Ignored","floor":12.0,"gold_loss":0.0,"damage_taken":0.0},{"damage_healed":0.0,"max_hp_gain":0.0,"max_hp_loss":0.0,"gold_gain":0.0,"cards_transformed":["Strike_G","Strike_G"],"event_name":"Drug Dealer","player_choice":"Became Test Subject","floor":20.0,"gold_loss":0.0,"damage_taken":0.0,"cards_obtained":["Choke","Heel Hook"]},{"damage_healed":0.0,"max_hp_gain":0.0,"max_hp_loss":0.0,"gold_gain":99.0,"event_name":"Nest","player_choice":"Stole From Cult","floor":21.0,"gold_loss":0.0,"damage_taken":0.0},{"damage_healed":0.0,"max_hp_gain":5.0,"max_hp_loss":0.0,"gold_gain":0.0,"event_name":"Forgotten Altar","player_choice":"Shed Blood","floor":22.0,"gold_loss":0.0,"damage_taken":18.0},{"damage_healed":0.0,"max_hp_gain":0.0,"max_hp_loss":0.0,"gold_gain":0.0,"event_name":"The Woman in Blue","player_choice":"Bought 1 Potion","floor":24.0,"gold_loss":0.0,"damage_taken":0.0},{"damage_healed":0.0,"max_hp_gain":0.0,"max_hp_loss":0.0,"gold_gain":0.0,"event_name":"Accursed Blacksmith","player_choice":"Forge","floor":38.0,"gold_loss":0.0,"damage_taken":0.0,"cards_upgraded":["Crippling Poison"]},{"damage_healed":0.0,"max_hp_gain":0.0,"max_hp_loss":0.0,"gold_gain":0.0,"event_name":"Duplicator","player_choice":"Copied","floor":42.0,"gold_loss":0.0,"damage_taken":0.0,"cards_obtained":["After Image"]}],"is_beta":false,"boss_relics":[{"not_picked":["Busted Crown","Pandora\u0027s Box"],"picked":"WristBlade"},{"not_picked":["Snecko Eye","Velvet Choker"],"picked":"Empty Cage"}],"items_purged_floors":[19,31,44],"is_endless":false,"potions_floor_spawned":[2,4,16,27,28,30,35,39],"ascension_level":10}}