{"host":"8z6cx8b9r5qs18cp","time":1609864343,"event":{"mods":["AchievementEnabler","Act Like it!","Bard","BaseMod","GifTheSpireLib","Googly Eyes","Hermit","Hubris","Infinite Spire","Marked Mod","Minty Spire (QoL Compilation)","Permanent Neow","Rare Cards Sparkle","Relic Stats","Replay The Spire","StSLib","Stuff the Spire","The Animator","The Bug Knight","The Cursed","The Servant 0.9.4"],"gold_per_floor":[117,129,143,153,153,186,186,318,399,399,424,437,56,81,81,181,181,201,48,48,62,81,81,81],"floor_reached":23,"playtime":1887,"items_purged":[],"score":222,"play_id":"2930cfc2-6972-4e7f-9f22-61b525b2718c","local_time":"20210105103223","is_ascension_mode":true,"campfire_choices":[{"data":"SilverBlades","floor":7,"key":"SMITH"},{"floor":10,"key":"REST"},{"floor":15,"key":"REST"},{"data":"BestPractice","floor":15,"key":"SMITH"}],"circlet_count":0,"master_deck":["Strike_S","Strike_S","Strike_S","Strike_S","Defend_S","Defend_S","Defend_S","Defend_S","KidneyShot","Exchange","Defy","Moonlight","SilverBlades+1","Misdirection","Spin","hubris:NaturalOne","Spin","Sabotage","BestPractice","Advance","ShatteredReality","hubris:Ssssneak","Duplication","Initiator","BestPractice+1","Embodiment","animator:Curse_Greed","animator:Curse_Nutcracker","CurseOfTheBell","Starlight","Ricochet","Misdirection+1"],"relics":["Uniform","Happy Flower","hubris:Icosahedron","Durian","Potion Belt","Pantograph","infinitespire:Magic Flask","BargainBundle","Odd Mushroom","Replay:Ancient Bell","Oddly Smooth Stone","StuffTheSpire:ForceGauntlet","TungstenRod","Dream Catcher"],"acts_visited":["Exordium","TheCity"],"potions_floor_usage":[6,14,16,22,23],"damage_taken":[{"damage":0,"enemies":"Cultist","floor":1,"turns":4},{"damage":0,"enemies":"Small Slimes","floor":2,"turns":3},{"damage":0,"enemies":"Jaw Worm","floor":3,"turns":2},{"damage":4,"enemies":"2 Fungi Beasts","floor":4,"turns":4},{"damage":15,"enemies":"HollowMod:MossKnight","floor":6,"turns":13},{"damage":19,"enemies":"Lagavulin","floor":8,"turns":8},{"damage":2,"enemies":"Replay:BlueRogue","floor":11,"turns":7},{"damage":2,"enemies":"Large Slime","floor":12,"turns":5},{"damage":1,"enemies":"The Mushroom Lair","floor":14,"turns":5},{"damage":30,"enemies":"The Guardian","floor":16,"turns":8},{"damage":0,"enemies":"3 Byrds","floor":18,"turns":6},{"damage":28,"enemies":"Centurion and Healer","floor":21,"turns":6},{"damage":12,"enemies":"Shelled Parasite and Fungi","floor":22,"turns":4},{"damage":21,"enemies":"Book of Stabbing","floor":23,"turns":3}],"seed_played":"523058709139470760","potions_obtained":[{"floor":3,"key":"Milkshake"},{"floor":4,"key":"Block Potion"},{"floor":11,"key":"Reflective Coating"},{"floor":14,"key":"infinitespire:BlackPotion"},{"floor":16,"key":"Swift Potion"},{"floor":21,"key":"SteroidPotion"},{"floor":22,"key":"LiquidBronze"}],"is_trial":false,"path_per_floor":["M","M","M","M","?","E","R","E","T","R","E","M","$","?","R","B",null,"M","$","?","M","M","E"],"character_chosen":"THE_SERVANT","items_purchased":["BestPractice","BargainBundle","Advance","ShatteredReality","hubris:Ssssneak","Energy Potion","Death Potion","SteroidPotion","Duplication","Initiator","Dream Catcher"],"campfire_rested":2,"item_purchase_floors":[13,13,13,13,13,13,13,13,13,13,19],"current_hp_per_floor":[65,65,65,61,61,51,51,32,32,53,51,49,49,48,69,40,70,70,70,58,30,18,0,0],"gold":81,"neow_bonus":"RANDOM_COMMON_RELIC","is_daily":false,"chose_seed":false,"campfire_upgraded":2,"win_rate":0.0,"timestamp":1609864343,"path_taken":["M","?","M","M","?","E","R","E","T","R","E","M","$","?","R","BOSS","M","$","?","M","M","E"],"items_purchased_type":["Card","Relic","Card","Card","Card","Potion","Potion","Potion","Card","Card","Relic"],"build_version":"2020-12-22","purchased_purges":0,"victory":false,"max_hp_per_floor":[65,65,65,65,65,70,70,70,70,70,70,70,70,70,70,70,70,70,70,75,75,75,75,75],"relic_stats":{"Dream Catcher":0,"Happy Flower":[26],"counters":[14,78],"Pantograph":1,"obtain_stats":[{"Potion Belt":8,"BargainBundle":13,"Happy Flower":0,"StuffTheSpire:ForceGauntlet":17,"Oddly Smooth Stone":17,"Uniform":0,"Replay:Ancient Bell":17,"infinitespire:Magic Flask":11,"Odd Mushroom":14,"Dream Catcher":19,"hubris:Icosahedron":5,"Pantograph":9,"Durian":6,"TungstenRod":17},{"Potion Belt":6,"BargainBundle":8,"Happy Flower":0,"StuffTheSpire:ForceGauntlet":10,"Oddly Smooth Stone":10,"Uniform":0,"Replay:Ancient Bell":10,"infinitespire:Magic Flask":7,"Odd Mushroom":9,"Dream Catcher":11,"hubris:Icosahedron":4,"Pantograph":6,"Durian":5,"TungstenRod":10},{"Potion Belt":34,"BargainBundle":46,"Happy Flower":0,"StuffTheSpire:ForceGauntlet":59,"Oddly Smooth Stone":59,"Uniform":0,"Replay:Ancient Bell":59,"infinitespire:Magic Flask":41,"Odd Mushroom":51,"Dream Catcher":65,"hubris:Icosahedron":13,"Pantograph":34,"Durian":26,"TungstenRod":59}],"TungstenRod":12},"card_choices":[{"not_picked":["BottledTime","Rewind"],"picked":"Defy","floor":1},{"not_picked":["InstantArmor","Shuttle"],"picked":"Moonlight","floor":2},{"not_picked":["DualDimension","Unruled","Shuttle"],"picked":"SKIP","floor":3},{"not_picked":["Defy","RealityMarble"],"picked":"SilverBlades","floor":4},{"not_picked":["Revamp","Read"],"picked":"Misdirection","floor":6},{"not_picked":["BottledTime","Rearm"],"picked":"Spin","floor":8},{"not_picked":["Manipulate","RealityMarble"],"picked":"Spin","floor":11},{"not_picked":["ShatteredReality","Foresight"],"picked":"Sabotage","floor":12},{"not_picked":["Ricochet","Comet"],"picked":"BestPractice","floor":14},{"not_picked":["Solidify","Deny"],"picked":"Embodiment","floor":16},{"not_picked":["hubris:Compulsion","Overencumbered"],"picked":"animator:Curse_Greed","floor":17},{"not_picked":["StuffTheSpire:GnomedCurse","hubris:Disease"],"picked":"animator:Curse_Nutcracker","floor":17},{"not_picked":["Hallucinations","Languid"],"picked":"CurseOfTheBell","floor":17},{"not_picked":["ShatteredReality+1","Replace"],"picked":"Starlight","floor":18},{"not_picked":["Potential+1","Alleviate"],"picked":"Ricochet","floor":21},{"not_picked":["WasteNot","ReturningBlade"],"picked":"Misdirection+1","floor":22}],"player_experience":214321,"relics_obtained":[{"floor":6,"key":"Durian"},{"floor":8,"key":"Potion Belt"},{"floor":9,"key":"Pantograph"},{"floor":11,"key":"infinitespire:Magic Flask"},{"floor":14,"key":"Odd Mushroom"}],"event_choices":[{"damage_healed":0,"gold_gain":0,"player_choice":"Fought Mushrooms","damage_taken":0,"max_hp_gain":0,"max_hp_loss":0,"event_name":"Mushrooms","floor":14,"gold_loss":0},{"damage_healed":0,"gold_gain":0,"player_choice":"Shed Blood","damage_taken":18,"max_hp_gain":5,"max_hp_loss":0,"event_name":"Forgotten Altar","floor":20,"gold_loss":0}],"is_beta":false,"boss_relics":[{"not_picked":["Fusion Hammer","Calling Bell"],"picked":"Replay:Ancient Bell"},{"not_picked":["Bag of Marbles","MealTicket"],"picked":"Oddly Smooth Stone"},{"not_picked":["HollowMod:StagPassRelic","HollowMod:LifeEnderRelic"],"picked":"StuffTheSpire:ForceGauntlet"},{"not_picked":["hubris:FunFungus","Pocketwatch"],"picked":"TungstenRod"}],"items_purged_floors":[],"is_endless":false,"potions_floor_spawned":[3,4,11,14,16,21,22],"killed_by":"Book of Stabbing","ascension_level":1}}