{"host":"g1wmg2w41xhsnw8g","time":1609827394,"event":{"mods":["100% Spire Juice","2.2 Compatiblity","Act Like it!","BaseMod","Better Altar","Better Match","Better Note","Better Sensory Stone","Better Skull","Better Third Choice","BetterRewards","Booster Modes","CapriCore","Colored Map","Colored Powertips","Curses Come First","Defuse TimeMaze Blight","Displayed Cursed Tome","Evolution","Friendly Minions","GifTheSpireLib","Googly Eyes","Hermit","Infinite Spire","Jedi Mod","JesterMod","Minty Spire (QoL Compilation)","Red Circlet Mod","Relic Sorter","SCP261 Mod","Shop Mod","Spicy Shops","StSLib","The Sage","Transform Curses","Wandering Minibosses","????"],"gold_per_floor":[114,79,79,91,84,105,105,129,129,129,129,158,169,9,9,105,105,116,228,243,97,97,118,118,140,164,164,173,173,185,344,49,156,156,181,190,201,63,63,63,92,119,145,14,25,37,346,385,385,385,385,385,27,70,70],"floor_reached":56,"playtime":3234,"items_purged":["Moonworks:Defend","Moonworks:Defend"],"score":1829,"play_id":"06639bfc-4e2a-49e0-b027-eaaf81ade89e","local_time":"20210105011632","is_ascension_mode":true,"campfire_choices":[{"data":"Moonworks:CloudOfSeagulls","floor":7,"key":"SMITH"},{"floor":15,"key":"REST"},{"data":"Moonworks:SakisCookie","floor":24,"key":"SMITH"},{"data":"Moonworks:CookingTime","floor":27,"key":"SMITH"},{"data":"infinitespire:Collect","floor":40,"key":"SMITH"},{"floor":49,"key":"RECALL"},{"data":"infinitespire:Oblivion","floor":52,"key":"SMITH"}],"circlet_count":0,"master_deck":["Moonworks:CloudOfSeagulls","Moonworks:Assault","Moonworks:CloudOfSeagulls+1","Moonworks:Strike","Moonworks:Defend","Moonworks:Defend","Moonworks:Ambush","Moonworks:LongDistanceShot","Moonworks:CookingTime+1","Moonworks:RagingMadness+1","Moonworks:IndiscriminateFireSupport","Moonworks:SakisCookie+1","Moonworks:StiffCrystal","Moonworks:FinalSurgery","Moonworks:TacticalRetreat+1","Moonworks:MiracleRedBeanIceCream","Moonworks:EvilSpyWorkPreparation","Moonworks:CrystalBarrier+1","Moonworks:BindingChains+1","infinitespire:Gouge","Moonworks:BackdoorTrade","Moonworks:AnotherUltimateWeapon+1","Moonworks:Flamethrower","infinitespire:Collect+1","Moonworks:DeployBits+1","infinitespire:Oblivion+1","Moonworks:CompletionReward+1","Moonworks:JonathanRush","Moonworks:Wanted"],"relics":["Moonworks:BrokenBomb","Moonworks:Homemark","EVO:Axolotl","Membership Card","Frozen Eye","MerchantsRug","Frozen Egg 2","Pantograph","Happy Flower","Pocketwatch","Meat on the Bone","sagemod:Singing_Vial","jedi:Pinwheel","infinitespire:ShieldingShard","Chemical X","Lantern","jesterMod:MirrorMask","SlaversCollar","Akabeko","sagemod:Red_Beast_Statue","Black Blood","infinitespire:WardingShard","Darkstone Periapt","jedi:shrinkray","CeramicFish","Philosopher\u0027s Stone","wanderingMiniBosses:MasterThiefsPresence","Blood Vial","Ice Cream","SacredBark","Pen Nib","Ancient Tea Set","Orichalcum","Bronze Scales","FossilizedHelix","Strange Spoon","Oddly Smooth Stone","infinitespire:FocusingShard"],"acts_visited":["Exordium","TheCity","TheBeyond","TheEnding"],"potions_floor_usage":[6,13,18,20,21,23,25,30,30,30,31,50,55,55,55],"damage_taken":[{"damage":13,"enemies":"Jaw Worm","floor":1,"turns":3},{"damage":1,"enemies":"Cultist","floor":4,"turns":3},{"damage":13,"enemies":"Small Slimes","floor":5,"turns":5},{"damage":28,"enemies":"Gremlin Nob","floor":6,"turns":4},{"damage":31,"enemies":"Lagavulin","floor":8,"turns":6},{"damage":14,"enemies":"Gremlin Nob","floor":12,"turns":3},{"damage":6,"enemies":"Exordium Wildlife","floor":13,"turns":4},{"damage":44,"enemies":"The Guardian","floor":16,"turns":8},{"damage":12,"enemies":"2 Thieves","floor":18,"turns":4},{"damage":0,"enemies":"Chosen","floor":20,"turns":3},{"damage":30,"enemies":"Book of Stabbing","floor":23,"turns":6},{"damage":8,"enemies":"Slavers","floor":25,"turns":4},{"damage":0,"enemies":"Centurion and Healer","floor":30,"turns":4},{"damage":15,"enemies":"Shelled Parasite and Fungi","floor":31,"turns":4},{"damage":0,"enemies":"Automaton","floor":33,"turns":6},{"damage":16,"enemies":"3 Shapes","floor":35,"turns":3},{"damage":0,"enemies":"Orb Walker","floor":37,"turns":3},{"damage":0,"enemies":"Reptomancer","floor":41,"turns":1},{"damage":0,"enemies":"Maw","floor":42,"turns":4},{"damage":8,"enemies":"3 Darklings","floor":45,"turns":2},{"damage":0,"enemies":"Jaw Worm Horde","floor":46,"turns":1},{"damage":0,"enemies":"Giant Head","floor":48,"turns":5},{"damage":0,"enemies":"Awakened One","floor":50,"turns":7},{"damage":0,"enemies":"Shield and Spear","floor":54,"turns":3},{"damage":2,"enemies":"The Heart","floor":55,"turns":8}],"seed_played":"-1775790791544709912","potions_obtained":[{"floor":5,"key":"Strength Potion"},{"floor":8,"key":"SpeedPotion"},{"floor":16,"key":"Fire Potion"},{"floor":18,"key":"AttackPotion"},{"floor":21,"key":"sagemod:Wine"},{"floor":21,"key":"Block Potion"},{"floor":21,"key":"infinitespire:BlackPotion"},{"floor":21,"key":"EssenceOfSteel"},{"floor":21,"key":"SCP261:SweetSwarmPotion"},{"floor":25,"key":"Swift Potion"},{"floor":29,"key":"SCP261:BlastolaColaPotion"},{"floor":29,"key":"PowerPotion"},{"floor":30,"key":"SCP261:ThunderBarPotion"},{"floor":42,"key":"LiquidBronze"},{"floor":46,"key":"Dexterity Potion"},{"floor":48,"key":"SCP261:ThunderBarPotion"},{"floor":54,"key":"SCP261:DewritoBlazePotion"}],"is_trial":false,"path_per_floor":["M","?","$","M","M","E","R","E","T","?","?","E","M","$","R","B",null,"M","?","M","$","?","E","R","E","T","R","AVR","?","M","M","R","B",null,"M","?","M","$","?","R","E","M","T","$","M","M","AVR","E","R","B",null,"R","$","E","B",null],"character_chosen":"THE_STARBREAKER","items_purchased":["Membership Card","Frozen Eye","MerchantsRug","Frozen Egg 2","Pantograph","Happy Flower","Moonworks:CookingTime","Moonworks:RagingMadness+1","Chemical X","Lantern","jesterMod:MirrorMask","Cauldron","Akabeko","sagemod:Red_Beast_Statue","Fire Potion","Lee\u0027s Waffle","Blood Vial","Ice Cream","Mango","Potion Belt","Ancient Tea Set","Bronze Scales","FossilizedHelix","Strange Spoon","Oddly Smooth Stone","Moonworks:JonathanRush"],"campfire_rested":1,"item_purchase_floors":[0,0,0,0,0,0,0,0,14,14,14,21,21,21,21,32,32,32,38,44,44,53,53,53,53,53],"current_hp_per_floor":[42,57,57,59,51,28,28,14,14,14,14,14,25,25,43,33,60,50,35,37,37,37,36,36,44,44,44,44,44,45,45,52,52,52,48,35,49,63,63,63,66,66,66,66,66,66,66,66,66,66,66,66,66,66,66],"gold":70,"neow_bonus":"","is_daily":false,"chose_seed":false,"campfire_upgraded":5,"win_rate":0.0,"timestamp":1609827392,"path_taken":["M","?","?","?","M","E","R","E","T","?","?","E","?","?","R","BOSS","M","?","M","$","?","E","R","E","T","R","AVR","?","?","M","R","BOSS","M","?","M","?","?","R","E","M","T","$","?","M","AVR","E","R","BOSS","R","$","E","BOSS"],"items_purchased_type":["Relic","Relic","Relic","Relic","Relic","Relic","Card","Card","Relic","Relic","Relic","Relic","Relic","Relic","Potion","Relic","Relic","Relic","Relic","Relic","Relic","Relic","Relic","Relic","Relic","Card"],"build_version":"2020-12-22","purchased_purges":2,"victory":true,"max_hp_per_floor":[60,60,60,60,60,60,60,60,60,60,60,60,60,60,60,60,60,60,60,60,60,45,45,45,45,45,45,45,45,45,45,52,52,52,52,52,52,66,66,66,66,66,66,66,66,66,66,66,66,66,66,66,66,66,66],"card_choices":[{"not_picked":["Moonworks:ScrambledEve","Moonworks:JonathanRush"],"picked":"Moonworks:IndiscriminateFireSupport","floor":1},{"not_picked":["Moonworks:CompletionReward","Moonworks:NicePresent"],"picked":"Moonworks:SakisCookie","floor":4},{"not_picked":["Moonworks:LulusLuckyEgg","Moonworks:WindyEnchantment"],"picked":"Moonworks:StiffCrystal","floor":5},{"not_picked":["Moonworks:WindyEnchantment","Moonworks:Assault"],"picked":"Moonworks:FinalSurgery","floor":6},{"not_picked":["Moonworks:CloudOfSeagulls","Moonworks:BigBangBell"],"picked":"Moonworks:TacticalRetreat","floor":8},{"not_picked":["Moonworks:Heat300Percent","Moonworks:CloudOfSeagulls"],"picked":"Moonworks:MiracleRedBeanIceCream","floor":12},{"not_picked":["Moonworks:NicePresent","Moonworks:CastOff"],"picked":"Moonworks:EvilSpyWorkPreparation","floor":13},{"not_picked":["Moonworks:StarBlastingFuse","Moonworks:GoAway"],"picked":"Moonworks:CrystalBarrier+1","floor":16},{"not_picked":["Moonworks:DeployBits+1","Moonworks:LulusLuckyEgg","Moonworks:UnluckyCharm+1"],"picked":"Singing Bowl","floor":18},{"not_picked":["Moonworks:WindyEnchantment","Moonworks:ImOnFire","Moonworks:Assault"],"picked":"SKIP","floor":20},{"not_picked":["Moonworks:AccelHyper","Moonworks:IndiscriminateFireSupport"],"picked":"Moonworks:BindingChains+1","floor":23},{"not_picked":["Moonworks:DevilHand","Moonworks:CloudOfSeagulls","Moonworks:ImmovableObject"],"picked":"Singing Bowl","floor":25},{"not_picked":["Moonworks:EvilSpyWorkPreparation","Moonworks:FullSpeedAlicianrone","Moonworks:ImOnFire"],"picked":"Singing Bowl","floor":30},{"not_picked":["Moonworks:BigMagnum","Moonworks:SubspaceTunnel"],"picked":"Moonworks:BackdoorTrade","floor":31},{"not_picked":["Moonworks:CrystalBarrier+1","Moonworks:AccelHyper"],"picked":"Moonworks:AnotherUltimateWeapon+1","floor":33},{"not_picked":["Moonworks:ImOnFire+1","Moonworks:TacticalRetreat"],"picked":"Moonworks:Flamethrower","floor":35},{"not_picked":["infinitespire:Menacing","infinitespire:UltimateForm"],"picked":"infinitespire:Collect","floor":36},{"not_picked":["Moonworks:Assault","Moonworks:CloudOfSeagulls","Moonworks:IndiscriminateFireSupport"],"picked":"SKIP","floor":37},{"not_picked":["Moonworks:WeAreWaruda","Moonworks:CookingTime","Moonworks:CloudOfSeagulls"],"picked":"SKIP","floor":41},{"not_picked":["Moonworks:Assault","Moonworks:CloudOfSeagulls+1"],"picked":"Moonworks:DeployBits+1","floor":42},{"not_picked":["Moonworks:IndiscriminateFireSupport+1","Moonworks:LulusLuckyEgg","Moonworks:NicePresent"],"picked":"Singing Bowl","floor":45},{"not_picked":["Moonworks:LulusLuckyEgg+1","Moonworks:BigMagnum+1","Moonworks:SakisCookie"],"picked":"Singing Bowl","floor":46},{"not_picked":["Moonworks:AngelHand","Moonworks:IndiscriminateFireSupport"],"picked":"Moonworks:CompletionReward+1","floor":48},{"not_picked":["Moonworks:DeployBits","Moonworks:IndiscriminateFireSupport"],"picked":"Moonworks:Wanted","floor":54}],"player_experience":944382,"relics_obtained":[{"floor":6,"key":"Meat on the Bone"},{"floor":8,"key":"sagemod:Singing_Vial"},{"floor":9,"key":"StrikeDummy"},{"floor":10,"key":"jedi:Pinwheel"},{"floor":12,"key":"infinitespire:ShieldingShard"},{"floor":23,"key":"infinitespire:WardingShard"},{"floor":25,"key":"Darkstone Periapt"},{"floor":26,"key":"jedi:shrinkray"},{"floor":31,"key":"wanderingMiniBosses:MasterThiefsPresence"},{"floor":41,"key":"Pen Nib"},{"floor":48,"key":"Orichalcum"},{"floor":54,"key":"infinitespire:FocusingShard"}],"event_choices":[{"damage_healed":15,"gold_gain":0,"player_choice":"Healed","damage_taken":0,"max_hp_gain":0,"max_hp_loss":0,"event_name":"The Cleric","floor":2,"gold_loss":35},{"damage_healed":0,"gold_gain":1,"player_choice":"LEAVE","damage_taken":0,"max_hp_gain":0,"max_hp_loss":0,"event_name":"betterThird:BetterScrap","floor":11,"gold_loss":0,"cards_obtained":["SpiritShield"]},{"damage_healed":0,"gold_gain":112,"player_choice":"GO UP ","damage_taken":18,"relics_obtained":[],"max_hp_gain":0,"max_hp_loss":0,"event_name":"betterSkull:BetterSkull","floor":19,"gold_loss":0,"cards_upgraded":["Moonworks:TacticalRetreat"]},{"damage_healed":0,"gold_gain":0,"player_choice":"Got Potions","damage_taken":0,"max_hp_gain":0,"max_hp_loss":0,"event_name":"Lab","floor":29,"gold_loss":0},{"damage_healed":0,"gold_gain":0,"player_choice":"Bought 0 Potions","damage_taken":0,"max_hp_gain":0,"max_hp_loss":0,"event_name":"The Woman in Blue","floor":39,"gold_loss":0}],"is_beta":false,"boss_relics":[{"not_picked":["jesterMod:MachoBrace","Runic Dome"],"picked":"SlaversCollar"},{"not_picked":["Empty Cage","Fusion Hammer"],"picked":"SacredBark"}],"items_purged_floors":[0,0],"is_endless":false,"potions_floor_spawned":[5,8,16,18,25,30,42,46,48,54],"ascension_level":1}}