{"host":"nptej036rrbiurf5","time":1609808446,"event":{"mods":["BaseMod","Colored Map","Colored Powertips","DeckTracker","Minty Spire (QoL Compilation)","StSLib","SuperFastMode"],"gold_per_floor":[113,132,132,132,143,143,161,190,190,190,207,219,257,257,257,257,257],"floor_reached":16,"playtime":408,"items_purged":[],"score":224,"play_id":"a145b52f-211e-43a7-a166-f87359c56cd8","local_time":"20210105100046","is_ascension_mode":true,"campfire_choices":[{"data":"Pommel Strike","floor":6,"key":"SMITH"},{"data":"Bash","floor":10,"key":"SMITH"},{"data":"Armaments","floor":15,"key":"SMITH"}],"circlet_count":0,"master_deck":["AscendersBane","Strike_R","Strike_R","Strike_R","Strike_R","Strike_R","Defend_R","Defend_R","Defend_R","Defend_R","Bash+1","Body Slam+1","Pommel Strike+1","Anger","Offering","Clash","Blood for Blood","Shrug It Off","Armaments+1"],"relics":["Burning Blood","Magic Flower","Kunai","Torii","Letter Opener","CeramicFish"],"acts_visited":["Exordium"],"potions_floor_usage":[8,13,16],"damage_taken":[{"damage":9,"enemies":"2 Louse","floor":1,"turns":4},{"damage":11,"enemies":"Jaw Worm","floor":2,"turns":6},{"damage":11,"enemies":"Small Slimes","floor":5,"turns":3},{"damage":6,"enemies":"Blue Slaver","floor":7,"turns":3},{"damage":17,"enemies":"3 Sentries","floor":8,"turns":6},{"damage":6,"enemies":"Looter","floor":11,"turns":2},{"damage":17,"enemies":"3 Louse","floor":12,"turns":3},{"damage":19,"enemies":"Lagavulin","floor":13,"turns":5},{"damage":44,"enemies":"Slime Boss","floor":16,"turns":7}],"seed_played":"-8738402986697939467","potions_obtained":[{"floor":2,"key":"ColorlessPotion"},{"floor":8,"key":"Strength Potion"},{"floor":12,"key":"Regen Potion"}],"is_trial":false,"path_per_floor":["M","M","?","?","M","R","M","E","T","R","M","M","E","?","R","B"],"character_chosen":"IRONCLAD","items_purchased":[],"campfire_rested":0,"item_purchase_floors":[],"current_hp_per_floor":[50,48,43,43,41,41,44,36,36,36,39,31,43,43,43,0,0],"gold":257,"neow_bonus":"ONE_RARE_RELIC","is_daily":false,"chose_seed":false,"campfire_upgraded":3,"win_rate":0.0,"timestamp":1609808446,"path_taken":["M","M","?","?","M","R","M","E","T","R","M","M","E","?","R","BOSS"],"items_purchased_type":[],"build_version":"2020-12-22","purchased_purges":0,"victory":false,"max_hp_per_floor":[75,75,75,75,75,75,75,75,75,75,75,75,75,75,75,75,75],"card_choices":[{"not_picked":["Dark Embrace","Armaments"],"picked":"Body Slam","floor":1},{"not_picked":["True Grit","Headbutt"],"picked":"Pommel Strike","floor":2},{"not_picked":["Heavy Blade","Havoc"],"picked":"Anger","floor":5},{"not_picked":["Rage","Sever Soul"],"picked":"Offering","floor":7},{"not_picked":["True Grit","Shrug It Off"],"picked":"Clash","floor":8},{"not_picked":["Clash","True Grit"],"picked":"Blood for Blood","floor":11},{"not_picked":["Sword Boomerang","True Grit"],"picked":"Shrug It Off","floor":12},{"not_picked":["Heavy Blade","Headbutt"],"picked":"Armaments","floor":13}],"player_experience":875180,"relics_obtained":[{"floor":8,"key":"Torii"},{"floor":9,"key":"Letter Opener"},{"floor":13,"key":"CeramicFish"}],"event_choices":[{"damage_healed":0,"gold_gain":0,"player_choice":"Success","damage_taken":5,"relics_obtained":["Kunai"],"max_hp_gain":0,"max_hp_loss":0,"event_name":"Scrap Ooze","floor":3,"gold_loss":0},{"damage_healed":0,"gold_gain":0,"player_choice":"Grow","damage_taken":0,"max_hp_gain":0,"max_hp_loss":0,"event_name":"Living Wall","floor":4,"gold_loss":0,"cards_upgraded":["Body Slam"]},{"damage_healed":0,"gold_gain":0,"player_choice":"Ignored","damage_taken":0,"max_hp_gain":0,"max_hp_loss":0,"event_name":"Liars Game","floor":14,"gold_loss":0}],"is_beta":false,"boss_relics":[],"items_purged_floors":[],"is_endless":false,"potions_floor_spawned":[2,8,12],"killed_by":"Slime Boss","ascension_level":20}}