{"host":"kw4o7b3ro2ktmmbe","time":1609833935,"event":{"mods":["BaseMod","Evolution","Fireblade Mod","Minty Spire (QoL Compilation)","StSLib"],"gold_per_floor":[110,110,126,126,126,160,160,203,212,212,110,129,149,164,164,274,274,300,13,32,41,86,125,145,178,212,212,212,212,212,239,239,344,344,356,374,374,433,455,455,496,523,556,556,580,580,0,0,0],"floor_reached":48,"playtime":7355,"items_purged":["Normality"],"score":662,"play_id":"7167a612-b591-4c6e-80cc-a4539a8c0a16","local_time":"20210105210535","is_ascension_mode":true,"campfire_choices":[{"floor":7.0,"key":"REST"},{"data":"FireBladeMod:DebilitatingBlow","floor":10.0,"key":"SMITH"},{"floor":15.0,"key":"REST"},{"data":"Bite","floor":27,"key":"SMITH"},{"data":"Bite","floor":29,"key":"SMITH"},{"floor":32,"key":"REST"},{"data":"FireBladeMod:ThirstForBlood","floor":40,"key":"SMITH"},{"data":"FireBladeMod:HellFire","floor":44,"key":"SMITH"},{"data":"Bite","floor":46,"key":"SMITH"}],"circlet_count":0,"master_deck":["FireBladeMod:ScorchingStrike","FireBladeMod:DefendFireBlade","FireBladeMod:DefendFireBlade","FireBladeMod:DefendFireBlade+1","FireBladeMod:DefendFireBlade","FireBladeMod:FlamingSword","FireBladeMod:FireBarrier","FireBladeMod:FlashBang+1","FireBladeMod:DebilitatingBlow+1","FireBladeMod:ScorchingStrike","FireBladeMod:GetPumped","FireBladeMod:ScorchingStrike","FireBladeMod:BattleMage","FireBladeMod:Accelerant+1","Shame","Bite+1","Bite+1","Bite+1","Bite","Bite","FireBladeMod:Robust+1","Clumsy","FireBladeMod:ThirdDegree+1","FireBladeMod:HellFire+1","Madness","Madness","FireBladeMod:SpiritEndurance","FireBladeMod:ThirstForBlood+1","FireBladeMod:ThirdDegree+1","Panache","The Bomb","Mayhem","Parasite","FireBladeMod:Flames+1"],"relics":["EVO:Axolotl","Cursed Key","Gremlin Horn","Turnip","CeramicFish","Kunai","Sozu","Ice Cream","Juzu Bracelet","FireBladeMod:WheyBottle","Pen Nib","Boot","MutagenicStrength","Coffee Dripper","FireBladeMod:LegBrace","Meat on the Bone","Omamori","Red Mask"],"acts_visited":["Exordium","TheCity","TheBeyond"],"potions_floor_usage":[25,33],"damage_taken":[{"damage":1.0,"enemies":"Jaw Worm","floor":1.0,"turns":3.0},{"damage":0.0,"enemies":"Small Slimes","floor":3.0,"turns":3.0},{"damage":12.0,"enemies":"3 Sentries","floor":6.0,"turns":9.0},{"damage":16.0,"enemies":"Gremlin Nob","floor":8.0,"turns":5.0},{"damage":0.0,"enemies":"2 Louse","floor":12.0,"turns":2.0},{"damage":1.0,"enemies":"Exordium Thugs","floor":13.0,"turns":4.0},{"damage":0.0,"enemies":"Blue Slaver","floor":14.0,"turns":3.0},{"damage":0.0,"enemies":"Hexaghost","floor":16.0,"turns":9.0},{"damage":6.0,"enemies":"2 Thieves","floor":18.0,"turns":4.0},{"damage":1.0,"enemies":"Chosen","floor":20.0,"turns":3.0},{"damage":7.0,"enemies":"Gremlin Leader","floor":23.0,"turns":6.0},{"damage":1.0,"enemies":"Centurion and Healer","floor":24.0,"turns":6.0},{"damage":34,"enemies":"Slavers","floor":25,"turns":6},{"damage":3,"enemies":"Shelled Parasite and Fungi","floor":31,"turns":5},{"damage":27,"enemies":"Collector","floor":33,"turns":7},{"damage":2,"enemies":"Orb Walker","floor":35,"turns":4},{"damage":0,"enemies":"Mind Bloom Boss Battle","floor":38,"turns":6},{"damage":24,"enemies":"3 Darklings","floor":39,"turns":10},{"damage":40,"enemies":"Reptomancer","floor":41,"turns":6},{"damage":14,"enemies":"Writhing Mass","floor":45,"turns":4},{"damage":41,"enemies":"Giant Head","floor":48,"turns":5}],"seed_played":"4874725348757741496","potions_obtained":[{"floor":3.0,"key":"Strength Potion"},{"floor":8.0,"key":"SpeedPotion"},{"floor":16.0,"key":"SneckoOil"}],"is_trial":false,"path_per_floor":["M","?","M","?","?","E","R","E","T","R","$","M","M","M","R","B",null,"M","$","M","?","?","E","M","E","T","R","?","R","?","M","R","B",null,"M","?","?","?","M","R","E","?","T","R","M","R","?","E"],"character_chosen":"THE_FIREBLADE","items_purchased":["FireBladeMod:GetPumped","Ice Cream"],"campfire_rested":3,"item_purchase_floors":[11,19],"current_hp_per_floor":[69,55,55,55,22,10,31,15,15,15,15,15,14,14,35,35,70,64,64,63,63,49,49,49,27,27,27,20,20,20,29,45,40,54,54,47,47,54,54,54,22,12,12,12,20,20,20,0,0],"gold":0,"neow_bonus":"BOSS_RELIC","is_daily":false,"chose_seed":false,"campfire_upgraded":6,"win_rate":0.0,"timestamp":1609833935,"path_taken":["M","?","M","?","?","E","R","E","T","R","$","M","?","M","R","BOSS","M","$","M","?","?","E","M","E","T","R","?","R","?","M","R","BOSS","M","?","?","?","M","R","E","?","T","R","M","R","?","E"],"items_purchased_type":["Card","Relic"],"build_version":"2020-12-22","purchased_purges":1,"victory":false,"max_hp_per_floor":[70,70,70,70,70,70,70,70,70,70,70,70,70,70,70,70,70,70,70,70,70,49,49,49,49,49,49,54,54,54,54,54,54,54,54,54,54,54,54,54,54,54,54,54,54,54,54,54,54],"card_choices":[{"not_picked":["FireBladeMod:Shove","FireBladeMod:Flames"],"picked":"FireBladeMod:FlashBang","floor":1.0},{"not_picked":["FireBladeMod:SoulStrike","FireBladeMod:BackhandSwing"],"picked":"FireBladeMod:FlashBang","floor":3.0},{"not_picked":["FireBladeMod:SmokeInTheEyes","FireBladeMod:MomentumStrikes"],"picked":"FireBladeMod:DebilitatingBlow","floor":6.0},{"not_picked":["FireBladeMod:SmokeInTheEyes","FireBladeMod:Reposition"],"picked":"FireBladeMod:ScorchingStrike","floor":8.0},{"not_picked":["FireBladeMod:Arson","FireBladeMod:DoubleDash"],"picked":"FireBladeMod:ScorchingStrike","floor":12.0},{"not_picked":["FireBladeMod:BasicSmash","FireBladeMod:Flames","FireBladeMod:FerventSlash"],"picked":"SKIP","floor":13.0},{"not_picked":["FireBladeMod:Unbalance","FireBladeMod:StingingSlash","FireBladeMod:IronEndurance"],"picked":"SKIP","floor":14.0},{"not_picked":["FireBladeMod:Ignition","FireBladeMod:HellFire"],"picked":"FireBladeMod:BattleMage","floor":16.0},{"not_picked":["FireBladeMod:WellPrepared","FireBladeMod:SmashingEndurance+1"],"picked":"FireBladeMod:Accelerant+1","floor":18.0},{"not_picked":["FireBladeMod:OverCharge","FireBladeMod:ArmSmash","FireBladeMod:Feint"],"picked":"SKIP","floor":20.0},{"not_picked":["FireBladeMod:GetPumped","FireBladeMod:DoubleDash+1"],"picked":"FireBladeMod:Robust+1","floor":23.0},{"not_picked":["FireBladeMod:BackhandSwing","FireBladeMod:StingingSlash","FireBladeMod:IronEndurance"],"picked":"SKIP","floor":24.0},{"not_picked":["FireBladeMod:Shove","FireBladeMod:ComboCleave","FireBladeMod:WellPrepared"],"picked":"SKIP","floor":25},{"not_picked":["FireBladeMod:AdrenalineBoost","FireBladeMod:QuickJabs"],"picked":"FireBladeMod:ThirdDegree+1","floor":31},{"not_picked":["FireBladeMod:DebilitatingBlow","FireBladeMod:FinalSmash"],"picked":"FireBladeMod:HellFire","floor":33},{"not_picked":["FireBladeMod:Flames","FireBladeMod:StingingSlash+1","FireBladeMod:IronEndurance"],"picked":"SKIP","floor":35},{"not_picked":["FireBladeMod:ComplexDefense+1","FireBladeMod:SmashingEndurance"],"picked":"FireBladeMod:SpiritEndurance","floor":38},{"not_picked":["FireBladeMod:BackhandSwing","FireBladeMod:OverCharge+1"],"picked":"FireBladeMod:ThirstForBlood","floor":39},{"not_picked":["FireBladeMod:EruptionSlash","FireBladeMod:TorsoSmash+1"],"picked":"FireBladeMod:ThirdDegree+1","floor":41},{"not_picked":["Secret Technique","Enlightenment"],"picked":"Panache","floor":42},{"not_picked":["Mind Blast","Dramatic Entrance"],"picked":"The Bomb","floor":42},{"not_picked":["Purity","Finesse"],"picked":"Mayhem","floor":42},{"not_picked":["FireBladeMod:BackhandSwing","FireBladeMod:ComboSlashes+1"],"picked":"FireBladeMod:Flames+1","floor":45}],"player_experience":1843045,"relics_obtained":[{"floor":6.0,"key":"Turnip"},{"floor":8.0,"key":"CeramicFish"},{"floor":9.0,"key":"Kunai"},{"floor":23.0,"key":"FireBladeMod:WheyBottle"},{"floor":25,"key":"Pen Nib"},{"floor":26,"key":"Boot"},{"floor":38,"key":"FireBladeMod:LegBrace"},{"floor":41,"key":"Meat on the Bone"},{"floor":43,"key":"Omamori"}],"event_choices":[{"damage_healed":0.0,"max_hp_gain":0.0,"max_hp_loss":0.0,"gold_gain":0.0,"event_name":"Shining Light","player_choice":"Entered Light","floor":2.0,"gold_loss":0.0,"damage_taken":14.0,"cards_upgraded":["FireBladeMod:FlashBang","FireBladeMod:DefendFireBlade"]},{"cards_removed":["FireBladeMod:StrikeFireBlade"],"damage_healed":0.0,"max_hp_gain":0.0,"max_hp_loss":0.0,"gold_gain":0.0,"event_name":"Living Wall","player_choice":"Forget","floor":4.0,"gold_loss":0.0,"damage_taken":0.0},{"damage_healed":0.0,"max_hp_gain":0.0,"max_hp_loss":0.0,"gold_gain":0.0,"event_name":"Scrap Ooze","player_choice":"Success","floor":5.0,"gold_loss":0.0,"damage_taken":33.0,"relics_obtained":["Gremlin Horn"]},{"damage_healed":0.0,"max_hp_gain":0.0,"max_hp_loss":0.0,"gold_gain":0.0,"event_name":"Addict","player_choice":"Stole Relic","floor":21.0,"gold_loss":0.0,"damage_taken":0.0,"relics_obtained":["Juzu Bracelet"],"cards_obtained":["Shame"]},{"damage_healed":0.0,"max_hp_gain":0.0,"max_hp_loss":21.0,"gold_gain":0.0,"event_name":"Vampires","player_choice":"Became a vampire","floor":22.0,"gold_loss":0.0,"damage_taken":0.0,"cards_obtained":["Bite","Bite","Bite","Bite","Bite"]},{"damage_healed":0,"gold_gain":0,"player_choice":"Shed Blood","damage_taken":12,"max_hp_gain":5,"max_hp_loss":0,"event_name":"Forgotten Altar","floor":28,"gold_loss":0},{"damage_healed":0,"gold_gain":0,"player_choice":"Inject Mutagens","damage_taken":0,"relics_obtained":["MutagenicStrength"],"max_hp_gain":0,"max_hp_loss":0,"event_name":"Drug Dealer","floor":30,"gold_loss":0},{"damage_healed":0,"gold_gain":0,"player_choice":"Embrace Madness","damage_taken":7,"max_hp_gain":0,"max_hp_loss":0,"event_name":"Winding Halls","floor":36,"gold_loss":0,"cards_obtained":["Madness","Madness"]},{"cards_removed":["FireBladeMod:FlashBang"],"damage_healed":0,"gold_gain":0,"player_choice":"Removed Skill","damage_taken":0,"max_hp_gain":0,"max_hp_loss":0,"event_name":"Falling","floor":37,"gold_loss":0},{"damage_healed":0,"gold_gain":0,"player_choice":"Fight","damage_taken":0,"max_hp_gain":0,"max_hp_loss":0,"event_name":"MindBloom","floor":38,"gold_loss":0},{"damage_healed":0,"gold_gain":0,"player_choice":"Memory 3","damage_taken":10,"max_hp_gain":0,"max_hp_loss":0,"event_name":"SensoryStone","floor":42,"gold_loss":0},{"damage_healed":0,"gold_gain":0,"player_choice":"Paid","damage_taken":0,"relics_obtained":["Red Mask"],"max_hp_gain":0,"max_hp_loss":0,"event_name":"Tomb of Lord Red Mask","floor":47,"gold_loss":580}],"is_beta":false,"boss_relics":[{"not_picked":["FireBladeMod:InnerFlame","Astrolabe"],"picked":"Sozu"},{"not_picked":["Philosopher\u0027s Stone","Snecko Eye"],"picked":"Coffee Dripper"}],"items_purged_floors":[11],"is_endless":false,"potions_floor_spawned":[3,8,16,20,23,33,35,41,45],"killed_by":"Giant Head","ascension_level":3}}