{"host":"4lxzgdqpvzyot39g","time":1609880666,"event":{"mods":["100% Spire Juice","Abigail Mod","Act Like it!","Aspiration","BaseMod","Beaked The Cultist","Better Altar","Better Match","Better Note","Better Sensory Stone","Better Skull","Better Third Choice","CCEM","Colored Map","Colored Powertips","Conspire","Displayed Cursed Tome","Dota2Spire","Energized Spire","Friendly Minions","Gensokyo","GifTheSpireLib","Halation","Hallownest","Hermit","Highlight Path","Hubris","Infinite Spire","Jedi Mod","JesterMod","Lobotomy","LobotomyExtend","Mari Mod (Legacy)","Mari\u0027s V1 Patch","MarisaÅiñ∂âJÅ@ñÇóùçπÅj","Minty Spire (QoL Compilation)","Poem Panic","Prisma Mod","Quarter Circle Forward PUNCH!","Relic Filter","Replay The Spire","Robot Space Explorer","SCP261 Mod","Small Relic Pack","Spicy Shops","Spikes Relics","StSLib","Stuff the Spire","The Alterego","The Animator","The Blue Laboratory","The Bug Knight","The Cursed","The Fake Hero","The Servant 0.9.4","The Wild Card","Trackpad","Waifu the Spire","WarShipGirlsR/??è≠èóR mod","vexMod","Åy?ï®?îvÅzREMEMod"],"gold_per_floor":[112,112,40,90,17,33,52,66,66,97,97,97,10,26,26,124,124,144,161,86,46,46,46,76,76,2,2,17,44,63,63,63,159,39,57,57,57,57,57,57,57,90,90,124,147,174,189,216,236,83,83,83,83,83,83,44,78,78],"floor_reached":59,"playtime":3248,"items_purged":["Moonworks:MiracleRedBeanIceCream","Moonworks:Ambush"],"score":1719,"play_id":"a6baf940-1549-4ea8-8621-18243c56164d","local_time":"20210105160426","is_ascension_mode":true,"campfire_choices":[{"data":"Moonworks:EvilSpyWorkPreparation","floor":12.0,"key":"SMITH"},{"data":"Moonworks:EvilSpyWorkPreparation","floor":15.0,"key":"SMITH"},{"data":"Moonworks:WindyEnchantment","floor":23.0,"key":"SMITH"},{"data":"Moonworks:WindyEnchantment","floor":25.0,"key":"SMITH"},{"data":"Moonworks:WindyEnchantment","floor":27.0,"key":"SMITH"},{"data":"Moonworks:SakisCookie","floor":32.0,"key":"SMITH"},{"floor":43.0,"key":"REST"},{"floor":51,"key":"RECALL"},{"data":"StuffTheSpire:BrainWave","floor":55,"key":"SMITH"}],"circlet_count":0,"master_deck":["conspire:GhostlyStrike","conspire:GhostlyStrike","conspire:GhostlyStrike+1","conspire:GhostlyStrike","conspire:GhostlyDefend","conspire:GhostlyDefend","conspire:GhostlyDefend","conspire:GhostlyDefend","Moonworks:LongDistanceShot+1","PrismaMod:IllyaInstallShielder","Moonworks:EvilSpyWorkPreparation+1","Moonworks:JonathanRush+1","Moonworks:JonathanRush+1","Moonworks:WindyEnchantment+1","Moonworks:EvilSpyWorkPreparation+1","Moonworks:WindyEnchantment+1","Moonworks:EvilSpyWorkPreparation+1","Moonworks:WindyEnchantment+1","Moonworks:NicePresent","Moonworks:SakisCookie+1","Moonworks:NicePresent+1","Moonworks:PlushieMaster","StuffTheSpire:BrainWave+1","infinitespire:Collect","Moonworks:DeployBits","Moonworks:JonathanRush+1","Moonworks:CloudOfSeagulls+1","Moonworks:JonathanRush+1","Moonworks:CloudOfSeagulls+1","Moonworks:JonathanRush","Moonworks:JonathanRush"],"relics":["Moonworks:BrokenBomb","Moonworks:Homemark","REME_ComplimentaryCards","aspiration:DSix","hubris:Potato","infinitespire:Golems Mask","Lantern","jedi:HeartOfTheCards","infinitespire:EmpoweringShard","qcfpunch:Necklace_of_Skulls","hubris:Backtick","Bottled Tornado","vexMod:FocusSash","hubris:Reverence","Dream Catcher","Blood Vial","energizedSpire:DeadBattery","Nunchaku","Eternal Feather","Regal Pillow","Whetstone","hubris:ToyBattleship","halation:Thesaurus","REME_DuelDisc","Iron Hammer"],"acts_visited":["Exordium","TheCity","TheBeyond","TheEnding"],"potions_floor_usage":[58],"damage_taken":[{"damage":2.0,"enemies":"2 Louse","floor":1.0,"turns":4.0},{"damage":2.0,"enemies":"Jaw Worm","floor":6.0,"turns":3.0},{"damage":9.0,"enemies":"Small Slimes","floor":7.0,"turns":3.0},{"damage":11.0,"enemies":"Blue Slaver","floor":8.0,"turns":4.0},{"damage":14.0,"enemies":"Gremlin Nob","floor":10.0,"turns":4.0},{"damage":13.0,"enemies":"3 Sentries","floor":13.0,"turns":5.0},{"damage":7.0,"enemies":"Exordium Wildlife","floor":14.0,"turns":2.0},{"damage":6.0,"enemies":"Hexaghost","floor":16.0,"turns":4.0},{"damage":6.0,"enemies":"3 Byrds","floor":18.0,"turns":2.0},{"damage":19.0,"enemies":"Snake Plant","floor":19.0,"turns":4.0},{"damage":19.0,"enemies":"Book of Stabbing","floor":24.0,"turns":4.0},{"damage":0.0,"enemies":"3 Cultists","floor":28.0,"turns":3.0},{"damage":0.0,"enemies":"Replay:Snechameleon","floor":29.0,"turns":5.0},{"damage":0.0,"enemies":"conspire:HollyBat","floor":30.0,"turns":4.0},{"damage":12.0,"enemies":"Champ","floor":33.0,"turns":4.0},{"damage":0.0,"enemies":"Orb Walker","floor":35.0,"turns":3.0},{"damage":20.0,"enemies":"Nemesis","floor":42.0,"turns":3.0},{"damage":0.0,"enemies":"Giant Head","floor":44.0,"turns":3.0},{"damage":0.0,"enemies":"Reptomancer","floor":46.0,"turns":2.0},{"damage":0.0,"enemies":"3 Shapes","floor":47.0,"turns":1.0},{"damage":0.0,"enemies":"Giant Head","floor":48.0,"turns":4.0},{"damage":9.0,"enemies":"Transient","floor":49.0,"turns":5.0},{"damage":0,"enemies":"hubris:GrandSnecko","floor":52,"turns":6},{"damage":0,"enemies":"Shield and Spear","floor":57,"turns":2},{"damage":15,"enemies":"The Heart","floor":58,"turns":5}],"seed_played":"6017896123808798241","potions_obtained":[{"floor":4.0,"key":"LiquidBronze"},{"floor":7.0,"key":"blueLaboratory:LouseDecoction"},{"floor":13.0,"key":"BlessingOfTheForge"},{"floor":18.0,"key":"Dota2Spire:Clarity"},{"floor":19.0,"key":"jedi:hoardpotion"},{"floor":42.0,"key":"Weak Potion"}],"is_trial":false,"path_per_floor":["M","?","$","?","$","M","M","M","T","E","$","R","E","M","R","B",null,"M","M","$","?","AVR","R","E","R","T","R","M","E","M","?","R","B",null,"M","?","AVR","PTL","PTL","?","?","E","R","E","T","E","M","E","M","$","R","B",null,null,"R","$","E","B",null],"character_chosen":"THE_STARBREAKER","items_purchased":["hubris:Potato","Moonworks:JonathanRush","halation:Thesaurus","Moonworks:JonathanRush"],"campfire_rested":1,"item_purchase_floors":[3,5,50,56],"current_hp_per_floor":[58,58,58,34,34,37,33,27,27,18,18,18,10,8,8,7,60,54,40,40,40,40,40,26,26,26,26,31,36,45,29,29,30,60,60,54,54,54,54,54,54,34,50,54,54,54,54,54,51,51,54,54,54,54,54,54,54,39],"gold":78,"neow_bonus":"DSIX","is_daily":false,"chose_seed":false,"campfire_upgraded":7,"win_rate":0.0,"timestamp":1609880666,"path_taken":["M","?","$","?","?","M","M","?","T","E","$","R","E","M","R","BOSS","M","M","$","?","AVR","R","E","R","T","R","?","E","?","?","R","BOSS","M","?","AVR","PTL","PTL","?","?","E","R","E","T","E","M","E","?","$","R","BOSS","R","$","E","BOSS"],"items_purchased_type":["Relic","Card","Relic","Card"],"build_version":"2020-12-22","purchased_purges":2,"victory":true,"max_hp_per_floor":[60,60,60,60,60,60,60,60,60,60,60,60,60,60,60,60,60,60,60,60,60,60,60,60,60,60,60,60,60,60,60,60,60,60,60,54,54,54,54,54,54,54,54,54,54,54,54,54,54,54,54,54,54,54,54,54,54,54],"card_choices":[{"not_picked":["Moonworks:DeployBits","Moonworks:SakisCookie"],"picked":"Moonworks:EvilSpyWorkPreparation","floor":1.0},{"not_picked":["Moonworks:EvilSpyWorkPreparation","Moonworks:Assault"],"picked":"Moonworks:JonathanRush","floor":4.0},{"not_picked":["Moonworks:Assault","Moonworks:CloudOfSeagulls"],"picked":"Moonworks:WindyEnchantment","floor":6.0},{"not_picked":["Moonworks:SakisCookie","Moonworks:IndiscriminateFireSupport","Moonworks:Assault"],"picked":"SKIP","floor":7.0},{"not_picked":["Moonworks:ImOnFire","Moonworks:FullSpeedAlicianrone"],"picked":"Moonworks:EvilSpyWorkPreparation","floor":8.0},{"not_picked":["Moonworks:SelfDestruct","Moonworks:ShieldCounter","Moonworks:FullSpeedAlicianrone"],"picked":"SKIP","floor":10.0},{"not_picked":["Moonworks:Bloodlust","Moonworks:LuckyCharm"],"picked":"Moonworks:MiracleRedBeanIceCream","floor":13.0},{"not_picked":["Moonworks:FinalSurgery","Moonworks:BigMagnum"],"picked":"Moonworks:WindyEnchantment","floor":14.0},{"not_picked":["Moonworks:BeyondHell","Moonworks:Assault"],"picked":"Moonworks:EvilSpyWorkPreparation+1","floor":18.0},{"not_picked":["Moonworks:Dash","Moonworks:Assault","Moonworks:Dinner+1"],"picked":"SKIP","floor":19.0},{"not_picked":["Moonworks:FinalBattle","Moonworks:SakisCookie"],"picked":"Moonworks:WindyEnchantment","floor":24.0},{"not_picked":["Moonworks:DeployBits+1","Moonworks:LulusLuckyEgg+1"],"picked":"Moonworks:NicePresent","floor":28.0},{"not_picked":["Moonworks:Heat300Percent","Moonworks:RagingMadness"],"picked":"Moonworks:SakisCookie","floor":29.0},{"not_picked":["Moonworks:AccelHyper","Moonworks:DeployBits"],"picked":"Moonworks:NicePresent+1","floor":30.0},{"not_picked":["Moonworks:OutOfAmmo","Moonworks:ShieldCounter"],"picked":"Moonworks:PlushieMaster","floor":33.0},{"not_picked":["Moonworks:StiffCrystal+1","Moonworks:BigMagnum","Moonworks:BackdoorTrade"],"picked":"SKIP","floor":35.0},{"not_picked":["Moonworks:DevilHand+1","Moonworks:SelfDestruct","Moonworks:StarBlastingFuse"],"picked":"SKIP","floor":42.0},{"not_picked":["Moonworks:SakisCookie","Moonworks:CloudOfSeagulls"],"picked":"Moonworks:DeployBits","floor":43.0},{"not_picked":["Moonworks:SelfDestruct","Moonworks:TreasureThief"],"picked":"Moonworks:JonathanRush+1","floor":44.0},{"not_picked":["Moonworks:BeyondHell+1","Moonworks:Dash"],"picked":"Moonworks:CloudOfSeagulls+1","floor":46.0},{"not_picked":["Moonworks:NicePresent+1","Moonworks:WeAreWaruda"],"picked":"Moonworks:JonathanRush+1","floor":47.0},{"not_picked":["Moonworks:x16BigRocket","Moonworks:BigBangBell","Moonworks:IntelligenceOfficer"],"picked":"SKIP","floor":48.0},{"not_picked":["Moonworks:Assault","Moonworks:ImOnFire+1"],"picked":"Moonworks:CloudOfSeagulls+1","floor":49.0},{"not_picked":["Moonworks:BigBangBell","Moonworks:CompletionReward+1","Moonworks:RagingMadness+1"],"picked":"SKIP","floor":57}],"player_experience":1124782,"relics_obtained":[{"floor":4.0,"key":"infinitespire:Golems Mask"},{"floor":10.0,"key":"Lantern"},{"floor":10.0,"key":"jedi:HeartOfTheCards"},{"floor":13.0,"key":"infinitespire:EmpoweringShard"},{"floor":13.0,"key":"qcfpunch:Necklace_of_Skulls"},{"floor":24.0,"key":"vexMod:FocusSash"},{"floor":24.0,"key":"hubris:Reverence"},{"floor":29.0,"key":"Dream Catcher"},{"floor":42.0,"key":"Nunchaku"},{"floor":44.0,"key":"Eternal Feather"},{"floor":45.0,"key":"Regal Pillow"},{"floor":46.0,"key":"Whetstone"},{"floor":48.0,"key":"hubris:ToyBattleship"},{"floor":57,"key":"Iron Hammer"}],"event_choices":[{"damage_healed":0.0,"max_hp_gain":0.0,"max_hp_loss":0.0,"gold_gain":0.0,"event_name":"conspire:LoneGhost","player_choice":"Agree","floor":2.0,"gold_loss":0.0,"damage_taken":0.0},{"damage_healed":0.0,"max_hp_gain":0.0,"max_hp_loss":0.0,"gold_gain":200.0,"event_name":"Wheel of Change","player_choice":"Gold","floor":21.0,"gold_loss":0.0,"damage_taken":0.0},{"damage_healed":0.0,"max_hp_gain":45.0,"max_hp_loss":29.0,"gold_gain":0.0,"event_name":"betterAltar:BetterAltar","player_choice":" Vial ","floor":31.0,"potions_obtained":[],"relics_lost":[],"gold_loss":0.0,"damage_taken":16.0,"relics_obtained":["Blood Vial"]},{"damage_healed":0.0,"max_hp_gain":0.0,"max_hp_loss":0.0,"gold_gain":0.0,"event_name":"conspire:Investor","player_choice":"Leave","floor":41.0,"gold_loss":0.0,"damage_taken":0.0}],"is_beta":false,"boss_relics":[{"not_picked":["StuffTheSpire:Kangaroo","vexMod:EndlessSickness"],"picked":"hubris:Backtick"},{"not_picked":["CCEMRelics:GreenEgg","aspiration:WatcherSkillbook"],"picked":"StuffTheSpire:RunicConfusion"}],"items_purged_floors":[20,22],"is_endless":false,"potions_floor_spawned":[7,8,13,18,19,24,35,42,46,47],"ascension_level":2}}