{"host":"y6h8h5dnjuludn40","time":1609831464,"event":{"mods":["BaseMod","Colored Map","Colored Powertips","Googly Eyes","Hermit","Minty Spire (QoL Compilation)","Replay The Spire","StSLib","The Construct","The Hierophant"],"gold_per_floor":[359,370,370,225,225,175,175,207,207,207,35,49,76,99,198,185,185],"floor_reached":16,"playtime":449,"items_purged":["Regret","hermit:Strike_Hermit"],"score":135,"play_id":"b8de648d-fe3a-4b2f-8129-c641858c9d10","local_time":"20210105012424","is_ascension_mode":false,"campfire_choices":[{"data":"hierophant:HolyVerse","floor":7,"key":"SMITH"}],"circlet_count":0,"master_deck":["hierophant:Strike_Hierophant","hierophant:Strike_Hierophant","hierophant:Strike_Hierophant","hierophant:Strike_Hierophant","hierophant:Punish+1","hierophant:Defend_Hierophant","hierophant:Defend_Hierophant","hierophant:Defend_Hierophant","hierophant:Defend_Hierophant","hierophant:ChurchCoffers","hierophant:Endure","hierophant:HolyVerse+1","hierophant:AuricForm+1","hierophant:Doubloon","hierophant:RecallFunds","hierophant:Embezzle","hierophant:Flagellation+1","hierophant:MorningPrayer","hierophant:RustyCrate","hierophant:Doubloon","hierophant:Doubloon"],"relics":["hierophant:PropheticMaskRelic","Golden Egg","CaptainsWheel","Bottled Lightning","Tiny Chest"],"acts_visited":["Exordium"],"potions_floor_usage":[8,16,16,16],"damage_taken":[{"damage":1,"enemies":"Cultist","floor":1,"turns":3},{"damage":0,"enemies":"Small Slimes","floor":2,"turns":2},{"damage":26,"enemies":"Gremlin Nob","floor":8,"turns":4},{"damage":0,"enemies":"Lagavulin","floor":10,"turns":4},{"damage":11,"enemies":"Jaw Worm","floor":12,"turns":2},{"damage":1,"enemies":"Exordium Thugs","floor":13,"turns":4},{"damage":0,"enemies":"3 Louse","floor":14,"turns":1},{"damage":41,"enemies":"The Guardian","floor":16,"turns":5}],"seed_played":"-4829474511525271626","potions_obtained":[{"floor":1,"key":"Energy Potion"},{"floor":12,"key":"Adrenaline Potion"},{"floor":13,"key":"Strength Potion"},{"floor":14,"key":"Explosive Potion"}],"is_trial":false,"path_per_floor":["M","M","?","$","?","?","R","E","T","E","$","M","M","M","R_BF","B"],"character_chosen":"HIEROPHANT","items_purchased":["hierophant:AuricForm","hierophant:Flagellation"],"campfire_rested":0,"item_purchase_floors":[4,11],"current_hp_per_floor":[74,74,74,74,74,74,74,48,48,48,48,37,36,36,36,0,0],"gold":185,"neow_bonus":"TWO_FIFTY_GOLD","is_daily":false,"chose_seed":false,"campfire_upgraded":1,"win_rate":0.0,"timestamp":1609831464,"path_taken":["M","M","?","$","?","?","R","E","T","E","?","M","M","M","R_BF","BOSS"],"items_purchased_type":["Card","Card"],"build_version":"2020-12-22","purchased_purges":2,"victory":false,"max_hp_per_floor":[75,75,75,75,75,75,75,75,75,75,75,75,75,75,75,75,75],"card_choices":[{"not_picked":["hierophant:Racketeering","hierophant:Zeal"],"picked":"hierophant:Endure","floor":1},{"not_picked":["hierophant:MorningPrayer","hierophant:RepressedViolence"],"picked":"hierophant:HolyVerse","floor":2},{"not_picked":["hierophant:MirrorShield","hierophant:FlamingChariot"],"picked":"hierophant:RecallFunds","floor":8},{"not_picked":["hierophant:Exaltation","hierophant:SealAway"],"picked":"hierophant:Embezzle","floor":10},{"not_picked":["hierophant:Shelter","hierophant:AuricForm"],"picked":"hierophant:MorningPrayer","floor":12},{"not_picked":["hierophant:MorningPrayer","hierophant:DisplayOfPower","hierophant:ThreeLashes"],"picked":"SKIP","floor":13},{"not_picked":["hierophant:Upheaval","hierophant:Purify"],"picked":"hierophant:RustyCrate","floor":14}],"player_experience":256864,"relics_obtained":[{"floor":8,"key":"CaptainsWheel"},{"floor":9,"key":"Bottled Lightning"},{"floor":10,"key":"Tiny Chest"}],"event_choices":[{"damage_healed":0,"gold_gain":0,"player_choice":"Box","damage_taken":0,"relics_obtained":["Golden Egg"],"max_hp_gain":0,"max_hp_loss":0,"event_name":"Big Fish","floor":3,"gold_loss":0,"cards_obtained":["Regret"]},{"cards_removed":["construct:DefenseMode"],"damage_healed":0,"gold_gain":0,"player_choice":"Card Removal","damage_taken":0,"max_hp_gain":0,"max_hp_loss":0,"event_name":"The Cleric","floor":6,"gold_loss":50}],"is_beta":false,"boss_relics":[],"items_purged_floors":[4,11],"is_endless":false,"potions_floor_spawned":[1,12,13,14],"killed_by":"The Guardian","ascension_level":0}}