{"host":"jq8d8epkoknfq6em","time":1609810534,"event":{"mods":["AchievementEnabler","BaseMod","Colored Map","Colored Powertips","Highlight Path","Minty Spire (QoL Compilation)","Quick Restart","StSLib"],"gold_per_floor":[113,129,129,143,143,143,162,162,162,231,231,245,245,265,265,265,265],"floor_reached":16,"playtime":781,"items_purged":[],"score":143,"play_id":"5f3b726c-72b6-455c-bc02-61b2be640a07","local_time":"20210105023534","is_ascension_mode":true,"campfire_choices":[{"floor":6,"key":"REST"},{"data":"Body Slam","floor":8,"key":"SMITH"},{"data":"Iron Wave","floor":11,"key":"SMITH"},{"data":"Fire Breathing","floor":13,"key":"SMITH"},{"data":"Rampage","floor":15,"key":"SMITH"}],"circlet_count":0,"master_deck":["AscendersBane","Strike_R","Strike_R","Strike_R","Strike_R","Defend_R","Defend_R","Defend_R","Defend_R","Bash","Sever Soul","Iron Wave+1","Body Slam+1","Shockwave","Fire Breathing+1","Brutality","Rampage+1"],"relics":["Burning Blood","Golden Idol","Champion Belt","Ginger","Kunai"],"acts_visited":["Exordium"],"potions_floor_usage":[16],"damage_taken":[{"damage":15,"enemies":"Small Slimes","floor":1,"turns":6},{"damage":2,"enemies":"2 Louse","floor":2,"turns":3},{"damage":8,"enemies":"Jaw Worm","floor":4,"turns":5},{"damage":25,"enemies":"Red Slaver","floor":7,"turns":5},{"damage":0,"enemies":"Large Slime","floor":12,"turns":6},{"damage":13,"enemies":"2 Fungi Beasts","floor":14,"turns":5},{"damage":34,"enemies":"Hexaghost","floor":16,"turns":9}],"seed_played":"-2714121683282522006","potions_obtained":[{"floor":2,"key":"SteroidPotion"},{"floor":14,"key":"ElixirPotion"}],"is_trial":false,"path_per_floor":["M","M","?","M","?","R","M","R","T","T","R","M","R","M","R","B"],"character_chosen":"IRONCLAD","items_purchased":[],"campfire_rested":1,"item_purchase_floors":[],"current_hp_per_floor":[63,67,47,45,27,51,32,32,32,32,32,38,38,31,31,0,0],"gold":265,"neow_bonus":"TRANSFORM_CARD","is_daily":false,"chose_seed":false,"campfire_upgraded":4,"win_rate":0.0,"timestamp":1609810534,"path_taken":["M","M","?","M","?","R","M","R","T","?","R","M","R","M","R","BOSS"],"items_purchased_type":[],"build_version":"2020-12-22","purchased_purges":0,"victory":false,"max_hp_per_floor":[80,80,80,80,80,80,80,80,80,80,80,80,80,80,80,80,80],"card_choices":[{"not_picked":["Sword Boomerang","True Grit"],"picked":"Iron Wave","floor":1},{"not_picked":["Wild Strike","Flex"],"picked":"Body Slam","floor":2},{"not_picked":["Sword Boomerang","Uppercut"],"picked":"Shockwave","floor":4},{"not_picked":["Cleave","Havoc"],"picked":"Fire Breathing","floor":7},{"not_picked":["Pommel Strike","Rampage"],"picked":"Brutality","floor":12},{"not_picked":["Pummel","Heavy Blade"],"picked":"Rampage","floor":14}],"player_experience":938338,"relics_obtained":[{"floor":9,"key":"Ginger"},{"floor":10,"key":"Kunai"}],"event_choices":[{"damage_healed":0,"gold_gain":0,"player_choice":"Take Damage","damage_taken":20,"relics_obtained":["Golden Idol"],"max_hp_gain":0,"max_hp_loss":0,"event_name":"Golden Idol","floor":3,"gold_loss":0},{"damage_healed":0,"gold_gain":0,"player_choice":"Success","damage_taken":18,"relics_obtained":["Champion Belt"],"max_hp_gain":0,"max_hp_loss":0,"event_name":"Scrap Ooze","floor":5,"gold_loss":0}],"is_beta":false,"boss_relics":[],"items_purged_floors":[],"is_endless":false,"potions_floor_spawned":[2,14],"killed_by":"Hexaghost","ascension_level":11}}