{"host":"ig7tc0uedzltt2sr","time":1609830803,"event":{"mods":["BaseMod","Better Twitch Integration","Block Reminder","Colored Map","Colored Powertips","Communication Mod","Current Relic Mod","GifTheSpireLib","HexUI Lib","Minty Spire (QoL Compilation)","Quick Restart","Random Character Button","Rare Cards Sparkle","Relic Sorter","Relic Stats","Slay the Relics Exporter","StSLib","SuperFastMode","Synergy Search","Twitch Decklist","Twitch Utils","everything is the same but u backflip on backflip","slay the spire mod where everything is the same but ironclad has a cowboy hat"],"gold_per_floor":[113,161,179,199,199,199,229,246,273,273,291,304,316,334,334,334,334],"floor_reached":16,"playtime":120,"items_purged":[],"score":106,"play_id":"f378dc11-32bb-4637-a408-9dbed5de52f8","local_time":"20210104231323","is_ascension_mode":false,"campfire_choices":[{"floor":6,"key":"REST"},{"floor":15,"key":"REST"}],"circlet_count":0,"master_deck":["Strike_R","Strike_R","Strike_R","Strike_R","Strike_R","Defend_R","Defend_R","Defend_R","Defend_R","Bash","Hemokinesis","Hemokinesis","Clash","Exhume","Feel No Pain","Clothesline","Combust","Shockwave","Clothesline"],"relics":["Burning Blood","Red Skull","FossilizedHelix","Letter Opener","Anchor"],"acts_visited":["Exordium"],"potions_floor_usage":[],"damage_taken":[{"damage":62,"enemies":"Cultist","floor":1,"turns":10},{"damage":10,"enemies":"Jaw Worm","floor":3,"turns":4},{"damage":6,"enemies":"Small Slimes","floor":4,"turns":4},{"damage":15,"enemies":"Gremlin Nob","floor":7,"turns":4},{"damage":3,"enemies":"Exordium Wildlife","floor":8,"turns":3},{"damage":25,"enemies":"Lots of Slimes","floor":11,"turns":6},{"damage":9,"enemies":"Blue Slaver","floor":12,"turns":3},{"damage":4,"enemies":"Large Slime","floor":13,"turns":4},{"damage":2,"enemies":"Exordium Wildlife","floor":14,"turns":2},{"damage":70,"enemies":"Slime Boss","floor":16,"turns":14}],"seed_played":"609707454283864526","potions_obtained":[{"floor":4,"key":"BlessingOfTheForge"},{"floor":7,"key":"Explosive Potion"},{"floor":12,"key":"Strength Potion"},{"floor":13,"key":"DistilledChaos"},{"floor":14,"key":"Fire Potion"}],"is_trial":false,"path_per_floor":["M","T","M","M","T","R","E","M","T","?","M","M","M","M","R","B"],"character_chosen":"IRONCLAD","items_purchased":[],"campfire_rested":2,"item_purchase_floors":[],"current_hp_per_floor":[32,32,28,28,28,54,45,48,48,48,29,26,28,32,58,0,0],"gold":334,"neow_bonus":"TEN_PERCENT_HP_BONUS","is_daily":false,"chose_seed":false,"campfire_upgraded":0,"win_rate":0.0,"timestamp":1609830803,"path_taken":["M","?","M","M","?","R","E","?","T","?","M","M","M","M","R","BOSS"],"items_purchased_type":[],"build_version":"2020-12-22","purchased_purges":0,"victory":false,"max_hp_per_floor":[88,88,88,88,88,88,88,88,88,88,88,88,88,88,88,88,88],"relic_stats":{"counters":[10,54],"Letter Opener":[5],"obtain_stats":[{"Anchor":9,"Letter Opener":7,"Burning Blood":0,"Red Skull":2,"FossilizedHelix":5},{"Anchor":5,"Letter Opener":4,"Burning Blood":0,"Red Skull":1,"FossilizedHelix":3},{"Anchor":25,"Letter Opener":22,"Burning Blood":0,"Red Skull":10,"FossilizedHelix":18}],"Burning Blood":54},"card_choices":[{"not_picked":["Armaments","Wild Strike"],"picked":"Hemokinesis","floor":1},{"not_picked":["Second Wind","Warcry"],"picked":"Hemokinesis","floor":3},{"not_picked":["Cleave","Bloodletting"],"picked":"Clash","floor":4},{"not_picked":["Headbutt","Shrug It Off"],"picked":"Exhume","floor":7},{"not_picked":["Searing Blow","Sword Boomerang"],"picked":"Feel No Pain","floor":8},{"not_picked":["True Grit","Body Slam"],"picked":"Clothesline","floor":11},{"not_picked":["Twin Strike","Iron Wave"],"picked":"Combust","floor":12},{"not_picked":["True Grit","Havoc"],"picked":"Shockwave","floor":13},{"not_picked":["Wild Strike","Flex"],"picked":"Clothesline","floor":14}],"player_experience":1430426,"relics_obtained":[{"floor":2,"key":"Red Skull"},{"floor":5,"key":"FossilizedHelix"},{"floor":7,"key":"Letter Opener"},{"floor":9,"key":"Anchor"}],"event_choices":[{"damage_healed":0,"gold_gain":0,"player_choice":"Ignored","damage_taken":0,"max_hp_gain":0,"max_hp_loss":0,"event_name":"Shining Light","floor":10,"gold_loss":0}],"is_beta":false,"boss_relics":[],"items_purged_floors":[],"is_endless":false,"potions_floor_spawned":[4,7,12,13,14],"killed_by":"Slime Boss","ascension_level":0}}