{"host":"sav7uxregyirlf69","time":1609813795,"event":{"mods":["AchievementEnabler","BaseMod","Colored Map","DeckTracker","Keyboard Shortcuts","Minty Spire (QoL Compilation)","READ ME - Guardian Mod","StSLib","SuperFastMode"],"gold_per_floor":[118,43,62,62,82,82,82,95,122,122,122,158,50,83,83,176,176,196,121,121,140,15,45,64,81,81,114,126,126,126,140,140,216,216,233,233,183,183,109,143,156,171,171,3,0,31,31,46,46,46,46,46,46,46,46,46],"floor_reached":55,"playtime":1497,"items_purged":["Strike_R","Strike_R","Strike_R"],"score":1896,"play_id":"fc7fb742-8cdd-4e68-a705-ca2cdb887df7","local_time":"20210105112955","is_ascension_mode":true,"campfire_choices":[{"data":"Blood for Blood","floor":6.0,"key":"SMITH"},{"data":"Twin Strike","floor":7.0,"key":"SMITH"},{"data":"Evolve","floor":15.0,"key":"SMITH"},{"data":"Dark Embrace","floor":30.0,"key":"SMITH"},{"data":"Second Wind","floor":32.0,"key":"SMITH"},{"data":"Barricade","floor":47.0,"key":"SMITH"},{"floor":49.0,"key":"RECALL"},{"data":"True Grit","floor":53,"key":"SMITH"}],"circlet_count":0,"master_deck":["AscendersBane","Defend_R","Defend_R","Bash","Power Through","Twin Strike+1","Blood for Blood+1","Feed","Evolve+1","Wild Strike","Pommel Strike","Limit Break+1","True Grit+1","Second Wind+1","Shrug It Off","Burning Pact+1","Shockwave","Disarm","Dark Embrace+1","Body Slam+1","Barricade+1","Dark Shackles","Dual Wield","Shockwave","Flex+1"],"relics":["Burning Blood","WingedGreaves","Bloody Idol","Juzu Bracelet","Red Skull","StrikeDummy","Mark of Pain","Mercury Hourglass","Self Forming Clay","Bag of Preparation","Busted Crown","White Beast Statue","Red Mask","Oddly Smooth Stone"],"acts_visited":["Exordium","TheCity","TheBeyond","TheEnding"],"potions_floor_usage":[51,51],"damage_taken":[{"damage":6.0,"enemies":"Cultist","floor":1.0,"turns":3.0},{"damage":16.0,"enemies":"Jaw Worm","floor":3.0,"turns":7.0},{"damage":0.0,"enemies":"2 Louse","floor":5.0,"turns":2.0},{"damage":12.0,"enemies":"Looter","floor":8.0,"turns":3.0},{"damage":30.0,"enemies":"Lagavulin","floor":12.0,"turns":6.0},{"damage":8.0,"enemies":"Gremlin Nob","floor":14.0,"turns":3.0},{"damage":17.0,"enemies":"Hexaghost","floor":16.0,"turns":7.0},{"damage":0.0,"enemies":"Chosen","floor":18.0,"turns":3.0},{"damage":23.0,"enemies":"2 Thieves","floor":21.0,"turns":4.0},{"damage":18.0,"enemies":"Book of Stabbing","floor":23.0,"turns":6.0},{"damage":13.0,"enemies":"Chosen and Byrds","floor":24.0,"turns":7.0},{"damage":18.0,"enemies":"Snecko","floor":25.0,"turns":4.0},{"damage":17.0,"enemies":"Gremlin Leader","floor":27.0,"turns":8.0},{"damage":11.0,"enemies":"Cultist and Chosen","floor":28.0,"turns":5.0},{"damage":12.0,"enemies":"Chosen and Byrds","floor":31.0,"turns":5.0},{"damage":70.0,"enemies":"Collector","floor":33.0,"turns":10.0},{"damage":0.0,"enemies":"3 Shapes","floor":35.0,"turns":6.0},{"damage":1.0,"enemies":"Nemesis","floor":40.0,"turns":7.0},{"damage":0.0,"enemies":"3 Darklings","floor":41.0,"turns":6.0},{"damage":15.0,"enemies":"Sphere and 2 Shapes","floor":42.0,"turns":5.0},{"damage":35.0,"enemies":"Reptomancer","floor":46.0,"turns":5.0},{"damage":18.0,"enemies":"Transient","floor":48.0,"turns":6.0},{"damage":24.0,"enemies":"Donu and Deca","floor":50.0,"turns":7.0},{"damage":25,"enemies":"Time Eater","floor":51,"turns":6},{"damage":72,"enemies":"Shield and Spear","floor":55,"turns":3}],"seed_played":"8796152755599886883","potions_obtained":[{"floor":1.0,"key":"FearPotion"},{"floor":8.0,"key":"Dexterity Potion"},{"floor":14.0,"key":"EssenceOfSteel"},{"floor":16.0,"key":"HeartOfIron"},{"floor":23.0,"key":"AttackPotion"},{"floor":31.0,"key":"FairyPotion"},{"floor":41.0,"key":"ColorlessPotion"},{"floor":42.0,"key":"Energy Potion"},{"floor":46.0,"key":"Strength Potion"},{"floor":48.0,"key":"SpeedPotion"}],"is_trial":false,"path_per_floor":["M","$","M","?","M","R","R","M","T","?","?","E","$","E","R","B",null,"M","?","?","M","$","E","M","M","T","E","M","?","R","M","R","B",null,"M","?","?","?","$","E","M","M","T","$","?","E","R","M","R","B","B",null,"R","$","E"],"character_chosen":"IRONCLAD","items_purchased":["Evolve","Wild Strike","Shrug It Off","Dual Wield","Shockwave"],"campfire_rested":0,"item_purchase_floors":[13,13,22,39,44],"current_hp_per_floor":[68,68,58,58,62,62,62,56,56,49,49,28,28,26,26,15,53,62,62,62,58,58,54,55,48,48,42,45,45,45,44,44,24,66,80,80,80,70,70,80,83,82,82,82,82,58,58,51,51,36,17,71,71,71,0,0],"gold":46,"neow_bonus":"ONE_RARE_RELIC","is_daily":false,"chose_seed":false,"campfire_upgraded":7,"win_rate":0.0,"timestamp":1609813795,"path_taken":["M","?","M","?","M","R","R","M","T","?","?","E","$","E","R","BOSS","M","?","?","M","$","E","M","M","T","E","M","?","R","M","R","BOSS","M","?","?","?","$","E","M","M","T","$","?","E","R","M","R","BOSS","BOSS","R","$","E"],"items_purchased_type":["Card","Card","Card","Card","Card"],"build_version":"2020-12-22","purchased_purges":3,"victory":false,"max_hp_per_floor":[68,68,68,62,62,62,62,62,62,62,62,65,65,65,65,65,65,68,68,68,71,71,74,77,77,77,77,80,80,80,80,80,80,80,83,83,83,83,83,83,83,86,86,86,86,86,86,86,86,89,89,89,89,89,89,89],"card_choices":[{"not_picked":["Infernal Blade","Perfected Strike"],"picked":"Power Through","floor":1.0},{"not_picked":["Havoc","Pummel"],"picked":"Twin Strike","floor":3.0},{"not_picked":["Dropkick","Power Through"],"picked":"Blood for Blood","floor":5.0},{"not_picked":["Wild Strike","Havoc"],"picked":"Feed","floor":8.0},{"not_picked":["Clothesline","Rupture","Blood for Blood"],"picked":"SKIP","floor":12.0},{"not_picked":["Exhume","Warcry"],"picked":"Pommel Strike","floor":14.0},{"not_picked":["Double Tap","Bludgeon"],"picked":"Limit Break","floor":16.0},{"not_picked":["Wild Strike","Clash"],"picked":"True Grit","floor":18.0},{"not_picked":["Dual Wield","Dark Embrace"],"picked":"Second Wind","floor":21.0},{"not_picked":["Metallicize","Spot Weakness"],"picked":"Burning Pact","floor":23.0},{"not_picked":["Carnage","Rage"],"picked":"Shockwave","floor":24.0},{"not_picked":["Headbutt","Iron Wave","Carnage"],"picked":"SKIP","floor":25.0},{"not_picked":["Twin Strike","Whirlwind"],"picked":"Disarm","floor":27.0},{"not_picked":["Iron Wave","Hemokinesis"],"picked":"Dark Embrace","floor":28.0},{"not_picked":["Cleave","Barricade"],"picked":"Body Slam+1","floor":31.0},{"not_picked":["Exhume","Brutality"],"picked":"Barricade","floor":33.0},{"not_picked":["Clothesline"],"picked":"SKIP","floor":35.0},{"not_picked":[],"picked":"Dark Shackles","floor":38.0},{"not_picked":["Whirlwind"],"picked":"SKIP","floor":40.0},{"not_picked":["True Grit"],"picked":"SKIP","floor":41.0},{"not_picked":["Rupture"],"picked":"SKIP","floor":42.0},{"not_picked":[],"picked":"Flex+1","floor":46.0},{"not_picked":["Inflame+1"],"picked":"SKIP","floor":48.0}],"player_experience":1141236,"relics_obtained":[{"floor":9.0,"key":"Juzu Bracelet"},{"floor":12.0,"key":"Red Skull"},{"floor":14.0,"key":"StrikeDummy"},{"floor":23.0,"key":"Mercury Hourglass"},{"floor":26.0,"key":"Self Forming Clay"},{"floor":27.0,"key":"Bag of Preparation"},{"floor":40.0,"key":"White Beast Statue"},{"floor":46.0,"key":"Oddly Smooth Stone"}],"event_choices":[{"damage_healed":0.0,"max_hp_gain":0.0,"max_hp_loss":6.0,"gold_gain":0.0,"event_name":"Golden Idol","player_choice":"Lose Max HP","floor":4.0,"gold_loss":0.0,"damage_taken":0.0,"relics_obtained":["Golden Idol"]},{"cards_removed":["Defend_R"],"damage_healed":0.0,"max_hp_gain":0.0,"max_hp_loss":0.0,"gold_gain":0.0,"event_name":"Golden Wing","player_choice":"Card Removal","floor":10.0,"gold_loss":0.0,"damage_taken":7.0},{"damage_healed":0.0,"max_hp_gain":0.0,"max_hp_loss":0.0,"gold_gain":0.0,"event_name":"Liars Game","player_choice":"Ignored","floor":11.0,"gold_loss":0.0,"damage_taken":0.0},{"cards_removed":["Strike_R"],"damage_healed":0.0,"max_hp_gain":0.0,"max_hp_loss":0.0,"gold_gain":0.0,"event_name":"Beggar","player_choice":"Gave Gold","floor":19.0,"gold_loss":75.0,"damage_taken":0.0},{"damage_healed":0.0,"max_hp_gain":0.0,"max_hp_loss":0.0,"gold_gain":0.0,"event_name":"Forgotten Altar","player_choice":"Gave Idol","floor":20.0,"relics_lost":["Golden Idol"],"gold_loss":0.0,"damage_taken":0.0,"relics_obtained":["Bloody Idol"]},{"cards_removed":["Strike_R"],"damage_healed":0.0,"max_hp_gain":0.0,"max_hp_loss":0.0,"gold_gain":0.0,"event_name":"Back to Basics","player_choice":"Elegance","floor":29.0,"gold_loss":0.0,"damage_taken":0.0},{"cards_removed":["Defend_R"],"damage_healed":0.0,"max_hp_gain":0.0,"max_hp_loss":0.0,"gold_gain":0.0,"event_name":"Falling","player_choice":"Removed Skill","floor":36.0,"gold_loss":0.0,"damage_taken":0.0},{"damage_healed":0.0,"max_hp_gain":0.0,"max_hp_loss":0.0,"gold_gain":0.0,"event_name":"Designer","player_choice":"Upgraded Two","floor":37.0,"gold_loss":50.0,"damage_taken":0.0,"cards_upgraded":["Burning Pact","Limit Break"]},{"damage_healed":0.0,"max_hp_gain":0.0,"max_hp_loss":0.0,"gold_gain":0.0,"event_name":"SensoryStone","player_choice":"Memory 3","floor":38.0,"gold_loss":0.0,"damage_taken":10.0},{"damage_healed":0.0,"max_hp_gain":0.0,"max_hp_loss":0.0,"gold_gain":0.0,"event_name":"Tomb of Lord Red Mask","player_choice":"Paid","floor":45.0,"gold_loss":3.0,"damage_taken":0.0,"relics_obtained":["Red Mask"]}],"is_beta":false,"boss_relics":[{"not_picked":["Empty Cage","Black Star"],"picked":"Mark of Pain"},{"not_picked":["Runic Pyramid","SacredBark"],"picked":"Busted Crown"}],"items_purged_floors":[2,22,44],"is_endless":false,"potions_floor_spawned":[1,8,14,16,18,23,27,31,41,42,46,48],"killed_by":"Shield and Spear","ascension_level":20}}