{"host":"4q6g5wn1adpnm0z5","time":1609874956,"event":{"mods":["2.2 Compatiblity","Aspiration","Astrologer","BaseMod","Hermit","Hubris","Minty Spire (QoL Compilation)","Replay The Spire","StSLib","The Cursed","The Hierophant","The Jungle"],"gold_per_floor":[119,119,139,64,94,94,143,143,143,143,158,207,253,294,306,416,428,480,492,404,439,439,491,503,538,564,590,648,668,668,686,686,686,686],"floor_reached":33,"playtime":1935,"items_purged":["Defend_G","Defend_G"],"score":641,"play_id":"57a6f761-5c42-4561-b2bc-797fccc4844b","local_time":"20210105202916","daily_mods":["Allstar","Diverse","Terminal"],"is_ascension_mode":true,"campfire_choices":[{"data":"Neutralize","floor":6.0,"key":"SMITH"},{"data":"hermit:Quickdraw","floor":10.0,"key":"SMITH"},{"data":"Replay:Sssssssssshield","floor":15.0,"key":"SMITH"},{"floor":32,"key":"REST"}],"circlet_count":0,"master_deck":["AscendersBane","Strike_G","Strike_G","Strike_G","Strike_G","Strike_G","Defend_G","Defend_G","Defend_G","Survivor","Neutralize+1","HandOfGreed","Replay:Sssssssssshield+1","Poisoned Strike","hermit:Quickdraw+1","Mind Blast+1","Cleave","Quick Slash","Run Through+1","Inflame","hermit:Enervate+1","Bouncing Flask"],"relics":["Ring of the Snake","aspiration:BabyByrd","Chameleon Ring","hubris:DisguiseKit","MawBank","aspiration:Lifesprig","SlaversCollar","hubris:TenFootPole","Toy Ornithopter","Nunchaku","aspiration:DSix","FaceOfCleric"],"acts_visited":["Exordium","TheCity"],"potions_floor_usage":[23,24,29],"damage_taken":[{"damage":0.0,"enemies":"Cultist","floor":1.0,"turns":3.0},{"damage":0.0,"enemies":"Jaw Worm","floor":3.0,"turns":3.0},{"damage":0.0,"enemies":"2 Louse","floor":5.0,"turns":2.0},{"damage":2.0,"enemies":"Replay:BlueRogue","floor":7.0,"turns":8.0},{"damage":4.0,"enemies":"Exordium Thugs","floor":11.0,"turns":8.0},{"damage":5.0,"enemies":"3 Sentries","floor":12.0,"turns":8.0},{"damage":3.0,"enemies":"Gremlin Gang","floor":13.0,"turns":4.0},{"damage":0.0,"enemies":"Lagavulin","floor":14.0,"turns":9.0},{"damage":4.0,"enemies":"The Guardian","floor":16.0,"turns":14.0},{"damage":0.0,"enemies":"Chosen","floor":18.0,"turns":5.0},{"damage":0.0,"enemies":"3 Byrds","floor":21.0,"turns":6.0},{"damage":0,"enemies":"Replay:Snechameleon","floor":23,"turns":4},{"damage":0,"enemies":"Snake Plant","floor":24,"turns":3},{"damage":13,"enemies":"Book of Stabbing","floor":25,"turns":5},{"damage":15,"enemies":"Replay:Snechameleon","floor":27,"turns":7},{"damage":2,"enemies":"Centurion and Healer","floor":28,"turns":5},{"damage":9,"enemies":"Shelled Parasite and Fungi","floor":29,"turns":4},{"damage":5,"enemies":"3 Cultists","floor":31,"turns":5},{"damage":55,"enemies":"Automaton","floor":33,"turns":6}],"seed_played":"7143915181392565345","potions_obtained":[{"floor":1.0,"key":"Block Potion"},{"floor":7.0,"key":"SteroidPotion"},{"floor":16.0,"key":"LiquidMemories"},{"floor":21.0,"key":"CunningPotion"},{"floor":23,"key":"AttackPotion"},{"floor":31,"key":"SteroidPotion"}],"is_trial":true,"path_per_floor":["M","?","M","$","M","R","E","?","T","R","M","E","M","E","R","B",null,"M","?","$","M","?","E","M","E","T","E","M","M","?","M","R","B"],"character_chosen":"THE_SILENT","items_purchased":[],"campfire_rested":1,"item_purchase_floors":[],"current_hp_per_floor":[59,59,59,59,59,59,57,57,56,55,51,46,43,43,43,39,47,47,46,45,44,53,52,51,38,38,23,21,17,17,13,26,0,0],"gold":686,"neow_bonus":"","is_daily":false,"chose_seed":false,"campfire_upgraded":3,"win_rate":0.0,"timestamp":1609874956,"path_taken":["M","?","M","$","M","R","E","?","T","R","M","E","M","E","R","BOSS","M","?","$","M","?","E","M","E","T","E","?","M","?","M","R","BOSS"],"items_purchased_type":[],"build_version":"2020-12-22","purchased_purges":2,"victory":false,"max_hp_per_floor":[64,63,62,61,60,59,58,57,56,55,54,53,52,51,50,49,48,47,46,45,44,53,52,51,50,49,48,47,46,45,45,44,44,44],"card_choices":[{"not_picked":["astrologer:CometStrike","astrologer:GlassStar"],"picked":"hermit:Quickdraw","floor":1.0},{"not_picked":["Gash","ReplayTheSpireMod:System Scan","hermit:Feint"],"picked":"SKIP","floor":3.0},{"not_picked":["astrologer:GlassStar","astrologer:Prestidigitation","Undo"],"picked":"SKIP","floor":5.0},{"not_picked":["hermit:SprayPray","hierophant:Patience","Wraith Form v2"],"picked":"SKIP","floor":7.0},{"not_picked":["Armaments","hierophant:SealAway","Disarm"],"picked":"Cleave","floor":11.0},{"not_picked":["CrushJoints","hubris:TrickCloak","Sword Boomerang"],"picked":"Quick Slash","floor":12.0},{"not_picked":["Conclude","hierophant:PassingBell","Replay:Undeath\u0027s Touch","Replay:Undeath\u0027s Touch"],"picked":"SKIP","floor":13.0},{"not_picked":["hierophant:Shelter","TheCursedMod:HellsGateOpen","Evaluate","Juggernaut"],"picked":"SKIP","floor":14.0},{"not_picked":["Riddle With Holes","Clothesline","EmptyBody+1","Abandon"],"picked":"SKIP","floor":18.0},{"not_picked":["Indignation","astrologer:Moonlight","Shrug It Off"],"picked":"Run Through+1","floor":21.0},{"not_picked":["astrologer:Eclipse","True Grit","hermit:WideOpen","Perfected Strike"],"picked":"SKIP","floor":23},{"not_picked":["astrologer:Eclipse","True Grit","hermit:WideOpen","Perfected Strike"],"picked":"SKIP","floor":23},{"not_picked":["hermit:Quickdraw","hermit:Reprieve","hermit:Midnight"],"picked":"Inflame","floor":24},{"not_picked":["Turbo+1","FlurryOfBlows","hierophant:Shelter","Cleave"],"picked":"SKIP","floor":25},{"not_picked":["astrologer:TheLovers","hierophant:FieryStrike","Thunderclap","Wild Strike"],"picked":"SKIP","floor":27},{"not_picked":["Nirvana","ReplayReversal","Heavy Blade"],"picked":"hermit:Enervate+1","floor":28},{"not_picked":["TheCursedMod:Hemoplague","Blur","Cleave"],"picked":"Bouncing Flask","floor":29},{"not_picked":["TheCursedMod:CircleOfCorruption","True Grit","TheCursedMod:AntiAging","Combust"],"picked":"SKIP","floor":31}],"player_experience":2384081,"relics_obtained":[{"floor":7.0,"key":"Chameleon Ring"},{"floor":9.0,"key":"hubris:DisguiseKit"},{"floor":12.0,"key":"MawBank"},{"floor":14.0,"key":"aspiration:Lifesprig"},{"floor":23,"key":"hubris:TenFootPole"},{"floor":25,"key":"Toy Ornithopter"},{"floor":26,"key":"Nunchaku"},{"floor":27,"key":"aspiration:DSix"}],"event_choices":[{"cards_removed":["Crow Ritual"],"damage_healed":0.0,"max_hp_gain":10.0,"max_hp_loss":0.0,"gold_gain":0.0,"event_name":"Bonfire Elementals","player_choice":"Offered Rare","floor":22.0,"gold_loss":0.0,"damage_taken":0.0},{"damage_healed":0,"gold_gain":0,"player_choice":"Trade","damage_taken":0,"relics_obtained":["FaceOfCleric"],"max_hp_gain":0,"max_hp_loss":0,"event_name":"FaceTrader","floor":30,"gold_loss":0}],"is_beta":false,"boss_relics":[{"not_picked":["Runic Pyramid","Coffee Dripper"],"picked":"SlaversCollar"}],"items_purged_floors":[4,20],"is_endless":false,"potions_floor_spawned":[1,7,13,14,16,18,21,23,31],"killed_by":"Automaton","ascension_level":14}}