{"host":"p4v0hquynnreu717","time":1609870502,"event":{"mods":["BaseMod","Better Vampires","DeckTracker","Googly Eyes","Minty Spire (QoL Compilation)","Quick Restart","StSLib","SuperFastMode"],"gold_per_floor":[117,4,24,24,43,43,63,63,139,139,64,96,108,147,159,250,262,293,355,367,103,103,128,144,144,144,44,76,76,107,120,120,191,191,203,222,222,102,122,155,166,166,166,195,195,226,226,238,238,238,238,238,98,126,126],"floor_reached":56,"playtime":2118,"items_purged":["Sucker Punch","Cloak And Dagger","Masterful Stab","Decay","Escape Plan+1"],"score":2792,"play_id":"d193982d-b56f-4c42-a1d6-ae12fa867fa8","local_time":"20210106021502","is_ascension_mode":true,"campfire_choices":[{"data":"Reflex","floor":6.0,"key":"SMITH"},{"data":"Tactician","floor":8.0,"key":"SMITH"},{"data":"Envenom","floor":13,"key":"SMITH"},{"data":"Calculated Gamble","floor":15,"key":"SMITH"},{"data":"Finisher","floor":25,"key":"SMITH"},{"data":"Footwork","floor":29,"key":"SMITH"},{"floor":32,"key":"RECALL"},{"data":"Neutralize","floor":42,"key":"SMITH"},{"data":"Survivor","floor":49,"key":"SMITH"},{"floor":52,"key":"REST"}],"circlet_count":0,"master_deck":["AscendersBane","Survivor+1","Neutralize+1","Tactician+1","Envenom+1","Acrobatics+1","Finisher+1","Adrenaline+1","Footwork+1","Reflex+1","Calculated Gamble+1","Master of Strategy+1","Acrobatics+1","After Image+1"],"relics":["Pandora\u0027s Box","Pantograph","MawBank","Bottled Lightning","Black Star","MutagenicStrength","The Courier","War Paint","Toy Ornithopter","Letter Opener","Sundial","Tiny Chest","Akabeko","Calling Bell","Strawberry","Darkstone Periapt","Unceasing Top","Frozen Egg 2","Gambling Chip","Juzu Bracelet","Regal Pillow","Blue Candle","Pocketwatch","FossilizedHelix"],"acts_visited":["Exordium","TheCity","TheBeyond","TheEnding"],"potions_floor_usage":[55],"damage_taken":[{"damage":0.0,"enemies":"Jaw Worm","floor":1.0,"turns":2.0},{"damage":0.0,"enemies":"2 Louse","floor":3.0,"turns":1.0},{"damage":0.0,"enemies":"Cultist","floor":5.0,"turns":3.0},{"damage":0.0,"enemies":"2 Fungi Beasts","floor":7.0,"turns":3.0},{"damage":0,"enemies":"Lagavulin","floor":12,"turns":3},{"damage":0,"enemies":"Gremlin Nob","floor":14,"turns":2},{"damage":0,"enemies":"Slime Boss","floor":16,"turns":3},{"damage":2,"enemies":"Chosen","floor":18,"turns":2},{"damage":0,"enemies":"Book of Stabbing","floor":23,"turns":1},{"damage":19,"enemies":"2 Thieves","floor":24,"turns":2},{"damage":0,"enemies":"Gremlin Leader","floor":28,"turns":1},{"damage":0,"enemies":"Book of Stabbing","floor":30,"turns":1},{"damage":0,"enemies":"Snecko","floor":31,"turns":1},{"damage":0,"enemies":"Collector","floor":33,"turns":1},{"damage":0,"enemies":"3 Darklings","floor":35,"turns":1},{"damage":0,"enemies":"Orb Walker","floor":36,"turns":1},{"damage":0,"enemies":"4 Shapes","floor":39,"turns":1},{"damage":0,"enemies":"Nemesis","floor":40,"turns":1},{"damage":0,"enemies":"Maw","floor":41,"turns":1},{"damage":0,"enemies":"Reptomancer","floor":44,"turns":1},{"damage":0,"enemies":"Nemesis","floor":46,"turns":1},{"damage":0,"enemies":"3 Darklings","floor":48,"turns":1},{"damage":0,"enemies":"Time Eater","floor":50,"turns":4},{"damage":0,"enemies":"Shield and Spear","floor":54,"turns":1},{"damage":0,"enemies":"The Heart","floor":55,"turns":3}],"seed_played":"663584120992437568","potions_obtained":[{"floor":3.0,"key":"Fire Potion"},{"floor":7.0,"key":"Swift Potion"},{"floor":24,"key":"Swift Potion"},{"floor":40,"key":"GhostInAJar"}],"is_trial":false,"path_per_floor":["M","$","M","?","M","R","M","R","T","?","?","E","R","E","R","B",null,"M","?","?","$","?","E","M","R","T","$","E","R","E","M","R","B",null,"M","M","?","$","M","E","M","R","T","E","?","E","?","M","R","B",null,"R","$","E","B",null],"character_chosen":"THE_SILENT","items_purchased":["Footwork","Master of Strategy"],"campfire_rested":1,"item_purchase_floors":[2,21],"current_hp_per_floor":[59,59,59,52,52,52,52,52,52,52,52,52,52,52,52,66,66,64,64,46,46,46,46,27,27,27,27,27,27,27,27,27,52,73,73,73,79,79,79,79,79,79,79,79,79,79,79,79,79,80,80,80,80,80,80],"gold":126,"neow_bonus":"BOSS_RELIC","is_daily":false,"chose_seed":false,"campfire_upgraded":8,"win_rate":0.0,"timestamp":1609870502,"path_taken":["M","$","M","?","M","R","M","R","T","?","?","E","R","E","R","BOSS","M","?","?","$","?","E","M","R","T","$","E","R","E","M","R","BOSS","M","M","?","$","M","E","M","R","T","E","?","E","?","M","R","BOSS","R","$","E","BOSS"],"items_purchased_type":["Card","Card"],"build_version":"2020-12-22","purchased_purges":5,"victory":true,"max_hp_per_floor":[66,66,66,66,66,66,66,66,66,66,66,66,66,66,66,66,66,66,66,71,71,71,71,71,71,71,71,71,71,71,71,71,71,78,78,78,84,84,84,84,84,84,84,84,80,80,80,80,80,80,80,80,80,80,80],"card_choices":[{"not_picked":["Dodge and Roll","Bane","Deadly Poison"],"picked":"SKIP","floor":1.0},{"not_picked":["Blade Dance","Concentrate"],"picked":"Cloak And Dagger","floor":3.0},{"not_picked":["Distraction","Concentrate"],"picked":"Reflex","floor":5.0},{"not_picked":["Tactician","Dodge and Roll","Deflect"],"picked":"SKIP","floor":7.0},{"not_picked":["Deadly Poison","Finisher","Crippling Poison"],"picked":"SKIP","floor":12},{"not_picked":["Crippling Poison","Infinite Blades"],"picked":"Calculated Gamble","floor":14},{"not_picked":["Finisher+1","Deadly Poison","PiercingWail"],"picked":"SKIP","floor":18},{"not_picked":["PiercingWail","Dagger Throw","Prepared"],"picked":"SKIP","floor":23},{"not_picked":["Deadly Poison","Dagger Throw"],"picked":"Acrobatics+1","floor":24},{"not_picked":["Prepared","Flying Knee"],"picked":"Escape Plan+1","floor":28},{"not_picked":["PiercingWail","Predator","Acrobatics"],"picked":"SKIP","floor":30},{"not_picked":["Concentrate","Outmaneuver","Tools of the Trade"],"picked":"SKIP","floor":31},{"not_picked":["Noxious Fumes+1","Sucker Punch","Slice"],"picked":"SKIP","floor":35},{"not_picked":["Sucker Punch","Reflex+1","Slice"],"picked":"SKIP","floor":36},{"not_picked":["Accuracy","Flying Knee","Cloak And Dagger"],"picked":"SKIP","floor":39},{"not_picked":["Backflip","Predator","Sucker Punch+1"],"picked":"SKIP","floor":40},{"not_picked":["Backflip","Predator","Sucker Punch+1"],"picked":"SKIP","floor":40},{"not_picked":["Slice","Catalyst","Outmaneuver"],"picked":"SKIP","floor":41},{"not_picked":["Calculated Gamble+1","Envenom+1","Well Laid Plans+1"],"picked":"SKIP","floor":44},{"not_picked":["Crippling Poison","Calculated Gamble","Sucker Punch"],"picked":"SKIP","floor":46},{"not_picked":["PiercingWail+1","Footwork+1","Deadly Poison"],"picked":"SKIP","floor":48},{"not_picked":["Concentrate","Sucker Punch"],"picked":"After Image+1","floor":54}],"player_experience":758029,"relics_obtained":[{"floor":9.0,"key":"Pantograph"},{"floor":12,"key":"MawBank"},{"floor":14,"key":"Bottled Lightning"},{"floor":23,"key":"The Courier"},{"floor":23,"key":"War Paint"},{"floor":26,"key":"Toy Ornithopter"},{"floor":28,"key":"Letter Opener"},{"floor":28,"key":"Sundial"},{"floor":30,"key":"Tiny Chest"},{"floor":30,"key":"Akabeko"},{"floor":34,"key":"Strawberry"},{"floor":34,"key":"Darkstone Periapt"},{"floor":34,"key":"Unceasing Top"},{"floor":40,"key":"Frozen Egg 2"},{"floor":40,"key":"Gambling Chip"},{"floor":44,"key":"Juzu Bracelet"},{"floor":46,"key":"Regal Pillow"},{"floor":46,"key":"Blue Candle"},{"floor":54,"key":"Pocketwatch"},{"floor":54,"key":"FossilizedHelix"}],"event_choices":[{"cards_removed":["Masterful Stab"],"damage_healed":0.0,"max_hp_gain":0.0,"max_hp_loss":0.0,"gold_gain":0.0,"event_name":"Golden Wing","player_choice":"Card Removal","floor":4.0,"gold_loss":0.0,"damage_taken":7.0},{"damage_healed":0,"gold_gain":0,"player_choice":"Grow","damage_taken":0,"max_hp_gain":0,"max_hp_loss":0,"event_name":"Living Wall","floor":10,"gold_loss":0,"cards_upgraded":["Acrobatics"]},{"cards_removed":["Distraction"],"damage_healed":0,"gold_gain":0,"player_choice":"Card Removal","damage_taken":0,"max_hp_gain":0,"max_hp_loss":0,"event_name":"The Cleric","floor":11,"gold_loss":75},{"damage_healed":0,"gold_gain":50,"player_choice":"Stole From Cult","damage_taken":0,"max_hp_gain":0,"max_hp_loss":0,"event_name":"Nest","floor":19,"gold_loss":0},{"damage_healed":0,"gold_gain":0,"player_choice":"Shed Blood","damage_taken":23,"max_hp_gain":5,"max_hp_loss":0,"event_name":"Forgotten Altar","floor":20,"gold_loss":0},{"damage_healed":0,"gold_gain":0,"player_choice":"Inject Mutagens","damage_taken":0,"relics_obtained":["MutagenicStrength"],"max_hp_gain":0,"max_hp_loss":0,"event_name":"Drug Dealer","floor":22,"gold_loss":0},{"damage_healed":0,"gold_gain":0,"player_choice":"Cursed","damage_taken":0,"max_hp_gain":0,"max_hp_loss":0,"event_name":"Wheel of Change","floor":37,"gold_loss":0,"cards_obtained":["Decay"]},{"damage_healed":0,"gold_gain":0,"player_choice":"Max HP","damage_taken":0,"max_hp_gain":0,"max_hp_loss":4,"event_name":"Winding Halls","floor":45,"gold_loss":0},{"cards_removed":["Crippling Poison"],"damage_healed":0,"gold_gain":0,"player_choice":"Removed Skill","damage_taken":0,"max_hp_gain":0,"max_hp_loss":0,"event_name":"Falling","floor":47,"gold_loss":0}],"is_beta":false,"boss_relics":[{"not_picked":["Ectoplasm","Astrolabe"],"picked":"Black Star"},{"not_picked":["Runic Dome","Coffee Dripper"],"picked":"Calling Bell"}],"items_purged_floors":[2,21,27,38,53],"is_endless":false,"potions_floor_spawned":[3,7,16,24,30,33,35,36,40],"ascension_level":15}}