{"host":"6azrrw3tf7wb0f4b","time":1609859288,"event":{"mods":["BaseMod","DeckTracker","Minty Spire (QoL Compilation)","SuperFastMode"],"gold_per_floor":[117,117,117,67,84,117,117,152,152,76,76,88,106,120,120,216,216,230,243,342,342,227,227,227,252,252,271,120,120,120],"floor_reached":29,"playtime":510,"items_purged":["Writhe"],"score":442,"play_id":"b0d454c5-f016-4e41-8f8e-fda94a206c1b","local_time":"20210106000808","is_ascension_mode":true,"campfire_choices":[{"data":"Rip and Tear","floor":7,"key":"SMITH"},{"data":"Dualcast","floor":15,"key":"SMITH"},{"data":"Genetic Algorithm","floor":23,"key":"SMITH"}],"circlet_count":0,"master_deck":["AscendersBane","Zap","Dualcast+1","Genetic Algorithm+1","Chill","Rip and Tear+1","Ball Lightning","Coolheaded+1","Barrage","Reinforced Body+1","Doom and Gloom","Hologram+1","Meteor Strike","White Noise+1","Skim+1","Rebound","Chill+1","Static Discharge+1","Compile Driver","Amplify+1","Barrage","Consume+1","Darkness+1","Conserve Battery+1","Undo+1"],"relics":["Cracked Core","NeowsBlessing","Mercury Hourglass","Torii","Toxic Egg 2","Pandora\u0027s Box","Tiny Chest","Happy Flower","Bottled Tornado"],"acts_visited":["Exordium","TheCity"],"potions_floor_usage":[29,29],"damage_taken":[{"damage":0,"enemies":"Small Slimes","floor":1,"turns":1},{"damage":0,"enemies":"2 Louse","floor":5,"turns":1},{"damage":0,"enemies":"Gremlin Nob","floor":6,"turns":1},{"damage":19,"enemies":"3 Sentries","floor":8,"turns":6},{"damage":1,"enemies":"Jaw Worm","floor":12,"turns":2},{"damage":6,"enemies":"Looter","floor":13,"turns":2},{"damage":6,"enemies":"Blue Slaver","floor":14,"turns":2},{"damage":9,"enemies":"Slime Boss","floor":16,"turns":9},{"damage":1,"enemies":"Spheric Guardian","floor":18,"turns":4},{"damage":8,"enemies":"Shell Parasite","floor":19,"turns":4},{"damage":31,"enemies":"Book of Stabbing","floor":25,"turns":5},{"damage":23,"enemies":"Centurion and Healer","floor":27,"turns":4},{"damage":14,"enemies":"3 Cultists","floor":29,"turns":4}],"seed_played":"6998950630682774885","potions_obtained":[{"floor":1,"key":"Explosive Potion"},{"floor":8,"key":"ColorlessPotion"},{"floor":13,"key":"LiquidMemories"}],"is_trial":false,"path_per_floor":["M","?","?","?","M","E","R","E","T","$","?","M","M","M","R","B",null,"M","M","?","?","$","R","?","E","T","M","$","M"],"character_chosen":"DEFECT","items_purchased":["Coolheaded+1","Barrage","Consume+1","Darkness+1","Undo+1"],"campfire_rested":0,"item_purchase_floors":[10,10,22,22,28],"current_hp_per_floor":[68,73,66,66,66,66,66,47,47,47,47,46,40,34,34,25,66,65,57,57,57,57,57,57,26,26,3,3,0,0],"gold":120,"neow_bonus":"THREE_ENEMY_KILL","is_daily":false,"chose_seed":false,"campfire_upgraded":3,"win_rate":0.0,"timestamp":1609859288,"path_taken":["M","?","?","?","M","E","R","E","T","?","?","?","M","M","R","BOSS","M","M","?","?","$","R","?","E","T","M","?","M"],"items_purchased_type":["Card","Card","Card","Card","Card"],"build_version":"2020-12-22","purchased_purges":1,"victory":false,"max_hp_per_floor":[75,80,80,80,80,80,80,80,80,80,80,80,80,80,80,80,80,80,80,80,80,80,80,80,80,80,80,80,80,80],"card_choices":[{"not_picked":["Stack","Go for the Eyes"],"picked":"Genetic Algorithm","floor":1},{"not_picked":["Hello World","Gash"],"picked":"Chill","floor":5},{"not_picked":["Beam Cell","Force Field"],"picked":"Rip and Tear","floor":6},{"not_picked":["Stack","Streamline"],"picked":"Ball Lightning","floor":8},{"not_picked":["Cold Snap","Beam Cell"],"picked":"Reinforced Body+1","floor":12},{"not_picked":["Chill+1","Barrage"],"picked":"Doom and Gloom","floor":13},{"not_picked":["Leap+1","Core Surge"],"picked":"Hologram+1","floor":14},{"not_picked":["Buffer","Thunder Strike"],"picked":"Meteor Strike","floor":16},{"not_picked":["Hologram+1","Gash+1"],"picked":"Static Discharge+1","floor":18},{"not_picked":["Coolheaded+1","Beam Cell"],"picked":"Compile Driver","floor":19},{"not_picked":["Hello World","Hologram+1","Rebound"],"picked":"SKIP","floor":25},{"not_picked":["Genetic Algorithm+1","Reprogram+1"],"picked":"Conserve Battery+1","floor":27}],"player_experience":675885,"relics_obtained":[{"floor":6,"key":"Mercury Hourglass"},{"floor":8,"key":"Torii"},{"floor":9,"key":"Toxic Egg 2"},{"floor":25,"key":"Happy Flower"},{"floor":26,"key":"Bottled Tornado"}],"event_choices":[{"damage_healed":0,"gold_gain":0,"player_choice":"Donut","damage_taken":0,"max_hp_gain":5,"max_hp_loss":0,"event_name":"Big Fish","floor":2,"gold_loss":0},{"cards_removed":["Strike_B"],"damage_healed":0,"gold_gain":0,"player_choice":"Card Removal","damage_taken":7,"max_hp_gain":0,"max_hp_loss":0,"event_name":"Golden Wing","floor":3,"gold_loss":0},{"cards_removed":["Defend_B"],"damage_healed":0,"gold_gain":0,"player_choice":"Card Removal","damage_taken":0,"max_hp_gain":0,"max_hp_loss":0,"event_name":"The Cleric","floor":4,"gold_loss":50},{"damage_healed":0,"gold_gain":0,"player_choice":"Ignored","damage_taken":0,"max_hp_gain":0,"max_hp_loss":0,"event_name":"Liars Game","floor":11,"gold_loss":0},{"damage_healed":0,"gold_gain":99,"player_choice":"Stole From Cult","damage_taken":0,"max_hp_gain":0,"max_hp_loss":0,"event_name":"Nest","floor":20,"gold_loss":0},{"damage_healed":0,"gold_gain":0,"cards_transformed":["Scrape","Steam Power"],"player_choice":"Became Test Subject","damage_taken":0,"max_hp_gain":0,"max_hp_loss":0,"event_name":"Drug Dealer","floor":21,"gold_loss":0,"cards_obtained":["Amplify","Barrage"]},{"damage_healed":0,"gold_gain":0,"player_choice":"Opened","damage_taken":0,"relics_obtained":["Tiny Chest"],"max_hp_gain":0,"max_hp_loss":0,"event_name":"The Mausoleum","floor":24,"gold_loss":0,"cards_obtained":["Writhe"]}],"is_beta":false,"boss_relics":[{"not_picked":["Inserter","FrozenCore"],"picked":"Pandora\u0027s Box"}],"items_purged_floors":[28],"is_endless":false,"potions_floor_spawned":[1,8,13,14,16,27],"killed_by":"3 Cultists","ascension_level":12}}