{"host":"7qf1todfnxspvw7w","time":1609809332,"event":{"mods":["BaseMod","BetterRewards","Block Reminder","Colored Powertips","Disable Question Mark Monsters","Displayed Cursed Tome","Downfall","Gold Saver","Googly Eyes","Infinite Spire","Ironclad Rager","Lobotomy","Minty Spire (QoL Compilation)","Rare Cards Sparkle","Relic Stats","Reorder Act Four","Replay The Spire","SacredBarkPlus","Shop Mod","StSLib","Uncapped"],"gold_per_floor":[132,164,195,224,255,255,281,281,305,305,133,133,156,186,186,301,301,294,318,346,346,212,247,247,278,278,278,141,163,186,209,209,322,322,354,330,336,336,355,355,355,355,364,373,401,410,463,530,539,543,543],"floor_reached":50,"playtime":3246,"items_purged":["Normality","ReplayTheSpireMod:Doomed"],"score":584,"play_id":"403b91b3-6ce0-45d4-945d-294db3aa5d67","local_time":"20210105041532","is_ascension_mode":true,"campfire_choices":[{"floor":6,"key":"REST"},{"floor":8,"key":"REST"},{"floor":24,"key":"REST"}],"circlet_count":0,"master_deck":["SpecialBullet","SpecialBullet","SpecialBullet","SpecialBullet","SpecialBullet","SpecialBullet","OSAHOGD","RapturousDream","Horn","SecurityCode","VoidDream","Penitence","TheSmile","expansioncontent:Corrupt","UniverseFragment","Harvest","RedEyes","Justitia","Christmas","CUTE","Bandage Up","WristCuter","Logging","CENSORED_ego","WristCuter+1","infinitespire:FutureSight+1","Doubt","Adoration+1","SpecialBullet","SpecialBullet","SpecialBullet","GreenStem","RecordCode"],"relics":["CogitoBucket","Replay:Bandana","Cursed Key","Toy Ornithopter","Akabeko","CeramicFish","AtMidnight","SacredBark","Toxic Egg 2","Vajra","Bronze Scales"],"acts_visited":["TheCity","TheBeyond"],"potions_floor_usage":[16],"damage_taken":[{"damage":12,"enemies":"Jaw Worm","floor":1,"turns":2},{"damage":6,"enemies":"Cultist","floor":2,"turns":3},{"damage":0,"enemies":"Small Slimes","floor":3,"turns":2},{"damage":37,"enemies":"Gremlin Gang","floor":4,"turns":4},{"damage":13,"enemies":"Blue Slaver","floor":5,"turns":3},{"damage":20,"enemies":"Exordium Thugs","floor":7,"turns":4},{"damage":0,"enemies":"3 Louse","floor":13,"turns":3},{"damage":5,"enemies":"Exordium Wildlife","floor":14,"turns":5},{"damage":28,"enemies":"Hexaghost","floor":16,"turns":14},{"damage":2,"enemies":"2 Thieves","floor":18,"turns":4},{"damage":27,"enemies":"Chosen","floor":19,"turns":9},{"damage":0,"enemies":"Snecko","floor":20,"turns":7},{"damage":33,"enemies":"Gremlin Leader","floor":23,"turns":12},{"damage":20,"enemies":"Slavers","floor":25,"turns":8},{"damage":0,"enemies":"Sentry and Sphere","floor":29,"turns":9},{"damage":109,"enemies":"Snake Plant","floor":30,"turns":9},{"damage":27,"enemies":"Chosen and Byrds","floor":31,"turns":7},{"damage":24,"enemies":"Automaton","floor":33,"turns":13},{"damage":9,"enemies":"Orb Walker","floor":35,"turns":6},{"damage":51,"enemies":"infinitespire:Three Voidlings","floor":37,"turns":8},{"damage":8,"enemies":"3 Shapes","floor":39,"turns":13},{"damage":68,"enemies":"Transient","floor":45,"turns":5},{"damage":3,"enemies":"Giant Head","floor":47,"turns":7},{"damage":3,"enemies":"Jaw Worm Horde","floor":48,"turns":3},{"damage":72,"enemies":"Replay:Hell Engine","floor":50,"turns":6}],"seed_played":"2125860465620971196","potions_obtained":[{"floor":4,"key":"Venom Potion"},{"floor":13,"key":"Ancient Potion"},{"floor":14,"key":"LiquidMemories"},{"floor":20,"key":"Toxic Potion"},{"floor":39,"key":"Weak Potion"}],"is_trial":false,"path_per_floor":["M","M","M","M","M","R","M","R","T","R","$","?","M","M","R","B",null,"M","M","M","?","$","E","R","E","T","?","$","M","M","M","R","B",null,"M","$","?","?","M","R","?","R","T","AVR","M","?","E","M","R","B"],"character_chosen":"Angela","items_purchased":["expansioncontent:Corrupt","CUTE","Bandage Up","Logging","WristCuter+1"],"campfire_rested":3,"item_purchase_floors":[11,22,22,28,36],"current_hp_per_floor":[58,52,52,15,2,23,11,32,32,32,32,32,40,43,43,23,70,70,43,51,51,51,30,51,51,51,51,51,70,11,55,55,35,70,70,70,63,63,70,70,66,66,66,66,10,66,66,66,66,0,0],"gold":543,"neow_bonus":"RANDOM_COMMON_RELIC","is_daily":false,"chose_seed":false,"campfire_upgraded":0,"win_rate":0.0,"timestamp":1609809332,"path_taken":["M","M","M","M","M","R","M","R","T","R","$","?","M","?","R","BOSS","M","M","?","?","$","E","R","E","T","?","?","M","?","M","R","BOSS","M","$","?","?","?","R","?","R","T","AVR","M","?","E","M","R","BOSS"],"items_purchased_type":["Card","Card","Card","Card","Card"],"build_version":"2020-12-22","purchased_purges":2,"victory":false,"max_hp_per_floor":[70,70,70,70,70,70,70,70,70,70,70,70,70,70,70,70,70,70,70,70,70,70,70,70,70,70,70,70,70,70,70,70,70,70,70,70,70,70,70,70,66,66,66,66,66,66,66,66,66,66,66],"relic_stats":{"counters":[29,169],"CeramicFish":108,"Bronze Scales":[9],"Cursed Key":2,"obtain_stats":[{"CogitoBucket":0,"Replay:Bandana":0,"CeramicFish":26,"SacredBark":34,"Bronze Scales":47,"AtMidnight":30,"Vajra":43,"Toxic Egg 2":38,"Cursed Key":17,"Toy Ornithopter":23,"Akabeko":25},{"CogitoBucket":0,"Replay:Bandana":0,"CeramicFish":16,"SacredBark":21,"Bronze Scales":26,"AtMidnight":19,"Vajra":24,"Toxic Egg 2":23,"Cursed Key":10,"Toy Ornithopter":15,"Akabeko":16},{"CogitoBucket":0,"Replay:Bandana":0,"CeramicFish":82,"SacredBark":121,"Bronze Scales":160,"AtMidnight":101,"Vajra":148,"Toxic Egg 2":135,"Cursed Key":41,"Toy Ornithopter":74,"Akabeko":82}],"Toy Ornithopter":0},"card_choices":[{"not_picked":["Noise","Tough"],"picked":"SKIP","floor":1},{"not_picked":["SoundOfStar","Loneliness"],"picked":"SKIP","floor":2},{"not_picked":["SpiderBud","Murderer"],"picked":"OSAHOGD","floor":3},{"not_picked":["Tough"],"picked":"RapturousDream","floor":3},{"not_picked":["Gaze"],"picked":"Horn","floor":4},{"not_picked":["WallGazer","SpiderBud"],"picked":"VoidDream","floor":5},{"not_picked":["Beak"],"picked":"Penitence","floor":5},{"not_picked":["BlackSwan_ego"],"picked":"TheSmile","floor":7},{"not_picked":["LittleHelper","Laetitia"],"picked":"UniverseFragment","floor":13},{"not_picked":["Beak"],"picked":"Harvest","floor":13},{"not_picked":["CherryBlossom"],"picked":"RedEyes","floor":14},{"not_picked":["SoundOfStar"],"picked":"Justitia","floor":16},{"not_picked":["Regret_ego","Spore"],"picked":"SKIP","floor":18},{"not_picked":["Regret_ego","Horn+1"],"picked":"SKIP","floor":19},{"not_picked":["Hornet"],"picked":"Christmas","floor":20},{"not_picked":["Lantern"],"picked":"WristCuter","floor":23},{"not_picked":["Noise","Lantern"],"picked":"SKIP","floor":25},{"not_picked":["SomewhereSpear","CherryBlossom"],"picked":"SKIP","floor":29},{"not_picked":["Regret_ego+1","BearPaw+1"],"picked":"SKIP","floor":30},{"not_picked":["FourthMatchFlame","CUTE"],"picked":"SKIP","floor":31},{"not_picked":["ParadiseLost"],"picked":"CENSORED_ego","floor":33},{"not_picked":["FourthMatchFlame","Wingbeat+1"],"picked":"SKIP","floor":35},{"not_picked":["Penitence+1","Wingbeat+1"],"picked":"SKIP","floor":39},{"not_picked":["Wingbeat+1","TodaysExpression+1"],"picked":"SKIP","floor":45},{"not_picked":["Galaxy+1"],"picked":"Adoration+1","floor":47},{"not_picked":["Noise+1"],"picked":"GreenStem","floor":48}],"player_experience":511238,"relics_obtained":[{"floor":23,"key":"Toy Ornithopter"},{"floor":25,"key":"Akabeko"},{"floor":26,"key":"CeramicFish"},{"floor":30,"key":"AtMidnight"},{"floor":43,"key":"Vajra"},{"floor":47,"key":"Bronze Scales"}],"event_choices":[{"cards_removed":["SpecialBullet"],"damage_healed":0,"gold_gain":0,"player_choice":"Offered Basic","damage_taken":0,"max_hp_gain":0,"max_hp_loss":0,"event_name":"Bonfire Elementals","floor":12,"gold_loss":0},{"damage_healed":0,"gold_gain":0,"player_choice":"Ignored","damage_taken":0,"max_hp_gain":0,"max_hp_loss":0,"event_name":"Vampires","floor":27,"gold_loss":0},{"damage_healed":0,"gold_gain":0,"player_choice":"Gave Potion","damage_taken":0,"relics_obtained":["Toxic Egg 2"],"max_hp_gain":0,"max_hp_loss":0,"event_name":"WeMeetAgain","floor":38,"gold_loss":0},{"damage_healed":0,"gold_gain":0,"player_choice":"Max HP","damage_taken":0,"max_hp_gain":0,"max_hp_loss":4,"event_name":"Winding Halls","floor":41,"gold_loss":0},{"damage_healed":56,"gold_gain":0,"player_choice":"Heal","damage_taken":0,"max_hp_gain":0,"max_hp_loss":0,"event_name":"MindBloom","floor":46,"gold_loss":0,"cards_obtained":["Doubt"]}],"is_beta":false,"boss_relics":[{"not_picked":["Tiny House","Calling Bell"],"picked":"Cursed Key"},{"not_picked":["Replay:Wanted Poster","Snecko Eye"],"picked":"SacredBark"}],"items_purged_floors":[28,44],"is_endless":false,"potions_floor_spawned":[4,13,14,20,31,39],"killed_by":"Replay:Hell Engine","ascension_level":2}}