{"host":"wshh0nphwn6jv7vj","time":1609820761,"event":{"mods":["BaseMod","Bestiary","Minty Spire (QoL Compilation)"],"gold_per_floor":[12,30,30,40,40,40,40,70,70,70,84,84,100,118,118,193,193,208,208,16,16,36,36,46,46,71,82,7,7,7],"floor_reached":29,"playtime":1416,"items_purged":["Strike_G"],"score":441,"play_id":"1fa88676-9c3f-47e6-a9f4-a75915c02392","local_time":"20210104232601","is_ascension_mode":true,"campfire_choices":[{"data":"Neutralize","floor":6,"key":"SMITH"},{"floor":12,"key":"REST"},{"data":"Burst","floor":15,"key":"SMITH"},{"data":"Blade Dance","floor":23,"key":"SMITH"},{"data":"Neutralize","floor":25,"key":"SMITH"}],"circlet_count":0,"master_deck":["AscendersBane","Strike_G","Strike_G","Strike_G","Defend_G","Defend_G","Defend_G","Defend_G+1","Defend_G","Survivor","Neutralize+1","Corpse Explosion","Blur","Blade Dance+1","Neutralize+1","Burst+1","Dagger Spray+1","Predator","Poisoned Stab+1","Backstab","PiercingWail","Sucker Punch","Tools of the Trade","Reflex","Underhanded Strike","Footwork","Well Laid Plans","Blade Dance+1","Outmaneuver+1","Backflip"],"relics":["Ring of the Serpent","Prayer Wheel","Kunai","FaceOfCleric","Pear","Whetstone"],"acts_visited":["Exordium","TheCity"],"potions_floor_usage":[8,8,24,27,29,29],"damage_taken":[{"damage":17,"enemies":"Jaw Worm","floor":1,"turns":6},{"damage":3,"enemies":"Cultist","floor":2,"turns":5},{"damage":0,"enemies":"Small Slimes","floor":4,"turns":3},{"damage":2,"enemies":"Lagavulin","floor":8,"turns":5},{"damage":10,"enemies":"Red Slaver","floor":11,"turns":4},{"damage":4,"enemies":"Large Slime","floor":13,"turns":6},{"damage":4,"enemies":"Exordium Thugs","floor":14,"turns":3},{"damage":26,"enemies":"Slime Boss","floor":16,"turns":10},{"damage":0,"enemies":"Chosen","floor":18,"turns":7},{"damage":11,"enemies":"Spheric Guardian","floor":22,"turns":5},{"damage":13,"enemies":"Centurion and Healer","floor":24,"turns":6},{"damage":7,"enemies":"Snake Plant","floor":27,"turns":5},{"damage":49,"enemies":"Book of Stabbing","floor":29,"turns":5}],"seed_played":"7149764624364121045","potions_obtained":[{"floor":1,"key":"Poison Potion"},{"floor":4,"key":"Fruit Juice"},{"floor":18,"key":"FearPotion"},{"floor":21,"key":"DuplicationPotion"},{"floor":24,"key":"ColorlessPotion"},{"floor":27,"key":"ColorlessPotion"}],"is_trial":false,"path_per_floor":["M","M","?","M","$","R","?","E","T","?","M","R","M","M","R","B",null,"M","T","$","?","M","R","M","R","T","M","?","E"],"character_chosen":"THE_SILENT","items_purchased":["Underhanded Strike","Footwork"],"campfire_rested":1,"item_purchase_floors":[20,20],"current_hp_per_floor":[42,39,39,39,39,39,19,22,22,22,13,34,31,28,28,3,57,58,68,68,68,58,58,46,46,46,40,40,0,0],"gold":7,"neow_bonus":"THREE_RARE_CARDS","is_daily":false,"chose_seed":false,"campfire_upgraded":4,"win_rate":0.0,"timestamp":1609820761,"path_taken":["M","M","?","M","?","R","?","E","T","?","M","R","M","M","R","BOSS","M","?","$","?","M","R","?","R","T","M","?","E"],"items_purchased_type":["Card","Card"],"build_version":"2020-12-22","purchased_purges":1,"victory":false,"max_hp_per_floor":[66,66,66,66,66,66,66,71,71,71,72,72,73,74,74,75,75,76,86,86,86,87,87,88,88,88,89,89,89,89],"card_choices":[{"not_picked":["Doppelganger","A Thousand Cuts"],"picked":"Corpse Explosion","floor":0},{"not_picked":["Distraction","Dagger Spray"],"picked":"Blur","floor":1},{"not_picked":["Choke","PiercingWail"],"picked":"Blade Dance","floor":2},{"not_picked":["Accuracy","Deflect"],"picked":"Dagger Spray","floor":4},{"not_picked":["Dagger Throw","Bullet Time","Cloak And Dagger"],"picked":"SKIP","floor":8},{"not_picked":["Backflip","Flying Knee"],"picked":"Predator","floor":11},{"not_picked":["Underhanded Strike","PiercingWail"],"picked":"Poisoned Stab","floor":11},{"not_picked":["Endless Agony","Poisoned Stab"],"picked":"Backstab","floor":13},{"not_picked":["Poisoned Stab","Dodge and Roll","Outmaneuver"],"picked":"SKIP","floor":13},{"not_picked":["Burst","Cloak And Dagger"],"picked":"PiercingWail","floor":14},{"not_picked":["Acrobatics","Cloak And Dagger"],"picked":"Sucker Punch","floor":14},{"not_picked":["Grand Finale","Unload"],"picked":"Tools of the Trade","floor":16},{"not_picked":["Dagger Spray","Dodge and Roll"],"picked":"Reflex","floor":18},{"not_picked":["Dagger Spray","Flying Knee","Masterful Stab"],"picked":"SKIP","floor":18},{"not_picked":["Distraction","Endless Agony"],"picked":"Well Laid Plans","floor":22},{"not_picked":["Finisher","Dagger Spray"],"picked":"Blade Dance","floor":22},{"not_picked":["Prepared","Corpse Explosion"],"picked":"Outmaneuver+1","floor":24},{"not_picked":["Bane","Cloak And Dagger","Setup"],"picked":"SKIP","floor":24},{"not_picked":["All Out Attack","Outmaneuver"],"picked":"Backflip","floor":27},{"not_picked":["Backstab","Calculated Gamble","Flechettes"],"picked":"SKIP","floor":27}],"player_experience":1545224,"relics_obtained":[{"floor":8,"key":"Prayer Wheel"},{"floor":9,"key":"Kunai"},{"floor":19,"key":"Pear"},{"floor":26,"key":"Whetstone"}],"event_choices":[{"damage_healed":0,"gold_gain":0,"player_choice":"2 cards matched","damage_taken":0,"max_hp_gain":0,"max_hp_loss":0,"event_name":"Match and Keep!","floor":3,"gold_loss":0,"cards_obtained":["Neutralize","Burst"]},{"damage_healed":0,"gold_gain":0,"player_choice":"Entered Light","damage_taken":20,"max_hp_gain":0,"max_hp_loss":0,"event_name":"Shining Light","floor":7,"gold_loss":0,"cards_upgraded":["Blade Dance","Defend_G"]},{"damage_healed":0,"gold_gain":0,"player_choice":"Trade","damage_taken":0,"relics_obtained":["FaceOfCleric"],"max_hp_gain":0,"max_hp_loss":0,"event_name":"FaceTrader","floor":10,"gold_loss":0},{"damage_healed":0,"gold_gain":0,"player_choice":"Got Potions","damage_taken":0,"max_hp_gain":0,"max_hp_loss":0,"event_name":"Lab","floor":21,"gold_loss":0},{"cards_removed":["Strike_G"],"damage_healed":0,"gold_gain":0,"player_choice":"Gave Gold","damage_taken":0,"max_hp_gain":0,"max_hp_loss":0,"event_name":"Beggar","floor":28,"gold_loss":75}],"is_beta":false,"boss_relics":[{"not_picked":["HoveringKite","Runic Dome"],"picked":"Ring of the Serpent"}],"items_purged_floors":[20],"is_endless":false,"potions_floor_spawned":[1,4,18,24,27],"killed_by":"Book of Stabbing","ascension_level":17}}