{"host":"9d9dhukr2jywmy0f","time":1609826699,"event":{"mods":["2.2 Compatiblity","Alarm Clock","BaseMod","Bestiary","Block Reminder","Colored Map","Colored Powertips","Curses Come First","DeckTracker","Highlight Path","Infinite Spire","Keyboard Shortcuts","Minty Spire (QoL Compilation)","MonsterHotkey","Quick Restart","Rare Cards Sparkle","RatMod","Relic Sorter","Relic Stats","Spire Birthday Party","StSLib","SuperFastMode","Synergy Search","Unceasing Turn Reminder","Unknown Chances"],"gold_per_floor":[217,142,155,168,182,182,232,232,257,270,288,71,71,71,71,170,170,194,109,109,109,132,132,175,100,125,37,51,92,92,106,106,195,195,213,213,213,226,249,282,282,282,333,349,384,384,384],"floor_reached":46,"playtime":3449,"items_purged":["Strike_G","Defend_G","Defend_G","Strike_G"],"score":1266,"play_id":"3eb39a4a-85bc-487e-b601-cec0616d936f","local_time":"20210105140459","is_ascension_mode":true,"campfire_choices":[{"data":"Neutralize","floor":6.0,"key":"SMITH"},{"data":"Blade Dance","floor":8.0,"key":"SMITH"},{"data":"Burst","floor":15.0,"key":"SMITH"},{"data":"rat:Lunge","floor":23.0,"key":"SMITH"},{"data":"rat:MimicPod","floor":32.0,"key":"SMITH"},{"floor":41,"key":"REST"},{"data":"Doppelganger","floor":41,"key":"SMITH"}],"circlet_count":1,"master_deck":["AscendersBane","Strike_G","Strike_G","Survivor","Neutralize+1","Blade Dance+1","Burst+1","Backflip","rat:Lunge+1","Doppelganger+1","Dodge and Roll","rat:MimicPod+1","infinitespire:NeuralNetwork","Night Terror"],"relics":["Ring of the Snake","Circlet","Membership Card","Golden Idol","Coffee Dripper","Dream Catcher","Smiling Mask","Snake Skull","Gremlin Horn","Tough Bandages","Busted Crown","infinitespire:Magic Flask","Nunchaku","Orichalcum","rat:RedSneckoSkull"],"acts_visited":["Exordium","TheCity","TheBeyond"],"potions_floor_usage":[],"damage_taken":[{"damage":1.0,"enemies":"Small Slimes","floor":1.0,"turns":4.0},{"damage":7.0,"enemies":"Cultist","floor":3.0,"turns":5.0},{"damage":0.0,"enemies":"2 Louse","floor":4.0,"turns":6.0},{"damage":15.0,"enemies":"Large Slime","floor":5.0,"turns":12.0},{"damage":0.0,"enemies":"Blue Slaver","floor":10.0,"turns":4.0},{"damage":3.0,"enemies":"Looter","floor":11.0,"turns":3.0},{"damage":3.0,"enemies":"Hexaghost","floor":16.0,"turns":7.0},{"damage":6.0,"enemies":"3 Byrds","floor":18.0,"turns":7.0},{"damage":0.0,"enemies":"Shell Parasite","floor":22.0,"turns":5.0},{"damage":0.0,"enemies":"Nightmare","floor":24.0,"turns":13.0},{"damage":0.0,"enemies":"3 Cultists","floor":28.0,"turns":6.0},{"damage":33.0,"enemies":"Slavers","floor":29.0,"turns":22.0},{"damage":0.0,"enemies":"Snake Plant","floor":31.0,"turns":8.0},{"damage":0.0,"enemies":"Automaton","floor":33.0,"turns":8.0},{"damage":0.0,"enemies":"3 Shapes","floor":35.0,"turns":4.0},{"damage":0.0,"enemies":"Orb Walker","floor":38.0,"turns":4.0},{"damage":0.0,"enemies":"Jaw Worm Horde","floor":39.0,"turns":4.0},{"damage":0.0,"enemies":"Giant Head","floor":40.0,"turns":4.0},{"damage":0,"enemies":"Maw","floor":44,"turns":7},{"damage":11,"enemies":"Nemesis","floor":45,"turns":13}],"seed_played":"4220857182217818472","potions_obtained":[{"floor":3.0,"key":"Energy Potion"},{"floor":5.0,"key":"Strength Potion"},{"floor":11.0,"key":"SkillPotion"},{"floor":28.0,"key":"Block Potion"},{"floor":31.0,"key":"CunningPotion"},{"floor":33.0,"key":"SpeedPotion"},{"floor":35.0,"key":"Poison Potion"},{"floor":39.0,"key":"SpeedPotion"}],"is_trial":false,"path_per_floor":["M","$","M","M","M","R","?","R","T","M","M","$","?","?","R","B",null,"M","?","?","?","M","R","NM","?","T","$","M","E","AVR","M","R","B",null,"M","?","AVR","M","M","E","R","?","T","M","E","$"],"character_chosen":"THE_SILENT","items_purchased":["Membership Card","rat:MimicPod"],"campfire_rested":1,"item_purchase_floors":[12,27],"current_hp_per_floor":[58,58,51,51,36,36,36,36,36,36,33,33,33,33,33,30,53,47,47,47,47,47,47,47,47,47,47,47,14,14,14,14,14,49,49,49,49,49,49,49,60,60,60,60,49,49,49],"gold":384,"neow_bonus":"HUNDRED_GOLD","is_daily":false,"chose_seed":false,"campfire_upgraded":6,"win_rate":0.0,"timestamp":1609826699,"path_taken":["M","$","M","M","M","R","?","R","T","M","?","$","?","?","R","BOSS","M","?","?","?","M","R","NM","?","T","$","M","E","AVR","M","R","BOSS","M","?","AVR","M","?","E","R","?","T","M","E","$"],"items_purchased_type":["Relic","Card"],"build_version":"2020-11-30","purchased_purges":4,"victory":false,"max_hp_per_floor":[66,66,66,66,66,66,66,66,66,66,66,66,66,60,60,60,60,60,60,60,60,60,60,60,60,60,60,60,60,60,60,60,60,60,60,60,60,60,60,60,60,60,60,60,60,60,60],"relic_stats":{"Dream Catcher":1,"Tough Bandages":[30],"Nunchaku":[13],"Busted Crown":16,"Gremlin Horn":[6,6],"counters":[20,146],"Golden Idol":100,"Snake Skull":[0],"Orichalcum":[6],"Smiling Mask":13,"obtain_stats":[{"Gremlin Horn":29,"Golden Idol":14,"Circlet":0,"Snake Skull":26,"infinitespire:Magic Flask":37,"Orichalcum":43,"Smiling Mask":24,"keyreminder:keyreminder":9,"rat:RedSneckoSkull":45,"Dream Catcher":19,"Tough Bandages":30,"Nunchaku":40,"Busted Crown":34,"Coffee Dripper":17,"Membership Card":12,"Ring of the Snake":0},{"Gremlin Horn":12,"Golden Idol":6,"Circlet":0,"Snake Skull":10,"infinitespire:Magic Flask":15,"Orichalcum":18,"Smiling Mask":10,"keyreminder:keyreminder":4,"rat:RedSneckoSkull":20,"Dream Catcher":8,"Tough Bandages":12,"Nunchaku":18,"Busted Crown":14,"Coffee Dripper":7,"Membership Card":6,"Ring of the Snake":0},{"Gremlin Horn":94,"Golden Idol":34,"Circlet":0,"Snake Skull":66,"infinitespire:Magic Flask":114,"Orichalcum":126,"Smiling Mask":66,"keyreminder:keyreminder":27,"rat:RedSneckoSkull":146,"Dream Catcher":48,"Tough Bandages":94,"Nunchaku":126,"Busted Crown":110,"Coffee Dripper":41,"Membership Card":34,"Ring of the Snake":0}],"Ring of the Snake":[40]},"card_choices":[{"not_picked":["rat:MoondustBomb","Deflect","rat:Garrote"],"picked":"SKIP","floor":1.0},{"not_picked":["Cloak And Dagger","rat:EchoingStrikes","rat:Exsanguinate"],"picked":"SKIP","floor":3.0},{"not_picked":["Dagger Throw","Dodge and Roll"],"picked":"Blade Dance","floor":4.0},{"not_picked":["Cloak And Dagger","Poisoned Stab"],"picked":"Backflip","floor":5.0},{"not_picked":["Deadly Poison","Concentrate"],"picked":"Burst","floor":10.0},{"not_picked":["Backstab","Dodge and Roll"],"picked":"Backflip","floor":11.0},{"not_picked":["Bullet Time","rat:VenomousWounds"],"picked":"rat:Lunge","floor":16.0},{"not_picked":["All Out Attack","Deadly Poison","rat:FanOfKnives"],"picked":"SKIP","floor":18.0},{"not_picked":["Choke","Slice+1","Dodge and Roll"],"picked":"SKIP","floor":22.0},{"not_picked":["All Out Attack","A Thousand Cuts","rat:Garrote"],"picked":"SKIP","floor":24.0},{"not_picked":["rat:Shadowstep","rat:DextrousStrike","Riddle With Holes"],"picked":"SKIP","floor":28.0},{"not_picked":["Deadly Poison","rat:Shadowstep","rat:WitheringShackles"],"picked":"SKIP","floor":29.0},{"not_picked":["Flying Knee","rat:DextrousStrike","Sucker Punch"],"picked":"SKIP","floor":31.0},{"not_picked":["Storm of Steel","Venomology"],"picked":"Night Terror","floor":33.0},{"not_picked":["rat:SilveredBlade"],"picked":"SKIP","floor":35.0},{"not_picked":["Slice+1"],"picked":"SKIP","floor":38.0},{"not_picked":["Prepared"],"picked":"SKIP","floor":39.0},{"not_picked":["Prepared"],"picked":"SKIP","floor":40.0},{"not_picked":["Underhanded Strike+1"],"picked":"SKIP","floor":44},{"not_picked":["Calculated Gamble"],"picked":"SKIP","floor":45}],"player_experience":779252,"relics_obtained":[{"floor":24.0,"key":"Smiling Mask"},{"floor":26.0,"key":"Snake Skull"},{"floor":29.0,"key":"Gremlin Horn"},{"floor":40.0,"key":"Nunchaku"},{"floor":43,"key":"Orichalcum"},{"floor":45,"key":"rat:RedSneckoSkull"}],"event_choices":[{"damage_healed":0.0,"max_hp_gain":0.0,"max_hp_loss":0.0,"gold_gain":50.0,"event_name":"Golden Shrine","player_choice":"Pray","floor":7.0,"gold_loss":0.0,"damage_taken":0.0},{"damage_healed":0.0,"max_hp_gain":0.0,"max_hp_loss":6.0,"gold_gain":0.0,"event_name":"Golden Idol","player_choice":"Lose Max HP","floor":14.0,"gold_loss":0.0,"damage_taken":0.0,"relics_obtained":["Golden Idol"]},{"damage_healed":0.0,"max_hp_gain":0.0,"max_hp_loss":0.0,"gold_gain":0.0,"event_name":"Addict","player_choice":"Obtained Relic","floor":19.0,"gold_loss":85.0,"damage_taken":0.0,"relics_obtained":["Dream Catcher"]},{"damage_healed":0.0,"max_hp_gain":0.0,"max_hp_loss":0.0,"gold_gain":0.0,"cards_transformed":["Defend_G","Defend_G"],"event_name":"Drug Dealer","player_choice":"Became Test Subject","floor":20.0,"gold_loss":0.0,"damage_taken":0.0,"cards_obtained":["Doppelganger","Dodge and Roll"]},{"damage_healed":0.0,"max_hp_gain":0.0,"max_hp_loss":0.0,"gold_gain":0.0,"event_name":"The Mausoleum","player_choice":"Ignored","floor":21.0,"gold_loss":0.0,"damage_taken":0.0},{"cards_removed":["Strike_G"],"damage_healed":0.0,"max_hp_gain":0.0,"max_hp_loss":0.0,"gold_gain":0.0,"event_name":"Beggar","player_choice":"Gave Gold","floor":25.0,"gold_loss":75.0,"damage_taken":0.0},{"damage_healed":0.0,"max_hp_gain":0.0,"max_hp_loss":0.0,"gold_gain":0.0,"event_name":"Transmorgrifier","player_choice":"Ignored","floor":36.0,"gold_loss":0.0,"damage_taken":0.0},{"cards_removed":["Backflip"],"damage_healed":0,"gold_gain":0,"player_choice":"Removed Skill","damage_taken":0,"max_hp_gain":0,"max_hp_loss":0,"event_name":"Falling","floor":42,"gold_loss":0}],"is_beta":false,"boss_relics":[{"not_picked":["Snecko Eye","Empty Cage"],"picked":"Coffee Dripper"},{"not_picked":["Calling Bell","SacredBark"],"picked":"Busted Crown"}],"items_purged_floors":[2,12,27,30],"is_endless":true,"potions_floor_spawned":[3,5,10,11,28,31,33,35,39,45],"ascension_level":20}}