{"host":"7gewg82ormp6yt4e","time":1609847440,"event":{"mods":["BaseMod","Block Reminder","Colored Map","Colored Powertips","DeckTracker","Highlight Path","Minty Spire (QoL Compilation)","Relic Stats","StSLib","ojb\u0027s Info Mod"],"gold_per_floor":[110,21,39,39,39,39,51,51,75,86,119,119,133,163,163,163,163],"floor_reached":16,"playtime":464,"items_purged":[],"score":220,"play_id":"b02e8fcd-e040-4c96-a3c6-af916749bce5","local_time":"20210105205040","is_ascension_mode":true,"campfire_choices":[{"data":"Defragment","floor":6,"key":"SMITH"},{"data":"Streamline","floor":8,"key":"SMITH"},{"floor":12,"key":"REST"},{"data":"Defragment","floor":15,"key":"SMITH"}],"circlet_count":0,"master_deck":["AscendersBane","Strike_B","Strike_B","Strike_B","Strike_B","Defend_B","Defend_B","Defend_B","Defend_B","Zap","Dualcast","Ball Lightning","Defragment+1","Conserve Battery","Streamline+1","Defragment+1","Leap","Ball Lightning"],"relics":["Cracked Core","Dead Branch","Regal Pillow","White Beast Statue","Pen Nib"],"acts_visited":["Exordium"],"potions_floor_usage":[14,14,16],"damage_taken":[{"damage":0,"enemies":"Cultist","floor":1,"turns":3},{"damage":0,"enemies":"2 Louse","floor":3,"turns":3},{"damage":0,"enemies":"Jaw Worm","floor":7,"turns":3},{"damage":7,"enemies":"2 Fungi Beasts","floor":10,"turns":3},{"damage":21,"enemies":"Lagavulin","floor":11,"turns":5},{"damage":8,"enemies":"Exordium Wildlife","floor":13,"turns":3},{"damage":10,"enemies":"Gremlin Nob","floor":14,"turns":3},{"damage":51,"enemies":"Slime Boss","floor":16,"turns":6}],"seed_played":"-3851789416675487996","potions_obtained":[{"floor":10,"key":"Ancient Potion"},{"floor":11,"key":"PowerPotion"},{"floor":14,"key":"Explosive Potion"}],"is_trial":false,"path_per_floor":["M","$","M","?","?","R","M","R","T","M","E","R","M","E","R","B"],"character_chosen":"DEFECT","items_purchased":["Defragment"],"campfire_rested":1,"item_purchase_floors":[2],"current_hp_per_floor":[64,64,64,57,57,57,57,57,57,50,29,64,56,46,46,0,0],"gold":163,"neow_bonus":"ONE_RARE_RELIC","is_daily":false,"chose_seed":false,"campfire_upgraded":3,"win_rate":0.0,"timestamp":1609847440,"path_taken":["M","?","?","?","?","R","M","R","T","M","E","R","M","E","R","BOSS"],"items_purchased_type":["Card"],"build_version":"2020-12-22","purchased_purges":0,"victory":false,"max_hp_per_floor":[71,71,71,68,68,68,68,68,68,68,68,68,68,68,68,68,68],"relic_stats":{"Regal Pillow":15,"counters":[8,29],"Dead Branch":[8],"Pen Nib":[0],"obtain_stats":[{"Regal Pillow":9,"Dead Branch":0,"Pen Nib":14,"Cracked Core":0,"White Beast Statue":11},{"Regal Pillow":3,"Dead Branch":0,"Pen Nib":7,"Cracked Core":0,"White Beast Statue":5},{"Regal Pillow":9,"Dead Branch":0,"Pen Nib":23,"Cracked Core":0,"White Beast Statue":17}]},"card_choices":[{"not_picked":["Beam Cell","Hello World"],"picked":"Ball Lightning","floor":1},{"not_picked":["Steam","Fusion"],"picked":"Conserve Battery","floor":3},{"not_picked":["Gash","Conserve Battery"],"picked":"Streamline","floor":7},{"not_picked":["BootSequence","Barrage"],"picked":"Defragment","floor":10},{"not_picked":["Rebound","Compile Driver","Conserve Battery"],"picked":"SKIP","floor":11},{"not_picked":["Blizzard","Streamline"],"picked":"Leap","floor":13},{"not_picked":["Steam Power","Steam"],"picked":"Ball Lightning","floor":14}],"player_experience":2468485,"relics_obtained":[{"floor":9,"key":"Regal Pillow"},{"floor":11,"key":"White Beast Statue"},{"floor":14,"key":"Pen Nib"}],"event_choices":[{"cards_removed":["Parasite"],"damage_healed":0,"gold_gain":0,"player_choice":"Card Removal","damage_taken":7,"max_hp_gain":0,"max_hp_loss":0,"event_name":"Golden Wing","floor":4,"gold_loss":0},{"damage_healed":0,"gold_gain":0,"player_choice":"Leave","damage_taken":0,"max_hp_gain":0,"max_hp_loss":0,"event_name":"The Cleric","floor":5,"gold_loss":0}],"is_beta":false,"boss_relics":[],"items_purged_floors":[],"is_endless":false,"potions_floor_spawned":[10,11,13,14],"killed_by":"Slime Boss","ascension_level":20}}