{"host":"b0hh64pqctf46s8m","time":1609889889,"event":{"mods":["100% Spire Juice","Act Like it!","Aspiration","BaseMod","Bestiary","Better Third Choice","CCEM","CapriCore","ChefMod","Conspire","Curses Come First","Displayed Cursed Tome","Dota2Spire","Downfall","Ekko","Elementarium","Evolution","Fireblade Mod","Halation","Hallownest","Hermit","Hubris","Infinite Spire","Jess\u0027s Bottle","JesterMod","Jorbs\u0027s Wanderer Trilogy","Koishi","Kratos Character Expansion","Lobotomy","Luminous","Mari Mod (Legacy)","Mari\u0027s V1 Patch","Menagerie","Mimic Mod","Minty Spire (QoL Compilation)","Pale of the Ancients","Permanent Neow","Pikachu Mod","QueenMod","Random Character Button","Relic Sorter","Relic Stats","Replay The Spire","Robot Space Explorer","Shade Mod","StSLib","The Blue Laboratory","The Bug Knight","The Dragon Tamer","The Hayseed","The Immortal","The Marked","TheLocksmith","TheSwordswoman","TheVacant","TheWitcher","Treasure Hunter","UnlockEverythingMod","Wandering Minibosses","vexMod","??????REMEMod"],"gold_per_floor":[114,114,103,121,121,149,129,162,232,232,246,259,287,184,184,280,280,250,266,266,282,295,320,320,353,353,343,343,361,361,50,50,146,146,146],"floor_reached":34,"playtime":1699,"items_purged":["theMarked:Strike","Decay"],"score":414,"play_id":"b0e452e9-61a1-4bc4-9ac8-fabd6b3d10fd","local_time":"20210105153809","is_ascension_mode":false,"campfire_choices":[{"floor":10.0,"key":"REST"},{"floor":15.0,"key":"REST"},{"data":"theMarked:SoldierOfQuellstein","floor":24.0,"key":"SMITH"},{"data":"theMarked:HeritageOfTheMarked","floor":32.0,"key":"SMITH"}],"circlet_count":0,"master_deck":["theMarked:Strike+1","theMarked:Strike+1","theMarked:Strike+1","theMarked:Strike+1","theMarked:Defend+1","theMarked:Defend+1","theMarked:Defend+1","theMarked:Defend+1","theMarked:SoldierOfQuellstein+1","theMarked:MaelstromOfLightning","UniverseFragment","theMarked:WardOff+1","theMarked:SelfDefenseTraining+1","theMarked:BanishingStrike","theMarked:DeterminationOfTheMarked","theMarked:WastefulAttack","theMarked:BanishingWave+1","theMarked:TakeOffHeels","infinitespire:Starlight","Elementarium:GildedEssence","theMarked:HeritageOfTheMarked+1","theMarked:SelfDefenseTraining+1"],"relics":["theMarked:ArtifactOfAir","REME_ComplimentaryCards","Boot","Pantograph","The Courier","vexMod:BarristanHead","Replay:Grab Bag","Replay:Bronze Core","hubris:VirtuousBlindfold","MariMod:MariFestivalBadge","SnafuTest:CatRelic","vexMod:Dragonfruit","hubris:64BitClover","hubris:PeanutButter","Elementarium:ElementariumTrophy"],"acts_visited":["Hallownest:Greenpath","Elementarium:Elementarium"],"potions_floor_usage":[],"damage_taken":[{"damage":4.0,"enemies":"Hallownest:2_Tiktiks_and_1_Crawlid","floor":1.0,"turns":4.0},{"damage":7.0,"enemies":"Hallownest:monsterHuskGuard","floor":3.0,"turns":6.0},{"damage":0.0,"enemies":"Hallownest:monsterHuskWarrior","floor":4.0,"turns":5.0},{"damage":19.0,"enemies":"Hallownest:eliteCrystalGuardian","floor":6.0,"turns":6.0},{"damage":20.0,"enemies":"Hallownest:MossCreep_and_Mosskin","floor":7.0,"turns":7.0},{"damage":5.0,"enemies":"Hallownest:eliteMossKnight","floor":8.0,"turns":6.0},{"damage":11.0,"enemies":"Hallownest:monsterFoolEater","floor":11.0,"turns":5.0},{"damage":0.0,"enemies":"Hallownest:monsterMossCharger","floor":12.0,"turns":5.0},{"damage":16.0,"enemies":"Hallownest:eliteVengeflyKing","floor":13.0,"turns":9.0},{"damage":42.0,"enemies":"Hallownest:BossBrokenVessel","floor":16.0,"turns":9.0},{"damage":6.0,"enemies":"Elementarium:MUD_AND_TAR_GOLEMS","floor":18.0,"turns":6.0},{"damage":5.0,"enemies":"Elementarium:2_ELEMENTALS","floor":19.0,"turns":3.0},{"damage":0.0,"enemies":"Elementarium:VOID_CORRUPTION_AND_TAR_GOLEM","floor":21.0,"turns":5.0},{"damage":9.0,"enemies":"Elementarium:STONE_GOLEMS","floor":22.0,"turns":4.0},{"damage":44.0,"enemies":"Elementarium:FIRE_NOBILITY","floor":23.0,"turns":7.0},{"damage":9.0,"enemies":"Nightmare","floor":25.0,"turns":9.0},{"damage":11.0,"enemies":"Elementarium:RubyGolem","floor":28.0,"turns":5.0},{"damage":7.0,"enemies":"Elementarium:3_ELEMENTALS","floor":29.0,"turns":5.0},{"damage":13.0,"enemies":"Elementarium:PHOENIXES","floor":33.0,"turns":10.0}],"seed_played":"2423776879905368979","potions_obtained":[{"floor":1.0,"key":"SteroidPotion"},{"floor":3.0,"key":"SteroidPotion"},{"floor":4.0,"key":"Strength Potion"},{"floor":8.0,"key":"Energy Potion"},{"floor":29.0,"key":"blueLaboratory:BottleOfRum"},{"floor":33.0,"key":"blueLaboratory:FruitPunch"}],"is_trial":false,"path_per_floor":["M","?","M","M","?","E","M","E","T","R","M","M","E","$","R","B",null,"M","M","?","M","M","E","R","NM","T","?","M","M","?","$","R","B",null],"character_chosen":"THE_DEFAULT","items_purchased":["theMarked:BanishingWave+1","hubris:PeanutButter","theMarked:SelfDefenseTraining"],"campfire_rested":2,"item_purchase_floors":[14,31,31],"current_hp_per_floor":[66,66,59,59,59,40,20,15,15,36,25,25,9,9,30,13,70,64,59,66,66,57,13,13,9,9,9,8,11,11,11,11,33,33,33],"gold":146,"neow_bonus":"","is_daily":false,"chose_seed":false,"campfire_upgraded":2,"win_rate":0.0,"timestamp":1609889889,"path_taken":["M","?","M","M","?","E","M","E","T","R","M","?","E","$","R","BOSS","M","M","?","M","M","E","R","NM","T","?","M","M","?","?","R","BOSS"],"items_purchased_type":["Card","Relic","Card"],"build_version":"2020-12-22","purchased_purges":2,"victory":false,"max_hp_per_floor":[70,70,70,70,70,70,70,70,70,70,70,70,70,70,70,70,70,70,70,70,70,70,70,70,75,75,75,75,75,75,75,75,75,75,75],"relic_stats":{"counters":[19,116],"Pantograph":50,"Boot":[37],"obtain_stats":[{"hubris:64BitClover":26,"Replay:Grab Bag":17,"hubris:VirtuousBlindfold":17,"The Courier":9,"Hallownest:DreamNailRelic":5,"EVO:Axolotl":0,"Boot":6,"vexMod:Dragonfruit":25,"theMarked:ArtifactOfAir":0,"SnafuTest:CatRelic":23,"CogitoBucket":0,"vexMod:BarristanHead":13,"Elementarium:ElementariumTrophy":33,"Pantograph":8,"Replay:Bronze Core":17,"hubris:PeanutButter":31,"REME_ComplimentaryCards":0,"MariMod:MariFestivalBadge":17},{"hubris:64BitClover":16,"Replay:Grab Bag":10,"hubris:VirtuousBlindfold":10,"The Courier":6,"Hallownest:DreamNailRelic":3,"EVO:Axolotl":0,"Boot":4,"vexMod:Dragonfruit":16,"theMarked:ArtifactOfAir":0,"SnafuTest:CatRelic":15,"CogitoBucket":0,"vexMod:BarristanHead":9,"Elementarium:ElementariumTrophy":19,"Pantograph":6,"Replay:Bronze Core":10,"hubris:PeanutButter":18,"REME_ComplimentaryCards":0,"MariMod:MariFestivalBadge":10},{"hubris:64BitClover":96,"Replay:Grab Bag":62,"hubris:VirtuousBlindfold":62,"The Courier":34,"Hallownest:DreamNailRelic":15,"EVO:Axolotl":0,"Boot":21,"vexMod:Dragonfruit":96,"theMarked:ArtifactOfAir":0,"SnafuTest:CatRelic":87,"CogitoBucket":0,"vexMod:BarristanHead":53,"Elementarium:ElementariumTrophy":116,"Pantograph":34,"Replay:Bronze Core":62,"hubris:PeanutButter":106,"REME_ComplimentaryCards":0,"MariMod:MariFestivalBadge":62}]},"card_choices":[{"not_picked":["MeatLantern","PunishingBird"],"picked":"UniverseFragment","floor":1.0},{"not_picked":["theMarked:CreepingChasm","theMarked:WastefulAttack"],"picked":"theMarked:WardOff","floor":1.0},{"not_picked":["theMarked:ChainLightning","theMarked:Static"],"picked":"theMarked:SelfDefenseTraining","floor":3.0},{"not_picked":["theMarked:ReduceFriction","theMarked:SwordAndMagic"],"picked":"theMarked:BanishingStrike","floor":4.0},{"not_picked":["TH:EnergyPotion","TH:ElvenBoots"],"picked":"SKIP","floor":6.0},{"not_picked":["theMarked:Electrify","theMarked:EmpowerWeapon","theMarked:TunnelVision"],"picked":"SKIP","floor":6.0},{"not_picked":["theMarked:WastefulDefense","theMarked:ReduceFriction","theMarked:EmpowerWeapon"],"picked":"SKIP","floor":7.0},{"not_picked":["theMarked:Opportunist","theMarked:WastefulDefense"],"picked":"theMarked:DeterminationOfTheMarked","floor":8.0},{"not_picked":["TH:DeckOfManyThings","TH:TreasureMap"],"picked":"SKIP","floor":8.0},{"not_picked":["TH:CopperCoins","TH:CursedSword"],"picked":"SKIP","floor":9.0},{"not_picked":["theMarked:DeterminationOfTheMarked","theMarked:RepellingDischarge","theMarked:ResourceFulStrike"],"picked":"SKIP","floor":11.0},{"not_picked":["theMarked:Frustration","theMarked:Panic"],"picked":"theMarked:WastefulAttack","floor":12.0},{"not_picked":["TH:DeckOfManyThings","TH:ArmorSpikes"],"picked":"SKIP","floor":13.0},{"not_picked":["theMarked:Electrocute","theMarked:RepellingDischarge","theMarked:KeepCalmAndFightOn"],"picked":"SKIP","floor":13.0},{"not_picked":["theMarked:MuscleMemory","theMarked:SummonStrength"],"picked":"theMarked:TakeOffHeels","floor":16.0},{"not_picked":["theMarked:RepellingDischarge","theMarked:Static","theMarked:KeepCalmAndFightOn"],"picked":"SKIP","floor":18.0},{"not_picked":["theMarked:CreepingChasm","theMarked:RogueSparks","theMarked:Aftermath"],"picked":"SKIP","floor":19.0},{"not_picked":["theMarked:RepellingDischarge+1","theMarked:TurnInvisible","theMarked:PowerFlow"],"picked":"SKIP","floor":21.0},{"not_picked":["theMarked:Aftermath","theMarked:Electrocute+1","theMarked:WardOff"],"picked":"SKIP","floor":22.0},{"not_picked":["TH:PixieDust","TH:EnergyPotion"],"picked":"SKIP","floor":23.0},{"not_picked":["theMarked:SwordAndMagic","theMarked:Electrocute","theMarked:HeightenedSenses"],"picked":"SKIP","floor":23.0},{"not_picked":["infinitespire:SevenWalls","ReplayTheSpireMod:Black Plague"],"picked":"infinitespire:Starlight","floor":25.0},{"not_picked":["TH:EnergyPotion","TH:ElvenBoots"],"picked":"SKIP","floor":25.0},{"not_picked":["theMarked:TakeOffHeels","theMarked:Frustration","theMarked:Improvise"],"picked":"SKIP","floor":25.0},{"not_picked":["TH:PixieDust","TH:ElvenBoots"],"picked":"SKIP","floor":26.0},{"not_picked":["theMarked:Aftermath","theMarked:Parkour","theMarked:SelfDefenseTraining+1"],"picked":"SKIP","floor":28.0},{"not_picked":["theMarked:BanishingStrike","theMarked:Static"],"picked":"theMarked:HeritageOfTheMarked","floor":29.0}],"player_experience":1497972,"relics_obtained":[{"floor":6.0,"key":"Boot"},{"floor":8.0,"key":"Pantograph"},{"floor":9.0,"key":"The Courier"},{"floor":13.0,"key":"vexMod:BarristanHead"},{"floor":23.0,"key":"SnafuTest:CatRelic"},{"floor":25.0,"key":"vexMod:Dragonfruit"},{"floor":26.0,"key":"hubris:64BitClover"}],"event_choices":[{"damage_healed":0.0,"max_hp_gain":0.0,"max_hp_loss":0.0,"gold_gain":0.0,"event_name":"Elementarium:OnrushingOffering","player_choice":"Toss","floor":27.0,"gold_loss":10.0,"damage_taken":0.0,"cards_obtained":["Elementarium:GildedEssence"]},{"damage_healed":0.0,"max_hp_gain":0.0,"max_hp_loss":0.0,"gold_gain":0.0,"event_name":"Elementarium:RadiantAltar","player_choice":"Desecrate","floor":30.0,"gold_loss":0.0,"damage_taken":0.0,"cards_obtained":["Decay"]}],"is_beta":false,"boss_relics":[{"not_picked":["jesterMod:MachoBrace","Replay:Wanted Poster"],"picked":"Replay:Grab Bag"},{"not_picked":["halation:ForbiddenBikini","halation:SmartPhone"],"picked":"Replay:Bronze Core"},{"not_picked":["halation:CatFaceCupcake","Ectoplasm"],"picked":"hubris:VirtuousBlindfold"},{"not_picked":["REME_DemonsWealth","aspiration:RitualDagger"],"picked":"MariMod:MariFestivalBadge"}],"items_purged_floors":[14,31],"is_endless":false,"potions_floor_spawned":[1,3,4,8,12,19,29,33],"ascension_level":0}}