{"host":"ayh4nqhr0ddw4ozv","time":1609815231,"event":{"mods":["BaseMod","Minty Spire (QoL Compilation)","Relic Stats","Replay The Spire","Robot Space Explorer","StSLib"],"gold_per_floor":[119,139,153,153,167,195,195,215,215,295,220,249,249,269,269,269,269],"floor_reached":16,"playtime":812,"items_purged":["Delirium"],"score":253,"play_id":"b7dfee8e-6ba6-4b47-a180-081dd7f37b34","local_time":"20210104185351","is_ascension_mode":true,"campfire_choices":[{"data":"RobotSpaceExplorer:RigExplosive","floor":7.0,"key":"SMITH"},{"data":"RobotSpaceExplorer:MiniDrones","floor":13,"key":"SMITH"},{"floor":15,"key":"REST"}],"circlet_count":0,"master_deck":["AscendersBane","RobotSpaceExplorer:Strike","RobotSpaceExplorer:Strike","RobotSpaceExplorer:Strike","RobotSpaceExplorer:Strike","RobotSpaceExplorer:Defend","RobotSpaceExplorer:Defend+1","RobotSpaceExplorer:Defend","RobotSpaceExplorer:Scan","RobotSpaceExplorer:MiniLasers","RobotSpaceExplorer:FreezingShield","RobotSpaceExplorer:LuckyStrike+1","RobotSpaceExplorer:ScrapShield","RobotSpaceExplorer:MiniDrones+1","RobotSpaceExplorer:RigExplosive+1","RobotSpaceExplorer:JunkDive","RobotSpaceExplorer:FranticSearch"],"relics":["RobotSpaceExplorer:RoboCore","Pear","Anchor","PreservedInsect"],"acts_visited":["Exordium"],"potions_floor_usage":[12,12,16,16,16],"damage_taken":[{"damage":0.0,"enemies":"Cultist","floor":1.0,"turns":3.0},{"damage":0.0,"enemies":"Small Slimes","floor":2.0,"turns":4.0},{"damage":5.0,"enemies":"Jaw Worm","floor":3.0,"turns":3.0},{"damage":0.0,"enemies":"2 Fungi Beasts","floor":5.0,"turns":3.0},{"damage":21.0,"enemies":"Replay:BlueRogue","floor":6.0,"turns":7.0},{"damage":0.0,"enemies":"Exordium Wildlife","floor":8.0,"turns":3.0},{"damage":0,"enemies":"Gremlin Nob","floor":12,"turns":2},{"damage":0,"enemies":"Blue Slaver","floor":14,"turns":3},{"damage":56,"enemies":"Slime Boss","floor":16,"turns":15}],"seed_played":"264083469258311650","potions_obtained":[{"floor":1.0,"key":"GamblersBrew"},{"floor":2.0,"key":"Swift Potion"},{"floor":5.0,"key":"Fire Potion"},{"floor":12,"key":"SpeedPotion"},{"floor":14,"key":"DistilledChaos"}],"is_trial":false,"path_per_floor":["M","M","M","?","M","E","R","M","T","?","$","E","R","M","R","B"],"character_chosen":"RobotSpaceExplorer","items_purchased":[],"campfire_rested":1,"item_purchase_floors":[],"current_hp_per_floor":[64,64,59,38,38,27,27,27,27,27,27,27,27,27,51,0,0],"gold":269,"neow_bonus":"RANDOM_EVENT","is_daily":false,"chose_seed":false,"campfire_upgraded":2,"win_rate":0.0,"timestamp":1609815231,"path_taken":["M","M","M","?","M","E","R","M","T","?","$","E","R","M","R","BOSS"],"items_purchased_type":[],"build_version":"2020-12-22","purchased_purges":1,"victory":false,"max_hp_per_floor":[71,71,71,71,71,81,81,81,81,81,81,81,81,81,81,81,81],"relic_stats":{"counters":[9,43],"PreservedInsect":0,"obtain_stats":[{"Anchor":9,"Pear":6,"RobotSpaceExplorer:RoboCore":0,"PreservedInsect":12},{"Anchor":6,"Pear":5,"RobotSpaceExplorer:RoboCore":0,"PreservedInsect":7},{"Anchor":23,"Pear":20,"RobotSpaceExplorer:RoboCore":0,"PreservedInsect":25}]},"card_choices":[{"not_picked":["RobotSpaceExplorer:MiniBoosters","RobotSpaceExplorer:ScrapMissile"],"picked":"RobotSpaceExplorer:FreezingShield","floor":1.0},{"not_picked":["RobotSpaceExplorer:Fix","RobotSpaceExplorer:GlueShot"],"picked":"RobotSpaceExplorer:LuckyStrike","floor":2.0},{"not_picked":["RobotSpaceExplorer:Pulsar","RobotSpaceExplorer:StunGrenade"],"picked":"RobotSpaceExplorer:ScrapShield","floor":3.0},{"not_picked":["RobotSpaceExplorer:SurgingShield","RobotSpaceExplorer:PowerGlove"],"picked":"RobotSpaceExplorer:MiniDrones","floor":5.0},{"not_picked":["RobotSpaceExplorer:GlueShot","RobotSpaceExplorer:FranticSearch"],"picked":"RobotSpaceExplorer:RigExplosive","floor":6.0},{"not_picked":["RobotSpaceExplorer:DoubleFind","RobotSpaceExplorer:ShockKick","RobotSpaceExplorer:SlimeMissile"],"picked":"SKIP","floor":8.0},{"not_picked":["RobotSpaceExplorer:LuckyStrike","RobotSpaceExplorer:Arsenal"],"picked":"RobotSpaceExplorer:JunkDive","floor":12},{"not_picked":["RobotSpaceExplorer:FreezeRay","RobotSpaceExplorer:PlasmaMissile"],"picked":"RobotSpaceExplorer:FranticSearch","floor":14}],"player_experience":288535,"relics_obtained":[{"floor":6.0,"key":"Pear"},{"floor":9.0,"key":"Anchor"},{"floor":12,"key":"PreservedInsect"}],"event_choices":[{"damage_healed":0.0,"max_hp_gain":0.0,"max_hp_loss":0.0,"gold_gain":0.0,"event_name":"Shining Light","player_choice":"Entered Light","floor":4.0,"gold_loss":0.0,"damage_taken":21.0,"cards_upgraded":["RobotSpaceExplorer:LuckyStrike","RobotSpaceExplorer:Defend"]}],"is_beta":false,"boss_relics":[],"items_purged_floors":[11],"is_endless":false,"potions_floor_spawned":[1,2,5,12,14],"killed_by":"Slime Boss","ascension_level":17}}