{"host":"066y5nba5qw19k68","time":1609822562,"event":{"mods":["BaseMod","Colored Powertips","Downfall","Minty Spire (QoL Compilation)","Replay The Spire","Shop Mod","StSLib"],"gold_per_floor":[113,126,139,139,139,139,169,169,169,444,463,480,368,381,381,481,531,551,304,320,339,357,386,386,398,398,410,233,250,250,266,266,371,371,385,385,398,248,268,281,281,125,125,125,125,142,142,161,161,161],"floor_reached":51,"playtime":11376,"items_purged":["Regret","Strike_G","Strike_G","CommonCold"],"score":499,"play_id":"f96158da-1f2f-40ea-bfed-29906e5cff24","local_time":"20210105125602","is_ascension_mode":false,"campfire_choices":[{"data":"Deadly Poison","floor":6.0,"key":"SMITH"},{"data":"Deadly Poison","floor":8.0,"key":"SMITH"},{"data":"Noxious Fumes","floor":15.0,"key":"SMITH"},{"data":"Reflex","floor":24.0,"key":"SMITH"},{"floor":32.0,"key":"REST"},{"data":"Prepared","floor":41,"key":"SMITH"},{"data":"Neutralize","floor":45,"key":"SMITH"},{"data":"Bane","floor":47,"key":"SMITH"},{"floor":49,"key":"REST"}],"circlet_count":0,"master_deck":["Defend_G+1","Defend_G","Defend_G","Survivor","Neutralize+1","Deadly Poison+1","Deflect","Deadly Poison+1","Cloak And Dagger","Noxious Fumes+1","Prepared+1","Noxious Fumes+1","Crippling Poison","Replay:Bag of Tricks+1","Reflex+1","Acrobatics","PiercingWail+1","Deflect+1","Bouncing Flask+1","Bane+1","Burst+1","Backflip+1"],"relics":["Philosopher\u0027s Stone","Golden Egg","Tiny House","TwistedFunnel","Nunchaku","Quantum Egg","Nloth\u0027s Gift","Kintsugi","Spirit Poop","Toy Ornithopter","Du-Vu Doll"],"acts_visited":["Exordium","TheCity","TheBeyond"],"potions_floor_usage":[39,50,50,50],"damage_taken":[{"damage":0.0,"enemies":"2 Louse","floor":1.0,"turns":3.0},{"damage":0.0,"enemies":"Cultist","floor":2.0,"turns":4.0},{"damage":4.0,"enemies":"Jaw Worm","floor":3.0,"turns":4.0},{"damage":25.0,"enemies":"Lagavulin","floor":7.0,"turns":7.0},{"damage":1.0,"enemies":"Exordium Thugs","floor":11.0,"turns":3.0},{"damage":16.0,"enemies":"Large Slime","floor":12.0,"turns":6.0},{"damage":4.0,"enemies":"Red Slaver","floor":14.0,"turns":4.0},{"damage":4.0,"enemies":"The Guardian","floor":16.0,"turns":7.0},{"damage":7.0,"enemies":"Spheric Guardian","floor":18.0,"turns":4.0},{"damage":8.0,"enemies":"2 Thieves","floor":20.0,"turns":4.0},{"damage":0.0,"enemies":"Sentry and Sphere","floor":21.0,"turns":4.0},{"damage":3.0,"enemies":"Centurion and Healer","floor":22.0,"turns":6.0},{"damage":5.0,"enemies":"Replay:Snechameleon","floor":23.0,"turns":6.0},{"damage":20.0,"enemies":"Snake Plant","floor":25.0,"turns":3.0},{"damage":1.0,"enemies":"3 Cultists","floor":27.0,"turns":5.0},{"damage":9.0,"enemies":"Centurion and Healer","floor":29.0,"turns":4.0},{"damage":2.0,"enemies":"Shelled Parasite and Fungi","floor":31.0,"turns":3.0},{"damage":46.0,"enemies":"Champ","floor":33.0,"turns":10.0},{"damage":5.0,"enemies":"Orb Walker","floor":35.0,"turns":3.0},{"damage":0.0,"enemies":"3 Darklings","floor":37.0,"turns":4.0},{"damage":39,"enemies":"Spire Growth","floor":39,"turns":5},{"damage":12,"enemies":"4 Shapes","floor":40,"turns":5},{"damage":10,"enemies":"Maw","floor":46,"turns":7},{"damage":12,"enemies":"Spire Growth","floor":48,"turns":5},{"damage":59,"enemies":"Replay:Hell Engine","floor":50,"turns":10}],"seed_played":"-2512954645954591046","potions_obtained":[{"floor":2.0,"key":"Milkshake"},{"floor":11.0,"key":"Poison Potion"},{"floor":12.0,"key":"champ:CounterPotion"},{"floor":16.0,"key":"Adrenaline Potion"},{"floor":33.0,"key":"CultistPotion"},{"floor":37.0,"key":"PowerPotion"},{"floor":39,"key":"hexamod:EctoCoolerPotion"}],"is_trial":false,"path_per_floor":["M","M","M","?","?","R","E","R","T","?","M","M","$","M","R","B",null,"M","$","M","M","M","E","R","M","T","M","$","M","?","M","R","B",null,"M","?","M","$","M","M","R","$","T","?","R","M","R","M","R","B",null],"character_chosen":"THE_SILENT","items_purchased":["Noxious Fumes","TwistedFunnel","Bouncing Flask+1","Toy Ornithopter"],"campfire_rested":2,"item_purchase_floors":[13,19,28,42],"current_hp_per_floor":[70,70,66,66,71,71,46,46,46,46,45,29,29,25,25,21,80,73,73,65,65,62,57,57,37,37,36,36,27,27,25,49,3,80,75,75,75,75,36,24,24,24,24,80,80,70,70,58,80,29],"gold":161,"neow_bonus":"BOSS_RELIC","is_daily":false,"chose_seed":false,"campfire_upgraded":7,"win_rate":0.0,"timestamp":1609822562,"path_taken":["M","M","M","?","?","R","E","R","T","?","M","?","$","M","R","BOSS","M","$","M","M","M","E","R","M","T","M","$","M","?","?","R","BOSS","M","?","M","$","M","M","R","?","T","?","R","M","R","M","R","BOSS"],"items_purchased_type":["Card","Relic","Card","Relic"],"build_version":"2020-12-22","purchased_purges":4,"victory":true,"max_hp_per_floor":[70,70,70,70,75,75,75,75,75,75,75,75,75,75,75,75,80,80,80,80,80,80,80,80,80,80,80,80,80,80,80,80,80,80,80,80,80,80,80,80,80,80,80,80,80,80,80,80,80,80],"card_choices":[{"not_picked":["PiercingWail","Deflect"],"picked":"Deadly Poison","floor":1.0},{"not_picked":["Endless Agony","Sucker Punch"],"picked":"Deflect","floor":2.0},{"not_picked":["Night Terror","Flying Knee"],"picked":"Deadly Poison","floor":3.0},{"not_picked":["Slice","Deadly Poison"],"picked":"Cloak And Dagger","floor":7.0},{"not_picked":["Deflect","Terror"],"picked":"Noxious Fumes","floor":11.0},{"not_picked":["Masterful Stab","Blade Dance"],"picked":"Prepared","floor":12.0},{"not_picked":["Acrobatics","Deadly Poison"],"picked":"Crippling Poison","floor":14.0},{"not_picked":["Atom Bomb","A Thousand Cuts"],"picked":"Replay:Bag of Tricks","floor":16.0},{"not_picked":["All Out Attack","Blade Dance+1"],"picked":"Reflex","floor":18.0},{"not_picked":["Leg Sweep","Cloak And Dagger+1","Terror"],"picked":"SKIP","floor":20.0},{"not_picked":["Underhanded Strike+1","Dodge and Roll","Hidden Blade+1"],"picked":"SKIP","floor":21.0},{"not_picked":["Unload","Cloak And Dagger"],"picked":"Acrobatics","floor":22.0},{"not_picked":["Noxious Fumes","Fluid Movement","Toxin Wave+1"],"picked":"SKIP","floor":23.0},{"not_picked":["Backflip","Blade Dance"],"picked":"PiercingWail+1","floor":25.0},{"not_picked":["Blade Dance","Backflip"],"picked":"Deflect+1","floor":27.0},{"not_picked":["Dagger Throw","Die Die Die"],"picked":"Bane","floor":29.0},{"not_picked":["Sucker Punch","Fluid Movement","Deadly Poison"],"picked":"SKIP","floor":31.0},{"not_picked":["ReplayTheSpireMod:Exploit Weakness","Dagger Spray","Bane"],"picked":"SKIP","floor":35.0},{"not_picked":["Underhanded Strike","Quick Slash","Hidden Blade"],"picked":"SKIP","floor":37.0},{"not_picked":["Bane","Deflect+1"],"picked":"Burst","floor":39},{"not_picked":["Leg Sweep+1","Dash","Sucker Punch"],"picked":"SKIP","floor":40},{"not_picked":["Blade Dance+1","Dagger Throw+1","Venomology"],"picked":"SKIP","floor":46},{"not_picked":["Dagger Spray","ReplayTheSpireMod:From All Sides"],"picked":"Backflip+1","floor":48}],"player_experience":42351,"relics_obtained":[{"floor":7.0,"key":"HornCleat"},{"floor":9.0,"key":"Golden Egg"},{"floor":23.0,"key":"Nunchaku"},{"floor":26.0,"key":"Quantum Egg"},{"floor":43,"key":"Du-Vu Doll"}],"event_choices":[{"damage_healed":0.0,"max_hp_gain":5.0,"max_hp_loss":0.0,"gold_gain":0.0,"event_name":"Big Fish","player_choice":"Donut","floor":5.0,"gold_loss":0.0,"damage_taken":0.0},{"damage_healed":0.0,"max_hp_gain":0.0,"max_hp_loss":0.0,"gold_gain":275.0,"event_name":"Golden Shrine","player_choice":"Desecrate","floor":10.0,"gold_loss":0.0,"damage_taken":0.0,"cards_obtained":["Regret"]},{"damage_healed":0.0,"max_hp_gain":0.0,"max_hp_loss":0.0,"gold_gain":0.0,"event_name":"N\u0027loth","player_choice":"Traded Relic","floor":30.0,"relics_lost":["HornCleat"],"gold_loss":0.0,"damage_taken":0.0,"relics_obtained":["Nloth\u0027s Gift"]},{"cards_removed":["ReplayTheSpireMod:Splinters"],"damage_healed":0.0,"max_hp_gain":0.0,"max_hp_loss":0.0,"gold_gain":0.0,"event_name":"Bonfire Elementals","player_choice":"Offered Curse","floor":36.0,"gold_loss":0.0,"damage_taken":0.0,"relics_obtained":["Spirit Poop"]},{"damage_healed":56,"gold_gain":0,"player_choice":"Full Heal","damage_taken":0,"max_hp_gain":0,"max_hp_loss":0,"event_name":"Wheel of Change","floor":44,"gold_loss":0}],"is_beta":false,"boss_relics":[{"not_picked":["Replay:Wanted Poster","Coffee Dripper"],"picked":"Tiny House"},{"not_picked":["Runic Dome","Replay:Grab Bag"],"picked":"Kintsugi"}],"items_purged_floors":[13,19,28,38],"is_endless":false,"potions_floor_spawned":[2,11,12,16,21,25,29,31,33,35,37,39,48],"ascension_level":0}}