{"host":"cdnletu4ypo40ld3","time":1609824638,"event":{"mods":["BaseMod","Colored Map","Downfall","Googly Eyes","Hermit","Highlight Path","Infinite Spire","Jorbs\u0027s Wanderer Trilogy","Marisa????????","Minty Spire (QoL Compilation)","Rare Cards Sparkle","Replay The Spire","StSLib","The Animator","The Cursed","The Disciple","The Runesmith","The Servant 0.9.4"],"gold_per_floor":[109,167,167,182,182,214,232,232,282,296,296,310,338,357,357,454,454,470,486,74,74,74,74,107,107,107,107,118,130,130,150,150,248,248,261,261,276,290,306,306,338,338,364,382,412,32,42,62,62,62],"floor_reached":51,"playtime":6163,"items_purged":["hermit:Defend_Hermit","hermit:Defend_Hermit"],"score":816,"play_id":"28bf56bc-5fef-41f2-a284-e41ba6608c80","local_time":"20210105123038","is_ascension_mode":false,"campfire_choices":[{"data":"hermit:Combo","floor":8.0,"key":"SMITH"},{"floor":11.0,"key":"REST"},{"floor":15.0,"key":"REST"},{"floor":23.0,"key":"REST"},{"floor":25.0,"key":"REST"},{"floor":30.0,"key":"REST"},{"floor":40.0,"key":"REST"},{"data":"Replay:Fractal Strike","floor":42.0,"key":"SMITH"},{"floor":49.0,"key":"REST"}],"circlet_count":0,"master_deck":["hermit:Strike_Hermit+1","hermit:Strike_Hermit","hermit:Strike_Hermit+1","hermit:Strike_Hermit","hermit:Defend_Hermit","hermit:Snapshot","hermit:Covet+1","expansioncontent:Chronoboost","hermit:Combo+1","hermit:Determination","hermit:Roughhouse","hermit:Showdown","hermit:TrackingShot","hermit:EyeOfTheStorm+1","hermit:BigShot","hermit:Determination","hermit:FinalCanter+1","hermit:Vantage+1","hermit:TrackingShot+1","hermit:FlashPowder+1","expansioncontent:DashGenerateEvil+1","hermit:FullyLoaded","Replay:Fractal Strike+1","hermit:Vantage+1","hermit:Combo+1","hermit:CalledShot","hermit:OverwhelmingPower+1","hermit:BodyArmor","hermit:Desperado","hermit:ShadowCloak+1","hermit:CursedWeapon+1","hermit:Purgatory+1","hermit:Headshot+1","hermit:Glare+1","hermit:Horror+1"],"relics":["hermit:Momento","Omamori","infinitespire:Beetle Shell","Golden Egg","Replay:Grab Bag","Philosopher\u0027s Stone","ReplayTheSpireMod:Onyx Gauntlets","Ring of Chaos","Frozen Eye","hermit:Horseshoe","infinitespire:CheckeredPen","StrikeDummy","Replay:Ringing Soul","Cursed Key","War Paint","ReplayTheSpireMod:TigerMarble","Garlic","Iron Hammer"],"acts_visited":["Exordium","TheCity","TheBeyond"],"potions_floor_usage":[50],"damage_taken":[{"damage":2.0,"enemies":"2 Louse","floor":1.0,"turns":4.0},{"damage":1.0,"enemies":"Jaw Worm","floor":4.0,"turns":3.0},{"damage":24.0,"enemies":"Replay:BlueRogue","floor":6.0,"turns":7.0},{"damage":0.0,"enemies":"Small Slimes","floor":7.0,"turns":3.0},{"damage":5.0,"enemies":"Looter","floor":10.0,"turns":3.0},{"damage":6.0,"enemies":"2 Fungi Beasts","floor":12.0,"turns":3.0},{"damage":10.0,"enemies":"Lagavulin","floor":13.0,"turns":8.0},{"damage":0.0,"enemies":"3 Louse","floor":14.0,"turns":3.0},{"damage":36.0,"enemies":"Slime Boss","floor":16.0,"turns":10.0},{"damage":21.0,"enemies":"3 Byrds","floor":18.0,"turns":5.0},{"damage":18.0,"enemies":"Shell Parasite","floor":19.0,"turns":5.0},{"damage":25.0,"enemies":"Slavers","floor":24.0,"turns":7.0},{"damage":0.0,"enemies":"Cultist and Chosen","floor":28.0,"turns":4.0},{"damage":10.0,"enemies":"Sentry and Sphere","floor":29.0,"turns":4.0},{"damage":0.0,"enemies":"Centurion and Healer","floor":31.0,"turns":4.0},{"damage":48.0,"enemies":"Collector","floor":33.0,"turns":7.0},{"damage":0.0,"enemies":"Orb Walker","floor":35.0,"turns":1.0},{"damage":0.0,"enemies":"3 Darklings","floor":37.0,"turns":5.0},{"damage":14.0,"enemies":"Writhing Mass","floor":38.0,"turns":2.0},{"damage":34.0,"enemies":"Maw","floor":39.0,"turns":5.0},{"damage":0.0,"enemies":"Nemesis","floor":41.0,"turns":3.0},{"damage":2.0,"enemies":"4 Shapes","floor":44.0,"turns":2.0},{"damage":60.0,"enemies":"Reptomancer","floor":45.0,"turns":5.0},{"damage":0.0,"enemies":"Jaw Worm Horde","floor":47.0,"turns":3.0},{"damage":25.0,"enemies":"Transient","floor":48.0,"turns":5.0},{"damage":60,"enemies":"Donu and Deca","floor":50,"turns":7}],"seed_played":"1669479385970958142","potions_obtained":[{"floor":4.0,"key":"SkillPotion"},{"floor":7.0,"key":"hermit:BlackBile"},{"floor":13.0,"key":"champ:CounterPotion"},{"floor":14.0,"key":"Guardian:BlockOnCardUsePotion"},{"floor":16.0,"key":"SkillPotion"},{"floor":24.0,"key":"Ancient Potion"},{"floor":28.0,"key":"Fire Potion"},{"floor":33.0,"key":"Fire Potion"},{"floor":35.0,"key":"hexamod:EctoCoolerPotion"},{"floor":37.0,"key":"sneckomod:MuddlingPotion"},{"floor":45.0,"key":"Elixir"},{"floor":48.0,"key":"SpeedPotion"}],"is_trial":false,"path_per_floor":["M","?","?","M","?","E","M","R","T","M","R","M","E","M","R","B",null,"M","M","$","?","?","R","E","R","T","AVR","M","M","R","M","R_BF","B",null,"M","?","M","M","M","R","E","R","T","M","E","$","M","M","R","B",null],"character_chosen":"HERMIT","items_purchased":["hermit:FlashPowder","expansioncontent:DashGenerateEvil","Frozen Eye","Iron Hammer","hermit:Glare"],"campfire_rested":7,"item_purchase_floors":[20,20,20,46,46],"current_hp_per_floor":[73,73,58,57,75,51,51,51,51,46,68,62,52,52,74,38,75,54,36,36,36,36,58,33,55,55,55,58,51,75,78,78,33,87,87,90,90,79,48,76,79,79,79,80,23,26,26,4,37,40],"gold":62,"neow_bonus":"RANDOM_COLORLESS","is_daily":false,"chose_seed":false,"campfire_upgraded":2,"win_rate":0.0,"timestamp":1609824638,"path_taken":["M","?","?","M","?","E","M","R","T","?","R","M","E","M","R","BOSS","M","M","$","?","?","R","E","R","T","AVR","M","M","R","M","R_BF","BOSS","M","?","?","M","M","R","E","R","T","M","E","$","M","M","R","BOSS"],"items_purchased_type":["Card","Card","Relic","Relic","Card"],"build_version":"2020-12-22","purchased_purges":2,"victory":true,"max_hp_per_floor":[75,75,75,75,75,75,75,75,75,75,75,75,75,75,75,75,75,75,75,75,75,75,75,75,75,75,75,78,81,81,84,84,87,87,87,90,90,93,96,96,99,99,99,102,105,108,108,111,111,111],"card_choices":[{"not_picked":["expansioncontent:HyperBeam","expansioncontent:SuperHexaguard"],"picked":"expansioncontent:Chronoboost","floor":0.0},{"not_picked":["hermit:LuckOfTheDraw","hermit:Malice"],"picked":"hermit:Combo","floor":1.0},{"not_picked":["hermit:PistolWhip","hermit:BodyArmor"],"picked":"hermit:Determination","floor":4.0},{"not_picked":["hermit:HoleUp","hermit:LuckOfTheDraw"],"picked":"hermit:Roughhouse","floor":6.0},{"not_picked":["hermit:Snipe","hermit:Roulette"],"picked":"hermit:Showdown","floor":7.0},{"not_picked":["hermit:BigShot","hermit:Enervate"],"picked":"hermit:TrackingShot","floor":10.0},{"not_picked":["hermit:LuckOfTheDraw","hermit:HoleUp"],"picked":"hermit:EyeOfTheStorm","floor":12.0},{"not_picked":["hermit:HoleUp","hermit:Snipe"],"picked":"hermit:BigShot","floor":13.0},{"not_picked":["hermit:ItchyTrigger","hermit:Roulette"],"picked":"hermit:Determination","floor":14.0},{"not_picked":["hermit:Gambit","hermit:HighNoon"],"picked":"hermit:FinalCanter","floor":16.0},{"not_picked":["hermit:CalledShot","hermit:Dive"],"picked":"hermit:Vantage+1","floor":18.0},{"not_picked":["hermit:ShadowCloak","hermit:HoleUp"],"picked":"hermit:TrackingShot+1","floor":19.0},{"not_picked":["hermit:Ricochet+1","hermit:Malice"],"picked":"hermit:FullyLoaded","floor":24.0},{"not_picked":["hermit:Ricochet+1","hermit:Headshot+1"],"picked":"hermit:Vantage+1","floor":28.0},{"not_picked":["hermit:BodyArmor","hermit:TrackingShot"],"picked":"hermit:Combo+1","floor":29.0},{"not_picked":["hermit:HighCaliber","hermit:BlackWind"],"picked":"hermit:CalledShot","floor":31.0},{"not_picked":["hermit:Gambit","hermit:FromBeyond"],"picked":"hermit:OverwhelmingPower","floor":33.0},{"not_picked":["hermit:Gestalt","hermit:Vantage","hermit:CalledShot+1"],"picked":"SKIP","floor":35.0},{"not_picked":["hermit:BigShot","hermit:Dive","hermit:Quickdraw"],"picked":"SKIP","floor":37.0},{"not_picked":["hermit:LuckOfTheDraw+1","hermit:Snipe"],"picked":"hermit:Desperado","floor":38.0},{"not_picked":["hermit:TrackingShot","hermit:Coalescence+1"],"picked":"hermit:ShadowCloak+1","floor":39.0},{"not_picked":["hermit:Dive+1","hermit:SprayPray"],"picked":"hermit:CursedWeapon+1","floor":41.0},{"not_picked":["hermit:BigShot+1","hermit:Combo"],"picked":"hermit:Purgatory","floor":44.0},{"not_picked":["hermit:HoleUp","hermit:SprayPray"],"picked":"hermit:Headshot+1","floor":45.0},{"not_picked":["hermit:SprayPray+1","hermit:TrackingShot","hermit:Shortfuse+1"],"picked":"SKIP","floor":47.0},{"not_picked":["hermit:Headshot+1","hermit:Ricochet+1"],"picked":"hermit:Horror+1","floor":48.0}],"player_experience":184950,"relics_obtained":[{"floor":6.0,"key":"Omamori"},{"floor":9.0,"key":"infinitespire:Beetle Shell"},{"floor":13.0,"key":"Golden Egg"},{"floor":24.0,"key":"infinitespire:CheckeredPen"},{"floor":26.0,"key":"StrikeDummy"},{"floor":41.0,"key":"War Paint"},{"floor":43.0,"key":"ReplayTheSpireMod:TigerMarble"},{"floor":45.0,"key":"Garlic"}],"event_choices":[{"damage_healed":0.0,"max_hp_gain":0.0,"max_hp_loss":0.0,"gold_gain":58.0,"event_name":"Golden Wing","player_choice":"Gained Gold","floor":2.0,"gold_loss":0.0,"damage_taken":0.0},{"damage_healed":0.0,"max_hp_gain":0.0,"max_hp_loss":0.0,"gold_gain":0.0,"event_name":"Shining Light","player_choice":"Entered Light","floor":3.0,"gold_loss":0.0,"damage_taken":15.0,"cards_upgraded":["hermit:Strike_Hermit","hermit:Strike_Hermit"]},{"damage_healed":18.0,"max_hp_gain":0.0,"max_hp_loss":0.0,"gold_gain":0.0,"event_name":"Wheel of Change","player_choice":"Full Heal","floor":5.0,"gold_loss":0.0,"damage_taken":0.0},{"damage_healed":0.0,"max_hp_gain":0.0,"max_hp_loss":0.0,"gold_gain":0.0,"event_name":"Addict","player_choice":"Stole Relic","floor":21.0,"gold_loss":0.0,"damage_taken":0.0,"relics_obtained":["hermit:Horseshoe"],"cards_obtained":["Shame"]},{"damage_healed":0.0,"max_hp_gain":0.0,"max_hp_loss":0.0,"gold_gain":0.0,"event_name":"Cursed Tome","player_choice":"Ignored","floor":22.0,"gold_loss":0.0,"damage_taken":0.0},{"damage_healed":0.0,"max_hp_gain":0.0,"max_hp_loss":0.0,"gold_gain":0.0,"event_name":"Vampires","player_choice":"Ignored","floor":32.0,"gold_loss":0.0,"damage_taken":0.0},{"damage_healed":0.0,"max_hp_gain":0.0,"max_hp_loss":0.0,"gold_gain":0.0,"cards_transformed":["hermit:Defend_Hermit"],"event_name":"Transmorgrifier","player_choice":"Transformed","floor":36.0,"gold_loss":0.0,"damage_taken":0.0,"cards_obtained":["hermit:BodyArmor"]}],"is_beta":false,"boss_relics":[{"not_picked":["Sozu","Replay:Ancient Bell"],"picked":"Replay:Grab Bag"},{"not_picked":["ReplayTheSpireMod:DimensionalGlitch","ChewingGum"],"picked":"Philosopher\u0027s Stone"},{"not_picked":["Replay:Bronze Core","Coffee Dripper"],"picked":"ReplayTheSpireMod:Onyx Gauntlets"},{"not_picked":["Black Star","ReplayTheSpireMod:SealedPack"],"picked":"Ring of Chaos"},{"not_picked":["Astrolabe","Calling Bell"],"picked":"Cursed Key"}],"items_purged_floors":[27,46],"is_endless":false,"potions_floor_spawned":[4,7,13,14,16,24,28,33,35,37,45,48],"ascension_level":0}}