{"host":"yecadp3kwkksam5a","time":1609825287,"event":{"mods":["BaseMod","Minty Spire (QoL Compilation)","Replay The Spire","StSLib","The Jungle"],"gold_per_floor":[109,125,142,4,22,22,22],"floor_reached":6,"playtime":415,"items_purged":[],"score":76,"play_id":"d1009380-8b4e-4d6d-8368-3d10c13d6265","local_time":"20210105144127","daily_mods":["Draft","Diverse","Heirloom","Flight"],"is_ascension_mode":true,"campfire_choices":[],"circlet_count":0,"master_deck":["Demon Form","Wraith Form v2","Echo Form","DevaForm","AscendersBane","DeceiveReality","Go for the Eyes","Tactician","Fusion","Pommel Strike","Deadly Poison","Conserve Battery","Evolve","Replay:Anticipation","Deadly Poison","Hologram","Thunderclap","Acrobatics","Shrug It Off","Whirlwind","Bane","Shrug It Off","Self Repair","Cloak And Dagger"],"relics":["Unceasing Top","StoneCalendar"],"acts_visited":["Exordium"],"potions_floor_usage":[],"damage_taken":[{"damage":7,"enemies":"2 Louse","floor":1,"turns":2},{"damage":1,"enemies":"Cultist","floor":2,"turns":4},{"damage":0,"enemies":"Small Slimes","floor":3,"turns":4},{"damage":6,"enemies":"Blue Slaver","floor":5,"turns":5},{"damage":11,"enemies":"Gremlin Nob","floor":6,"turns":3}],"seed_played":"1527571191289442024","potions_obtained":[{"floor":1,"key":"Strength Potion"},{"floor":3,"key":"Toxic Potion"}],"is_trial":true,"path_per_floor":["M","M","M","$","M","E"],"character_chosen":"DEFECT","items_purchased":["Self Repair","Cloak And Dagger"],"campfire_rested":0,"item_purchase_floors":[4,4],"current_hp_per_floor":[57,56,56,56,57,46,46],"gold":22,"neow_bonus":"","is_daily":false,"chose_seed":false,"campfire_upgraded":0,"win_rate":0.0,"timestamp":1609825287,"path_taken":["M","M","M","$","M","E"],"items_purchased_type":["Card","Card"],"build_version":"2020-12-22","purchased_purges":0,"victory":false,"max_hp_per_floor":[71,71,71,71,71,71,71],"card_choices":[{"not_picked":["Choke","Conserve Battery"],"picked":"DeceiveReality","floor":0},{"not_picked":["PathToVictory","Ghostly Armor"],"picked":"Go for the Eyes","floor":0},{"not_picked":["Deadly Poison","Flex"],"picked":"Tactician","floor":0},{"not_picked":["Replay:Cycle","Sentinel"],"picked":"Fusion","floor":0},{"not_picked":["Backflip","Sucker Punch"],"picked":"Pommel Strike","floor":0},{"not_picked":["PathToVictory","Entrench"],"picked":"Deadly Poison","floor":0},{"not_picked":["FollowUp","Reckless Charge"],"picked":"Conserve Battery","floor":0},{"not_picked":["FollowUp","CarveReality"],"picked":"Evolve","floor":0},{"not_picked":["Replay:Hum","CutThroughFate"],"picked":"Replay:Anticipation","floor":0},{"not_picked":["Slice","Iron Wave"],"picked":"Deadly Poison","floor":0},{"not_picked":["Bouncing Flask","Poisoned Stab"],"picked":"Hologram","floor":0},{"not_picked":["Replay:BluntJabs","Prostrate"],"picked":"Thunderclap","floor":0},{"not_picked":["Outmaneuver","CrushJoints"],"picked":"Acrobatics","floor":0},{"not_picked":["Cleave","Shockwave"],"picked":"Shrug It Off","floor":0},{"not_picked":["Gash","Prepared"],"picked":"Whirlwind","floor":0},{"not_picked":["Iron Wave","Anger"],"picked":"Bane","floor":1},{"not_picked":["Bane","Replay:ManipulateFuture"],"picked":"Shrug It Off","floor":2},{"not_picked":["Barrage","ReplayTheSpireMod:Shiv Toss","Dodge and Roll"],"picked":"SKIP","floor":3},{"not_picked":["BasicCrystalCard","Underhanded Strike","ReplayTheSpireMod:Muscle Training"],"picked":"SKIP","floor":5}],"player_experience":361677,"relics_obtained":[],"event_choices":[],"is_beta":false,"boss_relics":[],"items_purged_floors":[],"is_endless":true,"potions_floor_spawned":[1,3],"killed_by":"Gremlin Nob","ascension_level":20}}