{"host":"h2zaclyrd1q1i31f","time":1609827500,"event":{"mods":["BaseMod","Colored Map","Downfall","Hermit","Minty Spire (QoL Compilation)","Permanent Neow","StSLib","SuperFastMode","The Hierophant","The Mystic","The Servant 0.9.4"],"gold_per_floor":[99,109,128,128,38,38,38,57,73,89,124,143,143,162,174,279,279,204,222,235,28,47,47,47,47,47,47,61,161,86,96,109,214,214,214,233,222,239,84,9,61,61,94,108,125,139,139,156,169,169,169,169,169,169],"floor_reached":52,"playtime":3283,"items_purged":["Slimebound:Strike_Slimebound"],"score":692,"play_id":"eba2b08d-5735-475c-ba2b-e506e820febc","local_time":"20210105001820","is_ascension_mode":false,"campfire_choices":[{"data":"Slimebound:CorrosiveSpit","floor":1,"key":"SMITH"},{"data":"Slimebound:SlimeBarrage","floor":6,"key":"SMITH"},{"data":"Slimebound:MegaLick","floor":18,"key":"SMITH"},{"data":"Slimebound:HauntingLick","floor":23,"key":"SMITH"},{"data":"Slimebound:DisruptingSlam","floor":27,"key":"SMITH"},{"data":"Slimebound:Equalize","floor":30,"key":"SMITH"},{"floor":35,"key":"RECALL"},{"data":"expansioncontent:Corrupt","floor":40,"key":"SMITH"},{"data":"Slimebound:PrepareCrush","floor":42,"key":"SMITH"},{"floor":47,"key":"REST"}],"circlet_count":0,"master_deck":["Slimebound:Strike_Slimebound+1","Slimebound:Strike_Slimebound+1","Slimebound:Tackle","Slimebound:Defend_Slimebound+1","Slimebound:Defend_Slimebound+1","Slimebound:Defend_Slimebound+1","Slimebound:Split+1","Slimebound:CorrosiveSpit+1","Slimebound:SplitMire","Slimebound:PressTheAttack","Slimebound:SlimeBarrage+1","Slimebound:SlimeTap","Slimebound:MegaLick+1","Slimebound:LeadByExample","Slimebound:RainOfGoop","Slimebound:LeechingTouch","Slimebound:RallyTheTroops","Slimebound:LivingWall+1","Slimebound:DisruptingSlam+1","Slimebound:ProtectTheBoss","Slimebound:HauntingLick+1","Slimebound:LevelUp","Slimebound:Equalize+1","J.A.X.","Slimebound:PrepareCrush+1","Slimebound:SpikyOuterGoop+1","expansioncontent:Corrupt+1","Slimebound:AcidTongue+1","Guardian:Aged","Slimebound:LeechingTouch+1","Slimebound:Schlurp+1"],"relics":["Slimebound:AbsorbEndCombat","Bronze Scales","Ginger","Kunai","Sozu","downfall:HeartBlessingGreen","MutagenicStrength","downfall:HeartBlessingBlue","Cursed Key","Bag of Marbles","Lee\u0027s Waffle","downfall:HeartBlessingRed","Slimebound:AggressiveSlimeRelic","Smiling Mask"],"acts_visited":["Exordium","TheCity","TheBeyond","TheEnding"],"potions_floor_usage":[15,16,16,33],"damage_taken":[{"damage":1,"enemies":"2 Louse","floor":2,"turns":2},{"damage":11,"enemies":"Cultist","floor":3,"turns":3},{"damage":23,"enemies":"downfall:FleeingMerchant","floor":5,"turns":4},{"damage":8,"enemies":"Small Slimes","floor":8,"turns":2},{"damage":7,"enemies":"Exordium Wildlife","floor":9,"turns":2},{"damage":6,"enemies":"Blue Slaver","floor":10,"turns":2},{"damage":18,"enemies":"Lagavulin","floor":11,"turns":4},{"damage":13,"enemies":"2 Fungi Beasts","floor":12,"turns":3},{"damage":19,"enemies":"Large Slime","floor":14,"turns":2},{"damage":3,"enemies":"Exordium Wildlife","floor":15,"turns":3},{"damage":43,"enemies":"downfall:Silent","floor":16,"turns":5},{"damage":22,"enemies":"Shell Parasite","floor":19,"turns":3},{"damage":28,"enemies":"Snecko","floor":20,"turns":4},{"damage":11,"enemies":"downfall:FleeingMerchant","floor":21,"turns":4},{"damage":19,"enemies":"Snake Plant","floor":22,"turns":3},{"damage":23,"enemies":"Centurion and Healer","floor":28,"turns":4},{"damage":22,"enemies":"downfall:Augmenter","floor":29,"turns":5},{"damage":15,"enemies":"Snecko","floor":31,"turns":3},{"damage":15,"enemies":"Sentry and Sphere","floor":32,"turns":3},{"damage":28,"enemies":"downfall:Ironclad","floor":33,"turns":6},{"damage":50,"enemies":"3 Darklings","floor":36,"turns":4},{"damage":19,"enemies":"downfall:FleeingMerchant","floor":37,"turns":3},{"damage":13,"enemies":"Orb Walker","floor":38,"turns":3},{"damage":39,"enemies":"Nemesis","floor":43,"turns":8},{"damage":36,"enemies":"Jaw Worm Horde","floor":44,"turns":5},{"damage":29,"enemies":"Spire Growth","floor":45,"turns":4},{"damage":27,"enemies":"3 Darklings","floor":46,"turns":3},{"damage":42,"enemies":"Sphere and 2 Shapes","floor":48,"turns":4},{"damage":22,"enemies":"Writhing Mass","floor":49,"turns":4},{"damage":23,"enemies":"downfall:Defect","floor":50,"turns":6},{"damage":123,"enemies":"downfall:CharBossMerchant","floor":52,"turns":7}],"seed_played":"-27339750827804612","potions_obtained":[{"floor":2,"key":"FearPotion"},{"floor":3,"key":"DistilledChaos"},{"floor":9,"key":"Block Potion"},{"floor":15,"key":"EssenceOfSteel"}],"is_trial":false,"path_per_floor":["R","M","M","?","$","R","T","M","M","M","E","M","?","M","M","B",null,"R","M","M","$","M","R","T","?","?","R","M","?","R","M","M","B",null,"R","M","$","M","?","R","T","R","E","M","M","M","R","M","M","B",null,"E"],"character_chosen":"SLIMEBOUND","items_purchased":["Slimebound:DisruptingSlam","Slimebound:ProtectTheBoss","Slimebound:HauntingLick","Bag of Marbles","expansioncontent:Corrupt","Lee\u0027s Waffle"],"campfire_rested":1,"item_purchase_floors":[21,21,21,37,37,39],"current_hp_per_floor":[60,59,60,57,54,54,54,58,59,60,48,49,49,48,49,30,60,60,52,46,60,53,53,53,53,53,53,54,50,60,65,69,70,70,70,48,45,44,77,77,77,77,61,43,46,43,66,40,34,51,77,0,0,0],"gold":169,"neow_bonus":"UPGRADE_CARD","is_daily":false,"chose_seed":false,"campfire_upgraded":8,"win_rate":0.0,"timestamp":1609827500,"path_taken":["R","M","M","?","$","R","T","M","M","M","E","M","?","?","M","BOSS","R","M","M","$","M","R","T","?","?","R","M","?","R","?","M","BOSS","R","M","$","M","?","R","T","R","E","M","M","M","R","M","M","BOSS","E"],"items_purchased_type":["Card","Card","Card","Relic","Card","Relic"],"build_version":"2020-12-22","purchased_purges":1,"victory":false,"max_hp_per_floor":[60,60,60,60,60,60,60,60,60,60,60,60,60,60,60,60,60,60,60,60,60,60,60,60,60,60,60,60,60,70,70,70,70,70,70,70,70,70,77,77,77,77,77,77,77,77,77,77,77,77,77,77,77,77],"card_choices":[{"not_picked":["Slimebound:GoopSpray","Slimebound:ViciousTackle"],"picked":"Slimebound:SplitMire","floor":2},{"not_picked":["Slimebound:FlameTackle","Slimebound:Schlurp"],"picked":"Slimebound:PressTheAttack","floor":3},{"not_picked":["Slimebound:SplitLeeching","Slimebound:SplitBruiser"],"picked":"Slimebound:SlimeBarrage","floor":5},{"not_picked":["Slimebound:MegaLick","Slimebound:HauntingLick"],"picked":"Slimebound:FirmFortitude","floor":8},{"not_picked":["Slimebound:ForwardTackle","Slimebound:GrowthPunch"],"picked":"Slimebound:Dissolve","floor":9},{"not_picked":["Slimebound:ComboTackle","Slimebound:GrowthPunch"],"picked":"Slimebound:SlimeTap","floor":10},{"not_picked":["Slimebound:GrowthPunch","Slimebound:Prepare"],"picked":"Slimebound:MegaLick","floor":11},{"not_picked":["Slimebound:ItLooksTasty","Slimebound:Equalize"],"picked":"Slimebound:LeadByExample","floor":12},{"not_picked":["Slimebound:LeechEnergy","Slimebound:ComboTackle"],"picked":"Slimebound:RainOfGoop","floor":14},{"not_picked":["Slimebound:FormOfPuddle","Slimebound:LeechEnergy"],"picked":"Slimebound:LeechingTouch","floor":15},{"not_picked":["Slimebound:WasteNot","Slimebound:Overexert"],"picked":"Slimebound:RallyTheTroops","floor":16},{"not_picked":["Slimebound:PressTheAttack","Slimebound:Grow","Slimebound:LeechingTouch"],"picked":"SKIP","floor":19},{"not_picked":["Slimebound:GoopTackle+1","Slimebound:ForwardTackle"],"picked":"Slimebound:LivingWall+1","floor":20},{"not_picked":["Slimebound:SlimeSlap","Slimebound:ViciousTackle","Slimebound:SplitLeeching+1"],"picked":"SKIP","floor":21},{"not_picked":["Slimebound:PressTheAttack","Slimebound:LeechingTouch","Slimebound:RollThrough"],"picked":"SKIP","floor":22},{"not_picked":["Slimebound:FirmFortitude","Slimebound:GoopTackle","Slimebound:Schlurp"],"picked":"SKIP","floor":28},{"not_picked":[],"picked":"J.A.X.","floor":29},{"not_picked":["Slimebound:Overexert","Slimebound:LivingWall","Slimebound:HauntingLick"],"picked":"SKIP","floor":31},{"not_picked":["Slimebound:RollThrough","Slimebound:SplitMire","Slimebound:GrowthPunch"],"picked":"SKIP","floor":32},{"not_picked":["Slimebound:WasteNot","Slimebound:Teamwork"],"picked":"Slimebound:PrepareCrush","floor":33},{"not_picked":["Slimebound:LeechingTouch","Slimebound:Dissolve","Slimebound:LeechEnergy"],"picked":"SKIP","floor":36},{"not_picked":["Slimebound:PressTheAttack","Slimebound:SplitAcid"],"picked":"Slimebound:SpikyOuterGoop+1","floor":37},{"not_picked":["Slimebound:LeadByExample","Slimebound:FormOfPuddle+1"],"picked":"Slimebound:AcidTongue+1","floor":38},{"not_picked":["Slimebound:LeechEnergy","Slimebound:GoopSpray"],"picked":"Slimebound:LeechingTouch+1","floor":43},{"not_picked":["Slimebound:RollThrough","Slimebound:Grow","Slimebound:FormOfPuddle"],"picked":"SKIP","floor":44},{"not_picked":["Slimebound:FirmFortitude+1","Slimebound:ComboTackle"],"picked":"Slimebound:Schlurp+1","floor":45},{"not_picked":["Slimebound:RollThrough+1","Slimebound:SamplingLick","Slimebound:OneTwoCombo"],"picked":"SKIP","floor":46},{"not_picked":["Slimebound:FormOfPuddle+1","Slimebound:SplitAcid+1","Slimebound:LeechingTouch+1"],"picked":"SKIP","floor":48},{"not_picked":["Slimebound:SlimeSpikes","Slimebound:LeechEnergy","Slimebound:BestDefense+1"],"picked":"SKIP","floor":49}],"player_experience":116575,"relics_obtained":[{"floor":7,"key":"Ginger"},{"floor":11,"key":"Kunai"},{"floor":29,"key":"MutagenicStrength"},{"floor":41,"key":"Slimebound:AggressiveSlimeRelic"},{"floor":43,"key":"Smiling Mask"}],"event_choices":[{"damage_healed":0,"gold_gain":0,"player_choice":"Success","damage_taken":3,"relics_obtained":["Bronze Scales"],"max_hp_gain":0,"max_hp_loss":0,"event_name":"Scrap Ooze","floor":4,"gold_loss":0},{"cards_removed":["Slimebound:Defend_Slimebound"],"damage_healed":0,"gold_gain":0,"player_choice":"Purged","damage_taken":0,"max_hp_gain":0,"max_hp_loss":0,"event_name":"Purifier","floor":13,"gold_loss":0},{"damage_healed":0,"gold_gain":0,"player_choice":"Simplicity","damage_taken":0,"max_hp_gain":0,"max_hp_loss":0,"event_name":"Back to Basics","floor":25,"gold_loss":0,"cards_upgraded":["Slimebound:Strike_Slimebound","Slimebound:Strike_Slimebound","Slimebound:Defend_Slimebound","Slimebound:Defend_Slimebound","Slimebound:Defend_Slimebound"]},{"damage_healed":0,"gold_gain":0,"player_choice":"Ignored","damage_taken":0,"max_hp_gain":0,"max_hp_loss":0,"event_name":"Ghosts","floor":26,"gold_loss":0}],"is_beta":false,"boss_relics":[{"not_picked":["Tiny House","Astrolabe"],"picked":"Sozu"},{"not_picked":["SacredBark","Fusion Hammer"],"picked":"Cursed Key"}],"items_purged_floors":[5],"is_endless":false,"potions_floor_spawned":[2,3,9,11,15,19,20,33,36,38,46,48,49],"killed_by":"downfall:CharBossMerchant","ascension_level":0}}