{"host":"nox","time":1609855255,"event":{"mods":["Act Like it!","Aspiration","BaseMod","Better Altar","Better Match","Better Note","Better Sensory Stone","Better Skull","Better Third Choice","BetterRewards","Colored Powertips","Conspire","Energized Spire","GifTheSpireLib","Hubris","Infinite Spire","Minty Spire (QoL Compilation)","Pale of the Ancients","Quick Restart","Rare Cards Sparkle","Replay The Spire","Shop Mod","Spikes Relics","StSLib","Stuff the Spire","SuperFastMode","The Alterego","vexMod"],"gold_per_floor":[110,110,74,89,89,124,124,155,178,178,178,191,208,219,219,316,316,334,352,362,362,424,424,436,446,446,481,261,311,381,393,393,489,489,499,510,560,560,1609,1634,1307,1439,1462,1512,1262,1288,1354,1404,1404,1404],"floor_reached":51,"playtime":1930,"items_purged":["conspire:GhostlyStrike","Normality","Normality"],"score":1081,"play_id":"38bbbe81-3905-41df-9926-ae0262726119","local_time":"20210105210055","is_ascension_mode":true,"campfire_choices":[{"floor":7.0,"key":"RECALL"},{"data":"conspire:GhostlyStrike","floor":10.0,"key":"SMITH"},{"data":"conspire:GhostlyStrike","floor":15.0,"key":"SMITH"},{"data":"conspire:GhostlyStrike","floor":23.0,"key":"SMITH"},{"floor":32.0,"key":"REST"},{"data":"hubris:DuctTapeCard","floor":49.0,"key":"SMITH"}],"circlet_count":0,"master_deck":["AscendersBane","conspire:GhostlyStrike","conspire:GhostlyStrike+1","conspire:GhostlyStrike","conspire:GhostlyStrike+4","conspire:GhostlyDefend","conspire:GhostlyDefend","conspire:GhostlyDefend","Bash","Clash","Spot Weakness","Armaments+1","infinitespire:Collect","Spot Weakness","Entrench","Anger","Heavy Blade+1","Replay:BasicMightCard","Disarm+1","hubris:DuctTapeCard"],"relics":["Burning Blood","aspiration:Nostalgia","Ring of the Snake","Simple Rune","Oddly Smooth Stone","Replay:Baseball","SsserpentHead","Sozu","Mercury Hourglass","MealTicket","Bag of Preparation","InkBottle","aspiration:PoetsPen_weak","hubris:Icosahedron","Lizard Tail","Mercury Hourglass","hubris:DuctTape","infinitespire:WardingShard","hubris:TenFootPole","Medical Kit","vexMod:BarristanHead"],"acts_visited":["Exordium","TheCity","TheBeyond"],"potions_floor_usage":[],"damage_taken":[{"damage":5.0,"enemies":"2 Louse","floor":1.0,"turns":3.0},{"damage":0.0,"enemies":"Jaw Worm","floor":4.0,"turns":3.0},{"damage":12.0,"enemies":"Gremlin Nob","floor":6.0,"turns":3.0},{"damage":15.0,"enemies":"Lagavulin","floor":8.0,"turns":4.0},{"damage":0.0,"enemies":"Cultist","floor":12.0,"turns":3.0},{"damage":6.0,"enemies":"Large Slime","floor":13.0,"turns":4.0},{"damage":9.0,"enemies":"Gremlin Gang","floor":14.0,"turns":4.0},{"damage":32.0,"enemies":"Slime Boss","floor":16.0,"turns":4.0},{"damage":3.0,"enemies":"conspire:FuzzyDice","floor":18.0,"turns":4.0},{"damage":2.0,"enemies":"3 Byrds","floor":19.0,"turns":5.0},{"damage":36.0,"enemies":"Cultist and Chosen","floor":20.0,"turns":7.0},{"damage":6.0,"enemies":"Centurion and Healer","floor":22.0,"turns":6.0},{"damage":12.0,"enemies":"3 Cultists","floor":24.0,"turns":3.0},{"damage":6.0,"enemies":"Cultist and Chosen","floor":25.0,"turns":3.0},{"damage":28.0,"enemies":"Slavers","floor":27.0,"turns":4.0},{"damage":10.0,"enemies":"Centurion and Healer","floor":30.0,"turns":5.0},{"damage":3.0,"enemies":"Chosen and Byrds","floor":31.0,"turns":4.0},{"damage":29.0,"enemies":"Champ","floor":33.0,"turns":7.0},{"damage":25.0,"enemies":"3 Darklings","floor":35.0,"turns":5.0},{"damage":21.0,"enemies":"Orb Walker","floor":36.0,"turns":3.0},{"damage":18.0,"enemies":"R_Hoarder","floor":40.0,"turns":7.0},{"damage":48.0,"enemies":"Nemesis","floor":42.0,"turns":3.0},{"damage":0.0,"enemies":"Giant Head","floor":46.0,"turns":5.0},{"damage":27.0,"enemies":"Writhing Mass","floor":47.0,"turns":3.0},{"damage":57,"enemies":"Replay:Hell Engine","floor":50,"turns":5}],"seed_played":"-2731614268575155337","potions_obtained":[{"floor":4.0,"key":"Adrenaline Potion"},{"floor":6.0,"key":"SkillPotion"},{"floor":14.0,"key":"Ancient Potion"},{"floor":16.0,"key":"Fruit Juice"}],"is_trial":false,"path_per_floor":["M","?","$","M","?","E","R","E","T","R","?","M","M","M","R","B",null,"M","M","M","AVR","M","R","M","M","T","E","$","?","M","M","R","B",null,"M","M","?","AVR","?","E","$","E","T","?","$","E","M","?","R","B",null],"character_chosen":"IRONCLAD","items_purchased":["Armaments+1","Entrench","Bag of Preparation","hubris:DuctTape","Medical Kit"],"campfire_rested":1,"item_purchase_floors":[3,28,28,41,45],"current_hp_per_floor":[73,73,73,79,79,73,73,64,64,64,64,70,70,67,67,46,75,78,82,52,52,52,52,46,46,46,24,39,39,35,38,63,40,74,55,40,40,40,40,28,43,48,48,48,63,85,64,64,64,34],"gold":1404,"neow_bonus":"NOSTALGIA","is_daily":false,"chose_seed":false,"campfire_upgraded":4,"win_rate":0.0,"timestamp":1609855255,"path_taken":["M","?","?","?","?","E","R","E","T","R","?","M","M","M","R","BOSS","M","M","M","AVR","?","R","M","M","T","E","$","?","?","M","R","BOSS","M","M","?","AVR","?","E","$","E","T","?","$","E","?","?","R","BOSS"],"items_purchased_type":["Card","Card","Relic","Relic","Relic"],"build_version":"2020-11-17","purchased_purges":3,"victory":true,"max_hp_per_floor":[80,80,80,80,80,80,80,80,80,80,80,80,80,80,80,85,85,85,85,85,85,85,85,85,85,85,85,85,85,85,85,85,85,85,85,85,85,85,85,85,85,85,85,85,85,85,85,85,85,85],"card_choices":[{"not_picked":["Headbutt","Pummel"],"picked":"Clash","floor":1.0},{"not_picked":["Infernal Blade","Flex","Wild Strike"],"picked":"SKIP","floor":4.0},{"not_picked":["Pommel Strike","Bludgeon","Disarm"],"picked":"SKIP","floor":6.0},{"not_picked":["Wild Strike","hubris:ReadiedAction","Demon Form"],"picked":"SKIP","floor":8.0},{"not_picked":["Infernal Blade","hubris:ReadiedAction","Twin Strike"],"picked":"SKIP","floor":12.0},{"not_picked":["conspire:Charge","Iron Wave","Searing Blow"],"picked":"SKIP","floor":13.0},{"not_picked":["Pummel","hubris:ReadiedAction","Perfected Strike"],"picked":"SKIP","floor":14.0},{"not_picked":["StuffTheSpire:TitanForm","Demon Form"],"picked":"Limit Break","floor":16.0},{"not_picked":["Entrench","Pommel Strike","StuffTheSpire:Resist"],"picked":"SKIP","floor":18.0},{"not_picked":["Replay:Undeath\u0027s Touch+1","True Grit+1","Cleave"],"picked":"SKIP","floor":19.0},{"not_picked":["Replay:Undeath\u0027s Touch+1","True Grit+1","Cleave"],"picked":"SKIP","floor":19.0},{"not_picked":["Havoc","StuffTheSpire:BloodClot","Warcry"],"picked":"SKIP","floor":20.0},{"not_picked":["Abandon+1","Heavy Blade","Body Slam"],"picked":"SKIP","floor":22.0},{"not_picked":["Battle Trance","StuffTheSpire:RockThrow","Defy Death"],"picked":"SKIP","floor":24.0},{"not_picked":["Cleave","Havoc"],"picked":"Spot Weakness","floor":25.0},{"not_picked":["Headbutt+1","Sentinel","Life Link"],"picked":"SKIP","floor":27.0},{"not_picked":["Shrug It Off","Pommel Strike+1"],"picked":"Anger","floor":30.0},{"not_picked":["Iron Wave","conspire:Charge+1","hubris:SharpeningStone"],"picked":"SKIP","floor":31.0},{"not_picked":["Fiend Fire","Corruption"],"picked":"Limit Break","floor":33.0},{"not_picked":["Wild Strike+1","conspire:Charge","ReplayReversal+1"],"picked":"SKIP","floor":35.0},{"not_picked":["Headbutt+1","hubris:ReadiedAction"],"picked":"Heavy Blade+1","floor":36.0},{"not_picked":["StuffTheSpire:Slingshot","Searing Blow","True Grit+1"],"picked":"SKIP","floor":40.0},{"not_picked":["Flame Barrier","Burning Pact+1","hubris:CleavingFinish"],"picked":"SKIP","floor":42.0},{"not_picked":["ReplayReversal","Replay:Undeath\u0027s Touch","Sword Boomerang"],"picked":"SKIP","floor":46.0},{"not_picked":["ReplayTheSpireMod:Strike From Hell+1","ReplayTheSpireMod:LeadingStrike+1"],"picked":"Disarm+1","floor":47.0}],"player_experience":309648,"relics_obtained":[{"floor":6.0,"key":"Simple Rune"},{"floor":8.0,"key":"Oddly Smooth Stone"},{"floor":9.0,"key":"Replay:Baseball"},{"floor":26.0,"key":"MealTicket"},{"floor":29.0,"key":"InkBottle"},{"floor":40.0,"key":"Mercury Hourglass"},{"floor":42.0,"key":"infinitespire:WardingShard"},{"floor":43.0,"key":"hubris:TenFootPole"},{"floor":46.0,"key":"vexMod:BarristanHead"}],"event_choices":[{"damage_healed":0.0,"max_hp_gain":0.0,"max_hp_loss":0.0,"gold_gain":0.0,"event_name":"conspire:LoneGhost","player_choice":"Agree","floor":5.0,"gold_loss":0.0,"damage_taken":0.0},{"damage_healed":0.0,"max_hp_gain":0.0,"max_hp_loss":0.0,"gold_gain":0.0,"event_name":"FaceTrader","player_choice":"Trade","floor":11.0,"gold_loss":0.0,"damage_taken":0.0,"relics_obtained":["SsserpentHead"]},{"damage_healed":0.0,"max_hp_gain":0.0,"max_hp_loss":0.0,"gold_gain":0.0,"event_name":"Wheel of Change","player_choice":"Relic","floor":29.0,"gold_loss":0.0,"damage_taken":0.0},{"damage_healed":0.0,"max_hp_gain":0.0,"max_hp_loss":0.0,"gold_gain":999.0,"event_name":"MindBloom","player_choice":"Gold","floor":39.0,"gold_loss":0.0,"damage_taken":0.0,"cards_obtained":["Normality","Normality"]},{"damage_healed":0.0,"max_hp_gain":0.0,"max_hp_loss":0.0,"gold_gain":0.0,"cards_transformed":["conspire:GhostlyDefend"],"event_name":"Transmorgrifier","player_choice":"Transformed","floor":44.0,"gold_loss":0.0,"damage_taken":0.0,"cards_obtained":["Replay:BasicMightCard"]}],"is_beta":true,"boss_relics":[{"not_picked":["vexMod:EndlessSickness","vexMod:DeviousBotling"],"picked":"Sozu"},{"not_picked":["infinitespire:Burning Sword","Mark of Pain"],"picked":"aspiration:PoetsPen_weak"}],"items_purged_floors":[21,41,45],"is_endless":false,"potions_floor_spawned":[4,6,14,16,18,19,27,30,33,40],"ascension_level":11}}