{"host":"5x08nt64u3vxxcfi","time":1609848562,"event":{"mods":["BaseMod","Minty Spire (QoL Compilation)","StSLib","SuperFastMode"],"gold_per_floor":[367,367,244,261,65,65,99,99,99,115,130,0,16,34,34,134,134,153,153,100,112,123,123,137,137,137,52,78,129,146,146,146,249,249,259,259,9,24,0,0,100,115,115,168,168,15,15,15,15],"floor_reached":48,"playtime":793,"items_purged":["Defend_P"],"score":473,"play_id":"7ee8e6bf-7106-4f60-bc31-8b8929b66063","local_time":"20210105210922","is_ascension_mode":false,"campfire_choices":[{"data":"Eruption","floor":6,"key":"SMITH"},{"data":"Ragnarok","floor":8,"key":"SMITH"},{"data":"Adaptation","floor":15,"key":"SMITH"},{"data":"Wallop","floor":23,"key":"SMITH"},{"data":"Crescendo","floor":25,"key":"SMITH"},{"data":"Adaptation","floor":32,"key":"SMITH"},{"data":"Pray","floor":40,"key":"SMITH"}],"circlet_count":0,"master_deck":["Strike_P+1","Strike_P+1","Strike_P+1","Strike_P+1","Defend_P+1","Defend_P+1","Defend_P+1","Eruption+1","Vigilance+1","Crescendo+1","Pray+1","BowlingBash","Tantrum","Ragnarok+1","FollowUp+1","ClearTheMind","Halt","FlurryOfBlows","Wallop+1","Consecrate","Crescendo+1","Adaptation+1","LessonLearned","SashWhip+1","Prostrate","Prostrate+1","Protect+1","Conclude+1","Crescendo+1","FollowUp+1","Adaptation+1","Brilliance","TalkToTheHand+1","Prostrate+1","CrushJoints","LikeWater+1","Ragnarok"],"relics":["PureWater","Ancient Tea Set","Whetstone","Coffee Dripper","Anchor","Tiny Chest","Damaru","Strawberry","VioletLotus","Ornamental Fan","Blue Candle","Peace Pipe","Potion Belt","Nunchaku","Dead Branch"],"acts_visited":["Exordium","TheCity","TheBeyond"],"potions_floor_usage":[22,30,35],"damage_taken":[{"damage":2,"enemies":"Jaw Worm","floor":1,"turns":4},{"damage":0,"enemies":"Cultist","floor":4,"turns":2},{"damage":10,"enemies":"Lagavulin","floor":7,"turns":4},{"damage":0,"enemies":"2 Louse","floor":10,"turns":2},{"damage":4,"enemies":"Blue Slaver","floor":11,"turns":3},{"damage":0,"enemies":"Red Slaver","floor":13,"turns":2},{"damage":7,"enemies":"Exordium Wildlife","floor":14,"turns":3},{"damage":24,"enemies":"Hexaghost","floor":16,"turns":7},{"damage":0,"enemies":"3 Byrds","floor":18,"turns":2},{"damage":12,"enemies":"Shell Parasite","floor":21,"turns":3},{"damage":2,"enemies":"Sentry and Sphere","floor":22,"turns":3},{"damage":0,"enemies":"Centurion and Healer","floor":24,"turns":4},{"damage":14,"enemies":"Book of Stabbing","floor":28,"turns":3},{"damage":0,"enemies":"Shelled Parasite and Fungi","floor":30,"turns":1},{"damage":21,"enemies":"Collector","floor":33,"turns":7},{"damage":0,"enemies":"3 Darklings","floor":35,"turns":2},{"damage":5,"enemies":"3 Shapes","floor":38,"turns":4},{"damage":36,"enemies":"Sphere and 2 Shapes","floor":42,"turns":4},{"damage":96,"enemies":"Jaw Worm Horde","floor":48,"turns":2}],"seed_played":"8332192325298822680","potions_obtained":[{"floor":4,"key":"FairyPotion"},{"floor":11,"key":"Swift Potion"},{"floor":14,"key":"Weak Potion"},{"floor":22,"key":"AttackPotion"},{"floor":24,"key":"Swift Potion"},{"floor":38,"key":"CultistPotion"}],"is_trial":false,"path_per_floor":["M","?","$","M","$","R","E","R","T","M","M","$","M","M","R","B",null,"M","?","$","M","M","R","M","R","T","?","E","T","M","?","R","B",null,"M","T","$","M","$","R","?","M","T","T","T","$","T","M"],"character_chosen":"WATCHER","items_purchased":["Pray","BowlingBash","Ragnarok","FollowUp","Wallop","Consecrate","Prostrate","Blue Candle","CrushJoints","Ragnarok"],"campfire_rested":0,"item_purchase_floors":[3,3,5,5,12,12,20,37,39,46],"current_hp_per_floor":[63,63,63,63,63,63,53,53,53,53,49,49,49,42,42,18,65,65,65,65,53,51,51,51,51,51,51,37,44,44,44,44,23,72,72,72,72,67,67,67,67,31,31,31,31,31,31,0,0],"gold":15,"neow_bonus":"TWO_FIFTY_GOLD","is_daily":false,"chose_seed":false,"campfire_upgraded":7,"win_rate":0.0,"timestamp":1609848562,"path_taken":["M","?","$","M","$","R","E","R","T","M","M","$","M","?","R","BOSS","M","?","$","M","M","R","M","R","T","?","E","?","?","?","R","BOSS","M","?","$","M","$","R","?","?","T","?","?","$","?","M"],"items_purchased_type":["Card","Card","Card","Card","Card","Card","Card","Relic","Card","Card"],"build_version":"2020-12-22","purchased_purges":1,"victory":false,"max_hp_per_floor":[65,65,65,65,65,65,65,65,65,65,65,65,65,65,65,65,65,65,65,65,65,65,65,65,65,65,65,65,72,72,72,72,72,72,72,72,72,72,72,72,72,72,72,72,72,72,72,72,72],"card_choices":[{"not_picked":["Halt","Evaluate"],"picked":"Crescendo","floor":1},{"not_picked":["Evaluate","FlurryOfBlows"],"picked":"Tantrum","floor":4},{"not_picked":["TalkToTheHand","Study"],"picked":"ClearTheMind","floor":7},{"not_picked":["Protect","CutThroughFate"],"picked":"Halt","floor":10},{"not_picked":["CutThroughFate","Crescendo"],"picked":"FlurryOfBlows","floor":11},{"not_picked":["Sanctity","InnerPeace"],"picked":"Crescendo","floor":13},{"not_picked":["FearNoEvil","TalkToTheHand"],"picked":"Adaptation","floor":14},{"not_picked":["MasterReality","Blasphemy"],"picked":"LessonLearned","floor":16},{"not_picked":["LikeWater+1","ClearTheMind"],"picked":"SashWhip+1","floor":18},{"not_picked":["BowlingBash","SandsOfTime"],"picked":"Prostrate+1","floor":21},{"not_picked":["Perseverance","BowlingBash"],"picked":"Protect+1","floor":22},{"not_picked":["FlurryOfBlows","DevaForm"],"picked":"Conclude+1","floor":24},{"not_picked":["ThirdEye","CrushJoints"],"picked":"Crescendo+1","floor":28},{"not_picked":["Halt+1","Protect"],"picked":"FollowUp+1","floor":30},{"not_picked":["Omniscience","DeusExMachina"],"picked":"Brilliance","floor":33},{"not_picked":["Meditate+1","Sanctity+1"],"picked":"TalkToTheHand+1","floor":35},{"not_picked":["Indignation+1","WaveOfTheHand"],"picked":"Prostrate+1","floor":38},{"not_picked":["FlyingSleeves","Protect+1"],"picked":"LikeWater+1","floor":42}],"player_experience":44839,"relics_obtained":[{"floor":7,"key":"Ancient Tea Set"},{"floor":9,"key":"Whetstone"},{"floor":26,"key":"Anchor"},{"floor":28,"key":"Damaru"},{"floor":29,"key":"Strawberry"},{"floor":36,"key":"Ornamental Fan"},{"floor":43,"key":"Peace Pipe"},{"floor":44,"key":"Potion Belt"},{"floor":45,"key":"Nunchaku"},{"floor":47,"key":"Dead Branch"}],"event_choices":[{"damage_healed":0,"gold_gain":0,"player_choice":"Ignored","damage_taken":0,"max_hp_gain":0,"max_hp_loss":0,"event_name":"NoteForYourself","floor":2,"gold_loss":0},{"damage_healed":0,"gold_gain":0,"player_choice":"Simplicity","damage_taken":0,"max_hp_gain":0,"max_hp_loss":0,"event_name":"Back to Basics","floor":19,"gold_loss":0,"cards_upgraded":["Strike_P","Strike_P","Strike_P","Defend_P","Defend_P","Defend_P"]},{"damage_healed":0,"gold_gain":0,"player_choice":"Obtained Relic","damage_taken":0,"relics_obtained":["Tiny Chest"],"max_hp_gain":0,"max_hp_loss":0,"event_name":"Addict","floor":27,"gold_loss":85},{"damage_healed":0,"gold_gain":0,"player_choice":"Read","damage_taken":0,"max_hp_gain":0,"max_hp_loss":0,"event_name":"The Library","floor":31,"gold_loss":0,"cards_obtained":["Adaptation"]},{"damage_healed":0,"gold_gain":100,"player_choice":"Pray","damage_taken":0,"max_hp_gain":0,"max_hp_loss":0,"event_name":"Golden Shrine","floor":41,"gold_loss":0}],"is_beta":false,"boss_relics":[{"not_picked":["Velvet Choker","Runic Dome"],"picked":"Coffee Dripper"},{"not_picked":["Astrolabe","Tiny House"],"picked":"VioletLotus"}],"items_purged_floors":[5],"is_endless":false,"potions_floor_spawned":[4,11,14,16,18,22,24,28,38],"killed_by":"Jaw Worm Horde","ascension_level":0}}