{"host":"ox77rn1xcurm2t5a","time":1609808628,"event":{"mods":["2.2 Compatiblity","AchievementEnabler","Act Like it!","Aspiration","BaseMod","Best Route Mod","Better Match","Better Note","Better Sensory Stone","Block Reminder","Colored Map","Colored Powertips","Conjunction","Conspire","Custom Start","Energized Spire","GifTheSpireLib","Gold Saver","Gremlin Skip","Halation","Highlight Path","Hubris","Infinite Spire","Minty Spire (QoL Compilation)","Pale of the Ancients","Quick Restart","Replay The Spire","Reworked Bosses","ShortenTheSpire","Spire Exporter","StSLib","Stuff the Spire","Wandering Minibosses","vexMod"],"gold_per_floor":[112,112,126,126,150,150,183,183,231,246,246,262,293,307,307,307,307],"floor_reached":16,"playtime":354,"items_purged":[],"score":209,"play_id":"a8e36b20-5221-4e43-bec9-731452717769","local_time":"20210105030348","is_ascension_mode":true,"campfire_choices":[{"floor":6.0,"key":"RECALL"},{"data":"Zap","floor":8.0,"key":"SMITH"},{"data":"Capacitor","floor":11.0,"key":"SMITH"},{"floor":15,"key":"REST"}],"circlet_count":0,"master_deck":["AscendersBane","Strike_B","Strike_B","Strike_B","Strike_B","Defend_B","Defend_B","Defend_B","Defend_B","Zap+1","Dualcast","Gash","Capacitor+1","Storm","Gash"],"relics":["Cracked Core","NeowsBlessing","hubris:PeanutButter","DataDisk","Orichalcum"],"acts_visited":["Exordium"],"potions_floor_usage":[12,16,16],"damage_taken":[{"damage":0.0,"enemies":"Small Slimes","floor":1.0,"turns":1.0},{"damage":0.0,"enemies":"Cultist","floor":3.0,"turns":1.0},{"damage":0.0,"enemies":"Gremlin Nob","floor":7.0,"turns":1.0},{"damage":0.0,"enemies":"Jaw Worm","floor":10.0,"turns":3.0},{"damage":15,"enemies":"Exordium Wildlife","floor":12,"turns":5},{"damage":27,"enemies":"3 Sentries","floor":13,"turns":6},{"damage":31,"enemies":"Exordium Thugs","floor":14,"turns":5},{"damage":68,"enemies":"Fading Forest","floor":16,"turns":9}],"seed_played":"3072898385844958980","potions_obtained":[{"floor":2.0,"key":"Regen Potion"},{"floor":2.0,"key":"Cursed Concoction"},{"floor":13,"key":"PotionOfCapacity"},{"floor":14,"key":"LiquidBronze"}],"is_trial":false,"path_per_floor":["M","?","M","?","T","R","E","R","T","M","R","M","E","M","R","B"],"character_chosen":"DEFECT","items_purchased":[],"campfire_rested":1,"item_purchase_floors":[],"current_hp_per_floor":[68,68,68,73,73,73,73,73,73,80,80,65,38,7,31,0,0],"gold":307,"neow_bonus":"THREE_ENEMY_KILL","is_daily":false,"chose_seed":false,"campfire_upgraded":2,"win_rate":0.0,"timestamp":1609808628,"path_taken":["M","?","?","?","?","R","E","R","T","M","R","M","E","M","R","BOSS"],"items_purchased_type":[],"build_version":"2020-12-22","purchased_purges":0,"victory":false,"max_hp_per_floor":[75,75,75,80,80,80,80,80,80,80,80,80,80,80,80,80,80],"card_choices":[{"not_picked":["Auto Shields","Beam Cell","Compile Driver"],"picked":"SKIP","floor":1.0},{"not_picked":["Coolheaded","Barrage"],"picked":"Gash","floor":3.0},{"not_picked":["Genetic Algorithm","aspiration:Polymerization","ReplayTheSpireMod:Calculation Training"],"picked":"SKIP","floor":7.0},{"not_picked":["conspire:Rain","Self Repair"],"picked":"Capacitor","floor":10.0},{"not_picked":["Recycle","Hello World"],"picked":"Storm","floor":12},{"not_picked":["Core Surge","Genetic Algorithm","Blizzard"],"picked":"SKIP","floor":13},{"not_picked":["Barrage","hubris:PowerSurge"],"picked":"Gash","floor":14}],"player_experience":2892000,"relics_obtained":[{"floor":7.0,"key":"hubris:PeanutButter"},{"floor":9.0,"key":"DataDisk"},{"floor":13,"key":"Orichalcum"}],"event_choices":[{"damage_healed":0.0,"max_hp_gain":0.0,"max_hp_loss":0.0,"gold_gain":0.0,"event_name":"Lab","player_choice":"Got Potions","floor":2.0,"gold_loss":0.0,"damage_taken":0.0},{"damage_healed":0.0,"max_hp_gain":5.0,"max_hp_loss":0.0,"gold_gain":0.0,"event_name":"Big Fish","player_choice":"Donut","floor":4.0,"gold_loss":0.0,"damage_taken":0.0}],"is_beta":false,"boss_relics":[],"items_purged_floors":[],"is_endless":false,"potions_floor_spawned":[7,13,14],"killed_by":"Fading Forest","ascension_level":11}}