{"host":"2he95iptrbxkejc1","time":1609855240,"event":{"mods":["AchievementEnabler","BaseMod","Colored Powertips","Hermit","Infinite Spire","Marisa????????","Minty Spire (QoL Compilation)","Random Character Mod","Replay The Spire","StSLib","The Cursed","The Hierophant","The Marked","The Mystic","The Poker Player","The Runesmith","The Servant 0.9.4"],"gold_per_floor":[112,1,19,37,0,31,50,50,50,61,61,75,75,39,39,136,136,156,168,17,34,46,76,76,76,76,76,89,115,135,135,135,151,151,248,248,283,283,283],"floor_reached":38,"playtime":3434,"items_purged":["Strike_R"],"score":318,"play_id":"707e6520-6dc3-4544-9f67-3328a66c6ff2","local_time":"20210105140040","is_ascension_mode":false,"campfire_choices":[{"data":"Pommel Strike","floor":8,"key":"SMITH"},{"data":"Warcry","floor":13,"key":"SMITH"},{"floor":24,"key":"REST"},{"floor":27,"key":"REST"}],"circlet_count":0,"master_deck":["Strike_R+1","Strike_R","Strike_R","Strike_R+1","Defend_R","Defend_R","Defend_R","Bash","Pommel Strike+1","Feel No Pain","Pummel","ReplayTheSpireMod:Stacked","Warcry+1","Replay:Undeath\u0027s Touch","Rage","Headbutt+1","ReplayTheSpireMod:Strike From Hell","Rage+1","Fiend Fire","CurseOfTheBell","Warcry","ReplayTheSpireMod:Muscle Training+1","Feel No Pain","Bandage Up","Abandon+1","Replay:Undeath\u0027s Touch+1","Dual Wield","AbeCurse","Hemogenesis","infinitespire:OneForAll"],"relics":["Black Blood","NeowsBlessing","Potion Belt","Blood Vial","Calling Bell","ReplayFunnel","HornCleat","Lizard Tail","Meat on the Bone","infinitespire:Satchel","Whetstone","infinitespire:EvilPickle"],"acts_visited":["Exordium","TheCity","TheBeyond"],"potions_floor_usage":[6,16,16,19,23,23,30],"damage_taken":[{"damage":0,"enemies":"Cultist","floor":1,"turns":1},{"damage":0,"enemies":"Small Slimes","floor":3,"turns":1},{"damage":0,"enemies":"Jaw Worm","floor":4,"turns":1},{"damage":26,"enemies":"Gremlin Nob","floor":6,"turns":5},{"damage":15,"enemies":"Lots of Slimes","floor":7,"turns":5},{"damage":21,"enemies":"Large Slime","floor":10,"turns":5},{"damage":3,"enemies":"Exordium Wildlife","floor":12,"turns":4},{"damage":50,"enemies":"Hexaghost","floor":16,"turns":11},{"damage":4,"enemies":"3 Byrds","floor":18,"turns":9},{"damage":8,"enemies":"Shell Parasite","floor":19,"turns":7},{"damage":2,"enemies":"Snecko","floor":21,"turns":7},{"damage":19,"enemies":"Sentry and Sphere","floor":22,"turns":10},{"damage":72,"enemies":"Slavers","floor":23,"turns":7},{"damage":10,"enemies":"3 Cultists","floor":28,"turns":7},{"damage":12,"enemies":"Nightmare","floor":29,"turns":10},{"damage":2,"enemies":"Shelled Parasite and Fungi","floor":30,"turns":6},{"damage":36,"enemies":"Snecko","floor":33,"turns":7},{"damage":100,"enemies":"Pondfish","floor":35,"turns":16},{"damage":9,"enemies":"3 Shapes","floor":37,"turns":9},{"damage":140,"enemies":"3 Darklings","floor":38,"turns":30}],"seed_played":"4067058759705808833","potions_obtained":[{"floor":4,"key":"SteroidPotion"},{"floor":10,"key":"Swift Potion"},{"floor":12,"key":"Fruit Juice"},{"floor":16,"key":"Adrenaline Potion"},{"floor":21,"key":"Venom Potion"},{"floor":22,"key":"PowerPotion"},{"floor":28,"key":"FairyPotion"},{"floor":29,"key":"Flashbang"}],"is_trial":false,"path_per_floor":["M","$","M","M","$","E","M","R","T","M","?","M","R","$","R","B",null,"M","M","$","M","M","E","R","?","T","R","M","NM","M","PTL","PTL","M","R","B",null,"M","M"],"character_chosen":"IRONCLAD","items_purchased":["Feel No Pain","ReplayTheSpireMod:Stacked","Rage","Feel No Pain","Bandage Up"],"campfire_rested":2,"item_purchase_floors":[2,5,14,20,20],"current_hp_per_floor":[80,80,80,80,80,60,51,51,51,38,38,43,43,43,67,30,85,85,83,83,85,76,16,41,25,25,52,54,54,64,64,64,52,79,54,90,90,50,50],"gold":283,"neow_bonus":"THREE_ENEMY_KILL","is_daily":false,"chose_seed":false,"campfire_upgraded":2,"win_rate":0.0,"timestamp":1609855240,"path_taken":["M","?","M","M","$","E","M","R","T","M","?","M","R","?","R","BOSS","M","M","$","?","M","E","R","?","T","R","M","NM","M","PTL","PTL","M","R","BOSS","M","M"],"items_purchased_type":["Card","Card","Card","Card","Card"],"build_version":"2020-12-22","purchased_purges":1,"victory":false,"max_hp_per_floor":[80,80,80,80,80,80,80,80,80,80,80,80,80,80,80,85,85,85,85,85,85,85,85,85,90,90,90,90,90,90,90,90,90,90,90,90,90,90,90],"card_choices":[{"not_picked":["Clothesline","Uppercut"],"picked":"Pommel Strike","floor":1},{"not_picked":["ReplayTheSpireMod:Strike From Hell","Twin Strike"],"picked":"Pummel","floor":3},{"not_picked":["Massacre","Sword Boomerang","Cleave"],"picked":"SKIP","floor":4},{"not_picked":["ReplayTheSpireMod:Stacked","Immolate"],"picked":"Warcry","floor":6},{"not_picked":["Twin Strike","Armaments"],"picked":"Replay:Undeath\u0027s Touch","floor":7},{"not_picked":["Perfected Strike","Headbutt"],"picked":"Rage","floor":10},{"not_picked":["Anger","Clothesline"],"picked":"ReplayTheSpireMod:Strike From Hell","floor":12},{"not_picked":["Eclipse","Corruption"],"picked":"Fiend Fire","floor":16},{"not_picked":["Infernal Blade","Heavy Blade+1"],"picked":"Warcry","floor":18},{"not_picked":["Body Slam","Run Through"],"picked":"ReplayTheSpireMod:Muscle Training","floor":19},{"not_picked":["Sword Boomerang","Clothesline","Flex+1"],"picked":"SKIP","floor":21},{"not_picked":["Power Through+1","Shrug It Off"],"picked":"Abandon+1","floor":22},{"not_picked":["Combust","Infernal Blade","Inflame"],"picked":"SKIP","floor":23},{"not_picked":["Shrug It Off","Blood for Blood","Flex+1"],"picked":"SKIP","floor":28},{"not_picked":["Wild Strike","Flex"],"picked":"Replay:Undeath\u0027s Touch+1","floor":29},{"not_picked":["ReplayTheSpireMod:Strike From Hell+1","Sword Boomerang+1"],"picked":"Dual Wield","floor":30},{"not_picked":["Twin Strike+1","Body Slam","Metallicize"],"picked":"SKIP","floor":33},{"not_picked":["Brutality","Berserk"],"picked":"Hemogenesis","floor":35},{"not_picked":["Sentinel","Inflame+1"],"picked":"infinitespire:OneForAll","floor":37}],"player_experience":72915,"relics_obtained":[{"floor":6,"key":"Potion Belt"},{"floor":9,"key":"Blood Vial"},{"floor":17,"key":"ReplayFunnel"},{"floor":17,"key":"HornCleat"},{"floor":17,"key":"Lizard Tail"},{"floor":23,"key":"Meat on the Bone"},{"floor":26,"key":"infinitespire:Satchel"},{"floor":29,"key":"Whetstone"}],"event_choices":[{"damage_healed":0,"gold_gain":0,"player_choice":"Shed Blood","damage_taken":21,"max_hp_gain":5,"max_hp_loss":0,"event_name":"Forgotten Altar","floor":25,"gold_loss":0}],"is_beta":false,"boss_relics":[{"not_picked":["Replay:Drink Me","Philosopher\u0027s Stone"],"picked":"Calling Bell"},{"not_picked":["Busted Crown","Runic Dome"],"picked":"Black Blood"}],"items_purged_floors":[2],"is_endless":true,"potions_floor_spawned":[4,10,12,16,21,22,28,29],"killed_by":"3 Darklings","ascension_level":0}}