{"host":"7qf1todfnxspvw7w","time":1609817663,"event":{"mods":["BaseMod","BetterRewards","Block Reminder","Colored Powertips","Disable Question Mark Monsters","Displayed Cursed Tome","Downfall","Gold Saver","Googly Eyes","Infinite Spire","Ironclad Rager","Lobotomy","Minty Spire (QoL Compilation)","Rare Cards Sparkle","Relic Stats","Reorder Act Four","Replay The Spire","SacredBarkPlus","Shop Mod","StSLib","Uncapped"],"gold_per_floor":[1090,1105,1105,1125,1143,1157,1229,1254,1254,1271,1271,1329,1329,1314,1332,1428,1428,1428,1439,1293,1312,1412,1412,1458,1471,1481,1492,1492,1512,1437,1469,1482,1585,1585,1435,1435,1451,1451,1451,1451,1451,1387,1387,1403,1403,1418,1418,1428,1442,1442,1442],"floor_reached":52,"playtime":3143,"items_purged":["Slimebound:Strike_Slimebound"],"score":726,"play_id":"10d52995-8e4a-4e42-87cf-fd2c67c98628","local_time":"20210105063423","is_ascension_mode":false,"campfire_choices":[{"data":"Slimebound:Split","floor":1,"key":"SMITH"},{"floor":11,"key":"REST"},{"floor":13,"key":"REST"},{"data":"Slimebound:RallyTheTroops","floor":18,"key":"SMITH"},{"floor":23,"key":"REST"},{"floor":30,"key":"RECALL"},{"data":"infinitespire:SevenWalls","floor":35,"key":"SMITH"},{"data":"Slimebound:SlimeBarrage","floor":40,"key":"SMITH"},{"floor":45,"key":"REST"},{"floor":47,"key":"REST"}],"circlet_count":0,"master_deck":["Slimebound:Strike_Slimebound","Slimebound:Strike_Slimebound","Slimebound:Tackle","Slimebound:Defend_Slimebound","Slimebound:Defend_Slimebound","Slimebound:Defend_Slimebound","Slimebound:Defend_Slimebound","Slimebound:Split+1","Slimebound:CorrosiveSpit","Slimebound:RollThrough","Slimebound:ComboTackle","Slimebound:LeechingTouch","Slimebound:PrepareCrush+1","Slimebound:DisruptingSlam","Slimebound:SplitMire","Slimebound:RollThrough","Slimebound:RallyTheTroops+1","Slimebound:SlimeTap","Jack Of All Trades+1","Slimebound:FormOfPuddle+1","Slimebound:LivingWall","Slimebound:Schlurp+1","Slimebound:MassFeed","Slimebound:SplitBruiser+1","infinitespire:SevenWalls+1","Slimebound:GoopSpray+1","Slimebound:SlimeBarrage+1","Slimebound:FinishingTackle","Slimebound:LeechLife","Replay:SS_forest_2","Slimebound:Grow"],"relics":["Slimebound:AbsorbEndCombatUpgraded","White Beast Statue","MealTicket","Blue Doll","Toy Ornithopter","downfall:HeartBlessingBlue","Akabeko","Philosopher\u0027s Stone","downfall:HeartBlessingGreen","downfall:HeartBlessingRed","Singing Bowl"],"acts_visited":["Exordium","TheCity","TheBeyond"],"potions_floor_usage":[16,16,22,22,22,25,26,27,31,33,50,50],"damage_taken":[{"damage":17,"enemies":"Jaw Worm","floor":2,"turns":2},{"damage":13,"enemies":"2 Louse","floor":4,"turns":2},{"damage":20,"enemies":"Cultist","floor":5,"turns":3},{"damage":20,"enemies":"3 Louse","floor":6,"turns":4},{"damage":14,"enemies":"Gremlin Nob","floor":8,"turns":3},{"damage":25,"enemies":"Blue Slaver","floor":10,"turns":3},{"damage":21,"enemies":"3 Sentries","floor":12,"turns":4},{"damage":13,"enemies":"downfall:FleeingMerchant","floor":14,"turns":4},{"damage":16,"enemies":"Red Slaver","floor":15,"turns":3},{"damage":94,"enemies":"downfall:Defect","floor":16,"turns":7},{"damage":17,"enemies":"Chosen","floor":19,"turns":4},{"damage":25,"enemies":"downfall:FleeingMerchant","floor":20,"turns":4},{"damage":43,"enemies":"Shell Parasite","floor":21,"turns":5},{"damage":49,"enemies":"downfall:LadyInBlue","floor":22,"turns":9},{"damage":43,"enemies":"Snake Plant","floor":25,"turns":4},{"damage":38,"enemies":"Chosen and Byrds","floor":26,"turns":9},{"damage":75,"enemies":"Shelled Parasite and Fungi","floor":27,"turns":10},{"damage":25,"enemies":"Snecko","floor":29,"turns":5},{"damage":76,"enemies":"Gremlin Leader","floor":31,"turns":5},{"damage":45,"enemies":"Centurion and Healer","floor":32,"turns":8},{"damage":185,"enemies":"downfall:Watcher","floor":33,"turns":13},{"damage":13,"enemies":"3 Darklings","floor":37,"turns":4},{"damage":26,"enemies":"downfall:FleeingMerchant","floor":42,"turns":4},{"damage":42,"enemies":"3 Shapes","floor":44,"turns":3},{"damage":52,"enemies":"3 Darklings","floor":46,"turns":7},{"damage":34,"enemies":"4 Shapes","floor":48,"turns":3},{"damage":42,"enemies":"Jaw Worm Horde","floor":49,"turns":6},{"damage":129,"enemies":"downfall:Ironclad","floor":50,"turns":16}],"seed_played":"-8299348556432095709","potions_obtained":[{"floor":2,"key":"Elixir"},{"floor":6,"key":"PowerPotion"},{"floor":8,"key":"PowerPotion"},{"floor":10,"key":"Slimebound:SlimedPotion"},{"floor":16,"key":"Slimebound:SlimedPotion"},{"floor":19,"key":"Strength Potion"},{"floor":22,"key":"Doom Potion"},{"floor":22,"key":"Slimebound:SlimedPotion"},{"floor":22,"key":"Regen Potion"},{"floor":25,"key":"Regen Potion"},{"floor":26,"key":"SteroidPotion"},{"floor":27,"key":"SkillPotion"},{"floor":31,"key":"SteroidPotion"},{"floor":33,"key":"PowerPotion"}],"is_trial":false,"path_per_floor":["R","M","?","M","M","M","T","E","?","M","R","?","R","$","M","B",null,"R","M","$","M","?","R","T","M","M","M","AVR","M","R","E","M","B",null,"R","?","M","?","?","R","T","$","?","M","R","M","R","M","M","B",null,null],"character_chosen":"SLIMEBOUND","items_purchased":["Jack Of All Trades+1","PowerPotion"],"campfire_rested":5,"item_purchase_floors":[20,42],"current_hp_per_floor":[60,58,58,55,47,39,39,33,33,16,34,21,39,60,52,20,60,60,51,55,36,15,33,33,16,30,48,48,39,49,39,37,26,76,76,76,76,76,76,76,76,59,51,34,58,50,74,70,73,19,19],"gold":1442,"neow_bonus":"HUNDRED_GOLD","is_daily":false,"chose_seed":false,"campfire_upgraded":4,"win_rate":0.0,"timestamp":1609817663,"path_taken":["R","M","?","M","M","M","T","E","?","?","R","?","R","$","M","BOSS","R","M","$","M","?","R","T","?","M","M","AVR","M","R","E","M","BOSS","R","?","M","?","?","R","T","$","?","M","R","M","R","?","M","BOSS"],"items_purchased_type":["Card","Potion"],"build_version":"2020-12-22","purchased_purges":1,"victory":true,"max_hp_per_floor":[60,60,60,60,60,60,60,60,60,60,60,60,60,60,60,60,60,60,60,60,60,60,60,60,60,60,63,63,63,73,73,76,76,76,76,76,76,76,76,76,76,78,78,83,83,83,83,97,102,102,102],"relic_stats":{"Singing Bowl":8,"counters":[28,151],"MealTicket":24,"obtain_stats":[{"downfall:HeartBlessingRed":35,"Singing Bowl":41,"downfall:HeartBlessingBlue":30,"MealTicket":8,"Blue Doll":12,"Philosopher\u0027s Stone":34,"downfall:HeartBlessingGreen":35,"Slimebound:AbsorbEndCombat":0,"Slimebound:AbsorbEndCombatUpgraded":17,"White Beast Statue":7,"Toy Ornithopter":22,"Akabeko":31},{"downfall:HeartBlessingRed":21,"Singing Bowl":22,"downfall:HeartBlessingBlue":18,"MealTicket":5,"Blue Doll":7,"Philosopher\u0027s Stone":21,"downfall:HeartBlessingGreen":21,"Slimebound:AbsorbEndCombat":0,"Slimebound:AbsorbEndCombatUpgraded":10,"White Beast Statue":4,"Toy Ornithopter":14,"Akabeko":19},{"downfall:HeartBlessingRed":108,"Singing Bowl":112,"downfall:HeartBlessingBlue":82,"MealTicket":13,"Blue Doll":19,"Philosopher\u0027s Stone":108,"downfall:HeartBlessingGreen":108,"Slimebound:AbsorbEndCombat":0,"Slimebound:AbsorbEndCombatUpgraded":33,"White Beast Statue":10,"Toy Ornithopter":55,"Akabeko":87}],"Toy Ornithopter":35},"card_choices":[{"not_picked":["Slimebound:SplitAcid","Slimebound:GrowthPunch"],"picked":"Slimebound:RollThrough","floor":2},{"not_picked":["Slimebound:SlimeSpikes","Slimebound:ProtectTheBoss"],"picked":"Slimebound:ComboTackle","floor":4},{"not_picked":["Slimebound:PressTheAttack","Slimebound:FormOfPuddle"],"picked":"Slimebound:LeechingTouch","floor":5},{"not_picked":["Slimebound:SplitLeeching","Slimebound:LeadByExample"],"picked":"Slimebound:PrepareCrush","floor":6},{"not_picked":["Slimebound:FirmFortitude","Slimebound:SplitAcid","Slimebound:MegaLick"],"picked":"SKIP","floor":8},{"not_picked":["Slimebound:GrowthPunch","Slimebound:RollThrough"],"picked":"Slimebound:DisruptingSlam","floor":10},{"not_picked":["Slimebound:ComboTackle","Slimebound:LeechingTouch"],"picked":"Slimebound:SplitMire","floor":12},{"not_picked":["Slimebound:ViciousTackle","Slimebound:ComboTackle"],"picked":"Slimebound:RollThrough","floor":14},{"not_picked":["Slimebound:GoopTackle","Slimebound:Gluttony","Slimebound:SplitBruiser"],"picked":"SKIP","floor":15},{"not_picked":["Slimebound:LeechLife","Slimebound:DuplicatedForm"],"picked":"Slimebound:RallyTheTroops","floor":16},{"not_picked":["Slimebound:Dissolve","Slimebound:LeechingTouch"],"picked":"Slimebound:SlimeTap","floor":19},{"not_picked":["Slimebound:SpikyOuterGoop+1","Slimebound:Gluttony","Slimebound:SplitBruiser"],"picked":"SKIP","floor":20},{"not_picked":["Slimebound:Gluttony","Slimebound:ViciousTackle"],"picked":"Slimebound:FormOfPuddle+1","floor":21},{"not_picked":["Slimebound:RollThrough","Slimebound:SamplingLick"],"picked":"Slimebound:LivingWall","floor":22},{"not_picked":["Slimebound:SlimeBrawl","Slimebound:ItLooksTasty"],"picked":"Slimebound:Schlurp+1","floor":25},{"not_picked":["Slimebound:LeechEnergy","Slimebound:GoopTackle"],"picked":"Slimebound:MassFeed","floor":26},{"not_picked":["Slimebound:ViciousTackle","Slimebound:SplitAcid"],"picked":"Slimebound:SplitBruiser","floor":27},{"not_picked":["Slimebound:SplitLeeching","Slimebound:SplitAcid"],"picked":"Slimebound:GoopSpray+1","floor":29},{"not_picked":["Slimebound:SlimeSpikes","Slimebound:GoopSpray+1"],"picked":"Slimebound:SlimeBarrage","floor":31},{"not_picked":["Slimebound:ComboTackle","Slimebound:DuplicatedForm"],"picked":"Slimebound:FinishingTackle","floor":32},{"not_picked":["Slimebound:MassFeed","Slimebound:SelfFormingGoo"],"picked":"Slimebound:LeechLife","floor":33},{"not_picked":["Slimebound:FinishingTackle","Slimebound:SamplingLick+1","Slimebound:SplitMire"],"picked":"SKIP","floor":37},{"not_picked":["expansioncontent:Torchfire","expansioncontent:DefensiveMode"],"picked":"Replay:SS_forest_2","floor":38},{"not_picked":["Slimebound:WasteNot","Slimebound:SamplingLick+1","Slimebound:SlimeTap"],"picked":"Singing Bowl","floor":42},{"not_picked":["Slimebound:SplitMire","Slimebound:Gluttony","Slimebound:FinishingTackle+1"],"picked":"Singing Bowl","floor":44},{"not_picked":["Slimebound:RollThrough+1","Slimebound:SplitBruiser"],"picked":"Slimebound:Grow","floor":46},{"not_picked":["Slimebound:SplitLeeching+1","Slimebound:SlimeBarrage+1","Slimebound:FormOfPuddle"],"picked":"Singing Bowl","floor":48},{"not_picked":["Slimebound:Equalize+1","Slimebound:ViciousTackle+1","Slimebound:SplitMire+1"],"picked":"Singing Bowl","floor":49}],"player_experience":517966,"relics_obtained":[{"floor":7,"key":"White Beast Statue"},{"floor":8,"key":"MealTicket"},{"floor":12,"key":"Blue Doll"},{"floor":22,"key":"Toy Ornithopter"},{"floor":31,"key":"Akabeko"},{"floor":41,"key":"Singing Bowl"}],"event_choices":[{"damage_healed":0,"gold_gain":0,"player_choice":"Forge","damage_taken":0,"max_hp_gain":0,"max_hp_loss":0,"event_name":"Accursed Blacksmith","floor":9,"gold_loss":0,"cards_upgraded":["Slimebound:PrepareCrush"]}],"is_beta":false,"boss_relics":[{"not_picked":["Coffee Dripper","Velvet Choker"],"picked":"Slimebound:AbsorbEndCombatUpgraded"},{"not_picked":["Replay:Drink Me","Runic Dome"],"picked":"Philosopher\u0027s Stone"}],"items_purged_floors":[20],"is_endless":false,"potions_floor_spawned":[2,6,8,10,12,14,15,16,19,20,21,25,26,27,29,31,32,33,37,42,44,46,48,49],"ascension_level":0}}