{"host":"1fn5ivlym87f4xjq","time":1609862366,"event":{"mods":["BaseMod","BetterRewards","Colored Powertips","Minty Spire (QoL Compilation)","Shop Mod","StSLib","The Animator","The Exalted","The Forsaken","The Hierophant"],"gold_per_floor":[114,114,114,60,60,60,76,0,25,25,25,42,42,117,117,117,117],"floor_reached":16,"playtime":433,"items_purged":[],"score":86,"play_id":"824b57bd-6747-4e7b-a2ba-6e327db185b0","local_time":"20210105165926","is_ascension_mode":false,"campfire_choices":[{"floor":10,"key":"RECALL"},{"data":"animator:FielNirvalen","floor":13,"key":"SMITH"},{"data":"animator:Tatsumaki","floor":15,"key":"SMITH"}],"circlet_count":0,"master_deck":["animator:Strike_Overlord","animator:Defend_Overlord+1","animator:Strike+1","animator:Strike","animator:Strike","animator:Defend","animator:Defend","animator:Defend","animator:Cocytus","animator:Demiurge+1","animator:FielNirvalen+1","theForsaken:PlagueCurse","animator:Shuna","Regret","animator:Tatsumaki+1","animator:Shalltear","animator:Cocytus"],"relics":["animator:LivingPicture","animator:TheMissingPiece","theForsaken:PlagueMask","Blue Candle","Centennial Puzzle","MealTicket"],"acts_visited":["Exordium"],"potions_floor_usage":[16,16],"damage_taken":[{"damage":15,"enemies":"Jaw Worm","floor":1,"turns":4},{"damage":1,"enemies":"2 Louse","floor":7,"turns":4},{"damage":1,"enemies":"Small Slimes","floor":12,"turns":4},{"damage":34,"enemies":"Slime Boss","floor":16,"turns":5}],"seed_played":"-6061016136746383919","potions_obtained":[{"floor":7,"key":"Fire Potion"},{"floor":12,"key":"Energy Potion"}],"is_trial":false,"path_per_floor":["M","?","?","$","?","?","M","$","T","R","$","M","R","?","R","B"],"character_chosen":"THE_ANIMATOR","items_purchased":["animator:Shuna","animator:Shalltear"],"campfire_rested":0,"item_purchase_floors":[4,8],"current_hp_per_floor":[51,38,38,38,38,26,25,25,25,25,40,39,39,28,28,0,0],"gold":117,"neow_bonus":"UPGRADE_CARD","is_daily":false,"chose_seed":false,"campfire_upgraded":2,"win_rate":0.0,"timestamp":1609862366,"path_taken":["M","?","?","$","?","?","?","?","T","R","$","?","R","?","R","BOSS"],"items_purchased_type":["Card","Card"],"build_version":"2020-12-22","purchased_purges":0,"victory":false,"max_hp_per_floor":[66,66,66,66,66,66,66,66,66,66,66,66,66,66,66,66,66],"card_choices":[{"not_picked":["animator:Tyuule","animator:Kuribayashi"],"picked":"animator:FielNirvalen","floor":1},{"not_picked":["animator:TukaLunaMarceau","animator:DolaStephanie"],"picked":"animator:Tatsumaki","floor":7},{"not_picked":["animator:Bozes","animator:MumenRider"],"picked":"animator:Cocytus","floor":12}],"player_experience":108426,"relics_obtained":[{"floor":9,"key":"MealTicket"}],"event_choices":[{"damage_healed":0,"gold_gain":0,"player_choice":"Entered Light","damage_taken":13,"max_hp_gain":0,"max_hp_loss":0,"event_name":"Shining Light","floor":2,"gold_loss":0,"cards_upgraded":["animator:Defend_Overlord","animator:Strike"]},{"damage_healed":0,"gold_gain":0,"player_choice":"Obtain Plague Curse","damage_taken":0,"max_hp_gain":0,"max_hp_loss":0,"event_name":"Plague Doctor","floor":3,"gold_loss":0,"cards_obtained":["theForsaken:PlagueCurse"]},{"damage_healed":0,"gold_gain":0,"player_choice":"Box","damage_taken":0,"relics_obtained":["Blue Candle"],"max_hp_gain":0,"max_hp_loss":0,"event_name":"Big Fish","floor":5,"gold_loss":0,"cards_obtained":["Regret"]},{"damage_healed":0,"gold_gain":0,"player_choice":"Success","damage_taken":12,"relics_obtained":["Centennial Puzzle"],"max_hp_gain":0,"max_hp_loss":0,"event_name":"Scrap Ooze","floor":6,"gold_loss":0},{"damage_healed":0,"gold_gain":75,"player_choice":"Gather Gold","damage_taken":11,"max_hp_gain":0,"max_hp_loss":0,"event_name":"World of Goop","floor":14,"gold_loss":0}],"is_beta":false,"boss_relics":[],"items_purged_floors":[],"is_endless":false,"potions_floor_spawned":[7,12],"killed_by":"Slime Boss","ascension_level":0}}