{"host":"akjsb4vg7478j4ls","time":1609810129,"event":{"mods":["BaseMod","Colored Map","Colored Powertips","Minty Spire (QoL Compilation)","Rare Cards Sparkle"],"gold_per_floor":[118,170,183,358,371,371,385,207,261,261,261,261,277,290,290,388,388,406,419,437,3,3,28,28,28,28,46,60,60,72,5,5,100,100,118,132,1,1,18,18,42,42,92,0,54,54,68,85,85,85,85,85,13,38,38,38],"floor_reached":55,"playtime":4609,"items_purged":[],"score":704,"play_id":"f8ae66c3-41b4-4e25-995d-2da84390cefa","local_time":"20210104232849","is_ascension_mode":false,"campfire_choices":[{"floor":10,"key":"RECALL"},{"floor":15,"key":"REST"},{"floor":24,"key":"REST"},{"floor":29,"key":"REST"},{"floor":32,"key":"REST"},{"floor":40,"key":"REST"},{"data":"Apotheosis","floor":42,"key":"SMITH"},{"floor":46,"key":"REST"},{"floor":49,"key":"REST"},{"data":"Footwork","floor":52,"key":"SMITH"}],"circlet_count":0,"master_deck":["Strike_G","Strike_G","Strike_G","Defend_G","Defend_G","Defend_G","Defend_G","Defend_G","Survivor","Neutralize","Caltrops","Dash","Infinite Blades","Flying Knee","Slice","Leg Sweep","Caltrops","A Thousand Cuts","Footwork+1","All Out Attack","Backflip","Apotheosis+1","Terror+1","Die Die Die","Predator","Dagger Throw+1","Backstab","After Image+1","Footwork+1","Phantasmal Killer","Well Laid Plans+1","Cloak And Dagger","Blade Dance","Accuracy+1","Writhe","Parasite","Riddle With Holes+1","Regret","Decay","Storm of Steel","Outmaneuver+1","Deflect+1","Blur","After Image+1","Infinite Blades+1","Blade Dance+1"],"relics":["Ring of the Snake","NeowsBlessing","Oddly Smooth Stone","Tiny Chest","HoveringKite","Letter Opener","Darkstone Periapt","Frozen Egg 2","Happy Flower","Cursed Key","Snake Skull","Dream Catcher","Red Mask","FossilizedHelix","Blue Candle"],"acts_visited":["Exordium","TheCity","TheBeyond","TheEnding"],"potions_floor_usage":[23,23,23,33,33,45,50],"damage_taken":[{"damage":0,"enemies":"Cultist","floor":1,"turns":1},{"damage":0,"enemies":"Small Slimes","floor":3,"turns":1},{"damage":0,"enemies":"2 Louse","floor":5,"turns":1},{"damage":13,"enemies":"Gremlin Gang","floor":7,"turns":6},{"damage":11,"enemies":"Exordium Thugs","floor":13,"turns":6},{"damage":7,"enemies":"3 Louse","floor":14,"turns":4},{"damage":25,"enemies":"Hexaghost","floor":16,"turns":11},{"damage":28,"enemies":"Spheric Guardian","floor":18,"turns":6},{"damage":8,"enemies":"3 Byrds","floor":19,"turns":4},{"damage":22,"enemies":"Snake Plant","floor":20,"turns":6},{"damage":10,"enemies":"Gremlin Leader","floor":23,"turns":12},{"damage":21,"enemies":"Shelled Parasite and Fungi","floor":27,"turns":6},{"damage":0,"enemies":"Centurion and Healer","floor":28,"turns":7},{"damage":6,"enemies":"Chosen and Byrds","floor":30,"turns":5},{"damage":14,"enemies":"Champ","floor":33,"turns":13},{"damage":16,"enemies":"Orb Walker","floor":35,"turns":3},{"damage":15,"enemies":"3 Darklings","floor":36,"turns":7},{"damage":13,"enemies":"Writhing Mass","floor":39,"turns":5},{"damage":23,"enemies":"2 Orb Walkers","floor":45,"turns":5},{"damage":54,"enemies":"Transient","floor":47,"turns":5},{"damage":6,"enemies":"3 Darklings","floor":48,"turns":5},{"damage":40,"enemies":"Donu and Deca","floor":50,"turns":12},{"damage":85,"enemies":"Shield and Spear","floor":54,"turns":9},{"damage":40,"enemies":"The Heart","floor":55,"turns":2}],"seed_played":"8177473468109610820","potions_obtained":[{"floor":1,"key":"DuplicationPotion"},{"floor":5,"key":"PowerPotion"},{"floor":7,"key":"CunningPotion"},{"floor":20,"key":"Dexterity Potion"},{"floor":28,"key":"Fire Potion"},{"floor":30,"key":"Dexterity Potion"},{"floor":39,"key":"SkillPotion"},{"floor":45,"key":"Swift Potion"},{"floor":54,"key":"SteroidPotion"}],"is_trial":false,"path_per_floor":["M","T","M","?","M","?","M","$","T","R","$","?","M","M","R","B",null,"M","M","M","$","T","E","R","?","T","M","M","R","M","$","R","B",null,"M","M","$","?","M","R","T","R","T","?","?","R","M","M","R","B",null,"R","$","E","B"],"character_chosen":"THE_SILENT","items_purchased":["Tiny Chest","Slice","Letter Opener","Apotheosis","Footwork+1","Blade Dance","Accuracy+1","Infinite Blades+1"],"campfire_rested":7,"item_purchase_floors":[8,8,21,21,31,37,37,53],"current_hp_per_floor":[70,70,70,70,70,70,57,57,57,57,57,57,46,39,60,35,70,42,34,12,12,12,2,23,23,23,2,2,23,17,17,38,24,70,54,39,39,63,56,80,86,86,92,92,69,94,40,34,62,22,94,94,94,9,0,0],"gold":38,"neow_bonus":"THREE_ENEMY_KILL","is_daily":false,"chose_seed":false,"campfire_upgraded":2,"win_rate":0.0,"timestamp":1609810129,"path_taken":["M","?","?","?","M","?","?","$","T","R","?","?","M","M","R","BOSS","M","?","M","$","?","E","R","?","T","M","M","R","M","?","R","BOSS","M","M","$","?","M","R","?","R","T","?","?","R","M","M","R","BOSS","R","$","E","BOSS"],"items_purchased_type":["Relic","Card","Relic","Card","Card","Card","Card","Card"],"build_version":"2020-12-22","purchased_purges":0,"victory":false,"max_hp_per_floor":[70,70,70,70,70,70,70,70,70,70,70,70,70,70,70,70,70,70,70,70,70,70,70,70,70,70,70,70,70,70,70,70,70,70,70,70,70,76,82,82,88,88,94,94,94,94,94,94,94,94,94,94,94,94,94,94],"card_choices":[{"not_picked":["Choke","Sucker Punch"],"picked":"Caltrops","floor":1},{"not_picked":["Flechettes","Heel Hook"],"picked":"Dash","floor":3},{"not_picked":["Calculated Gamble","Predator"],"picked":"Infinite Blades","floor":5},{"not_picked":["Caltrops","Dodge and Roll"],"picked":"Flying Knee","floor":7},{"not_picked":["Backflip","Choke"],"picked":"Leg Sweep","floor":13},{"not_picked":["Endless Agony","Crippling Poison"],"picked":"Caltrops","floor":14},{"not_picked":["Doppelganger","Malaise"],"picked":"A Thousand Cuts","floor":16},{"not_picked":["Outmaneuver","Noxious Fumes"],"picked":"Footwork","floor":18},{"not_picked":["Deadly Poison+1","Catalyst"],"picked":"All Out Attack","floor":19},{"not_picked":["Prepared+1","Eviscerate"],"picked":"Backflip","floor":20},{"not_picked":["Catalyst","Cloak And Dagger"],"picked":"Terror+1","floor":23},{"not_picked":["Outmaneuver","Sucker Punch"],"picked":"Dagger Throw+1","floor":27},{"not_picked":["Well Laid Plans+1","PiercingWail"],"picked":"Backstab","floor":28},{"not_picked":["Slice+1","Bane"],"picked":"After Image+1","floor":30},{"not_picked":["Night Terror","Envenom+1"],"picked":"Phantasmal Killer","floor":33},{"not_picked":["PiercingWail+1","Dodge and Roll"],"picked":"Well Laid Plans+1","floor":35},{"not_picked":["Leg Sweep","Masterful Stab"],"picked":"Cloak And Dagger","floor":36},{"not_picked":["Masterful Stab+1","Bane+1"],"picked":"Riddle With Holes+1","floor":39},{"not_picked":["Escape Plan+1","Tactician"],"picked":"Storm of Steel","floor":45},{"not_picked":["Poisoned Stab","PiercingWail"],"picked":"Outmaneuver+1","floor":46},{"not_picked":["Eviscerate+1","Slice"],"picked":"Deflect+1","floor":47},{"not_picked":["Quick Slash+1","Flying Knee+1"],"picked":"Blur","floor":48},{"not_picked":["Calculated Gamble","Acrobatics"],"picked":"After Image+1","floor":49},{"not_picked":["Poisoned Stab+1","Riddle With Holes"],"picked":"Blade Dance+1","floor":54}],"player_experience":102247,"relics_obtained":[{"floor":2,"key":"Oddly Smooth Stone"},{"floor":22,"key":"Darkstone Periapt"},{"floor":23,"key":"Frozen Egg 2"},{"floor":26,"key":"Happy Flower"},{"floor":41,"key":"Snake Skull"},{"floor":43,"key":"Dream Catcher"},{"floor":45,"key":"FossilizedHelix"},{"floor":54,"key":"Blue Candle"}],"event_choices":[{"damage_healed":0,"gold_gain":175,"player_choice":"AGREE","damage_taken":0,"max_hp_gain":0,"max_hp_loss":0,"event_name":"Liars Game","floor":4,"gold_loss":0,"cards_obtained":["Doubt"]},{"damage_healed":0,"gold_gain":0,"player_choice":"Ignored","damage_taken":0,"max_hp_gain":0,"max_hp_loss":0,"event_name":"NoteForYourself","floor":6,"gold_loss":0},{"cards_removed":["Doubt"],"damage_healed":0,"gold_gain":0,"player_choice":"Removed Curses","damage_taken":0,"max_hp_gain":0,"max_hp_loss":0,"event_name":"Fountain of Cleansing","floor":12,"gold_loss":0},{"damage_healed":0,"gold_gain":0,"cards_transformed":["Strike_G","Strike_G"],"player_choice":"Became Test Subject","damage_taken":0,"max_hp_gain":0,"max_hp_loss":0,"event_name":"Drug Dealer","floor":25,"gold_loss":0,"cards_obtained":["Die Die Die","Predator"]},{"damage_healed":18,"gold_gain":0,"player_choice":"Writhe","damage_taken":0,"max_hp_gain":0,"max_hp_loss":0,"event_name":"Winding Halls","floor":38,"gold_loss":0,"cards_obtained":["Writhe"]},{"damage_healed":0,"gold_gain":0,"player_choice":"Paid","damage_taken":0,"relics_obtained":["Red Mask"],"max_hp_gain":0,"max_hp_loss":0,"event_name":"Tomb of Lord Red Mask","floor":44,"gold_loss":92},{"damage_healed":0,"gold_gain":0,"player_choice":"Fight","damage_taken":0,"max_hp_gain":0,"max_hp_loss":0,"event_name":"Mysterious Sphere","floor":45,"gold_loss":0}],"is_beta":false,"boss_relics":[{"not_picked":["Runic Dome","Empty Cage"],"picked":"HoveringKite"},{"not_picked":["SacredBark","Philosopher\u0027s Stone"],"picked":"Cursed Key"}],"items_purged_floors":[],"is_endless":false,"potions_floor_spawned":[1,5,7,18,20,28,30,39,45,54],"killed_by":"The Heart","ascension_level":0}}