{"host":"6p0attdrtjqaih7v","time":1609879376,"event":{"mods":["2.2 Compatiblity","AchievementEnabler","Bard","BaseMod","Better Skull","Better Third Choice","Colored Powertips","Hermit","Highlight Path","Jorbs\u0027s Wanderer Trilogy","Key Reminder","Minty Spire (QoL Compilation)","Permanent Neow","Quick Restart","Random Character Button","Relic Stats","Replay The Spire","StSLib","The Construct"],"gold_per_floor":[119,139,214,144,144,175,175,191,191,191,191,222,238,270,270,270,270],"floor_reached":16,"playtime":708,"items_purged":["hermit:ImpendingDoom"],"score":230,"play_id":"2f59d8f2-c8ad-445f-b680-831aa931ca33","local_time":"20210105154256","is_ascension_mode":true,"campfire_choices":[{"data":"hermit:CalledShot","floor":7,"key":"SMITH"},{"data":"hermit:Snapshot","floor":11,"key":"SMITH"},{"floor":15,"key":"REST"}],"circlet_count":0,"master_deck":["AscendersBane","hermit:Strike_Hermit","hermit:Strike_Hermit","hermit:Strike_Hermit","hermit:Strike_Hermit","hermit:Defend_Hermit","hermit:Defend_Hermit","hermit:Defend_Hermit","hermit:Defend_Hermit","hermit:Snapshot+1","hermit:Covet","hermit:LoneWolf","hermit:Shortfuse","hermit:TakeAim","hermit:Glare","hermit:CalledShot+1","Parasite","hermit:Malice","hermit:Snipe","hermit:Coalescence"],"relics":["Runic Pyramid","ReplayTheSpireMod:CursedCoin","ReplayTheSpireMod:Ninjato","Ancient Tea Set","Omamori","keyreminder:keyreminder","Lantern"],"acts_visited":["Exordium"],"potions_floor_usage":[6,16],"damage_taken":[{"damage":2,"enemies":"Jaw Worm","floor":1,"turns":3},{"damage":7,"enemies":"Small Slimes","floor":2,"turns":4},{"damage":15,"enemies":"Lagavulin","floor":6,"turns":6},{"damage":0,"enemies":"Cultist","floor":8,"turns":2},{"damage":10,"enemies":"Gremlin Nob","floor":12,"turns":3},{"damage":6,"enemies":"2 Fungi Beasts","floor":13,"turns":2},{"damage":15,"enemies":"Lagavulin","floor":14,"turns":5},{"damage":36,"enemies":"Hexaghost","floor":16,"turns":9}],"seed_played":"7386143138092020893","potions_obtained":[{"floor":2,"key":"SkillPotion"},{"floor":8,"key":"SteroidPotion"}],"is_trial":false,"path_per_floor":["M","M","?","$","?","E","R","M","T","?","R","E","M","E","R","B"],"character_chosen":"HERMIT","items_purchased":["hermit:TakeAim","hermit:Glare","ReplayTheSpireMod:CursedCoin"],"campfire_rested":1,"item_purchase_floors":[4,4,4],"current_hp_per_floor":[62,55,44,44,44,29,29,29,29,46,46,36,30,15,36,0,0],"gold":270,"neow_bonus":"BOSS_RELIC","is_daily":false,"chose_seed":false,"campfire_upgraded":2,"win_rate":0.0,"timestamp":1609879376,"path_taken":["M","M","?","$","?","E","R","M","T","?","R","E","M","E","R","BOSS"],"items_purchased_type":["Card","Card","Relic"],"build_version":"2020-12-22","purchased_purges":1,"victory":false,"max_hp_per_floor":[71,71,71,71,71,71,71,71,71,71,71,71,71,71,71,71,71],"relic_stats":{"counters":[8,34],"obtain_stats":[{"keyreminder:keyreminder":12,"Lantern":14,"ReplayTheSpireMod:Ninjato":6,"ReplayTheSpireMod:CursedCoin":4,"Omamori":12,"Ancient Tea Set":9,"hermit:Momento":0,"Runic Pyramid":0},{"keyreminder:keyreminder":5,"Lantern":7,"ReplayTheSpireMod:Ninjato":3,"ReplayTheSpireMod:CursedCoin":2,"Omamori":5,"Ancient Tea Set":4,"hermit:Momento":0,"Runic Pyramid":0},{"keyreminder:keyreminder":18,"Lantern":25,"ReplayTheSpireMod:Ninjato":13,"ReplayTheSpireMod:CursedCoin":7,"Omamori":18,"Ancient Tea Set":15,"hermit:Momento":0,"Runic Pyramid":0}]},"card_choices":[{"not_picked":["hermit:Desperado","hermit:TrackingShot"],"picked":"hermit:LoneWolf","floor":1},{"not_picked":["hermit:Combo","hermit:Vantage"],"picked":"hermit:Shortfuse","floor":2},{"not_picked":["hermit:TakeAim","hermit:Dive"],"picked":"hermit:CalledShot","floor":6},{"not_picked":["hermit:Gestalt","hermit:Feint","hermit:BodyArmor"],"picked":"SKIP","floor":8},{"not_picked":["hermit:RoundhouseKick","hermit:Shortfuse"],"picked":"hermit:Malice","floor":12},{"not_picked":["hermit:HoleUp","hermit:Cheat"],"picked":"hermit:Snipe","floor":13},{"not_picked":["hermit:Manifest","hermit:TrackingShot"],"picked":"hermit:Coalescence","floor":14}],"player_experience":945835,"relics_obtained":[{"floor":6,"key":"ReplayTheSpireMod:Ninjato"},{"floor":9,"key":"Ancient Tea Set"},{"floor":12,"key":"Omamori"},{"floor":14,"key":"Lantern"}],"event_choices":[{"damage_healed":0,"gold_gain":75,"player_choice":"Gather Gold","damage_taken":11,"max_hp_gain":0,"max_hp_loss":0,"event_name":"World of Goop","floor":3,"gold_loss":0},{"damage_healed":17,"gold_gain":0,"player_choice":"Healed and dodged fight","damage_taken":0,"max_hp_gain":0,"max_hp_loss":0,"event_name":"Mushrooms","floor":10,"gold_loss":0,"cards_obtained":["Parasite"]}],"is_beta":false,"boss_relics":[],"items_purged_floors":[4],"is_endless":false,"potions_floor_spawned":[2,8],"killed_by":"Hexaghost","ascension_level":19}}