{"host":"ewfe3cr33ktd9xzj","time":1609869895,"event":{"mods":["AchievementEnabler","BaseMod","Colored Map","Custom Start","DeckTracker","Minty Spire (QoL Compilation)","Permanent Neow","Rare Cards Sparkle","StSLib","everything is the same but u backflip on backflip"],"gold_per_floor":[113,124,136,136,146,146,146,146],"floor_reached":7,"playtime":227,"items_purged":[],"score":86,"play_id":"47ac7629-0d13-4dd6-acee-b4ebc12f65ac","local_time":"20210106030455","is_ascension_mode":true,"campfire_choices":[{"data":"PathToVictory","floor":6,"key":"SMITH"}],"circlet_count":0,"master_deck":["AscendersBane","Strike_P","Strike_P","Strike_P","Defend_P","Defend_P","Defend_P","Defend_P","Eruption","Vigilance","EmptyFist","JustLucky","Pray","PathToVictory+1"],"relics":["Coffee Dripper"],"acts_visited":[],"potions_floor_usage":[],"damage_taken":[{"damage":0.0,"enemies":"2 Louse","floor":1.0,"turns":2.0},{"damage":5.0,"enemies":"Small Slimes","floor":2.0,"turns":4.0},{"damage":0.0,"enemies":"Cultist","floor":3.0,"turns":2.0},{"damage":1,"enemies":"Gremlin Gang","floor":5,"turns":6},{"damage":0,"enemies":"3 Sentries","floor":7,"turns":1}],"seed_played":"-6702472455280496758","potions_obtained":[{"floor":3.0,"key":"AttackPotion"},{"floor":5,"key":"Strength Potion"}],"is_trial":false,"path_per_floor":["M","M","M","?","M","R","E"],"character_chosen":"WATCHER","items_purchased":[],"campfire_rested":0,"item_purchase_floors":[],"current_hp_per_floor":[61,56,56,49,48,48,48,48],"gold":146,"neow_bonus":"BOSS_RELIC","is_daily":false,"chose_seed":false,"campfire_upgraded":1,"win_rate":0.0,"timestamp":1609869895,"path_taken":["M","M","M","?","M","R","E"],"items_purchased_type":[],"build_version":"2020-12-22","purchased_purges":0,"victory":false,"max_hp_per_floor":[68,68,68,68,68,68,68,68],"card_choices":[{"not_picked":["CutThroughFate","Pray","LikeWater"],"picked":"SKIP","floor":1.0},{"not_picked":["ClearTheMind","SashWhip"],"picked":"EmptyFist","floor":2.0},{"not_picked":["SashWhip","CrushJoints"],"picked":"JustLucky","floor":3.0},{"not_picked":["Alpha","BowlingBash"],"picked":"PathToVictory","floor":5}],"player_experience":26392,"relics_obtained":[],"event_choices":[{"cards_removed":["Strike_P"],"damage_healed":0.0,"max_hp_gain":0.0,"max_hp_loss":0.0,"gold_gain":0.0,"event_name":"Golden Wing","player_choice":"Card Removal","floor":4.0,"gold_loss":0.0,"damage_taken":7.0}],"is_beta":false,"boss_relics":[],"items_purged_floors":[],"is_endless":false,"potions_floor_spawned":[3,5],"killed_by":"3 Sentries","ascension_level":20}}