{"host":"c3lc60y5x60jlt1y","time":1609839631,"event":{"mods":["AchievementEnabler","BaseMod","Bestiary","Colored Map","Minty Spire (QoL Compilation)","Quick Restart","StSLib","ojb\u0027s Info Mod"],"gold_per_floor":[112,130,130,130,130,130,173,189,216,239,272,67,67,91,91,91,91],"floor_reached":16,"playtime":879,"items_purged":[],"score":320,"play_id":"0d47c8b4-1d1b-4df9-a893-a0d2f96575e7","local_time":"20210105114031","is_ascension_mode":true,"campfire_choices":[{"data":"Blade Dance","floor":6,"key":"SMITH"},{"floor":15,"key":"REST"}],"circlet_count":0,"master_deck":["AscendersBane","Strike_G","Strike_G","Strike_G","Strike_G","Strike_G","Defend_G","Defend_G+1","Defend_G","Defend_G","Defend_G","Survivor","Neutralize","Dagger Spray+1","Blade Dance+1","Tactician","Dagger Throw","Blade Dance","Concentrate","Wraith Form v2","Underhanded Strike","Flying Knee"],"relics":["Ring of the Snake","NeowsBlessing","Ancient Tea Set","Golden Idol","Meat on the Bone","Regal Pillow","Juzu Bracelet","Toy Ornithopter"],"acts_visited":["Exordium"],"potions_floor_usage":[11,16,16],"damage_taken":[{"damage":0,"enemies":"2 Louse","floor":1,"turns":1},{"damage":0,"enemies":"Small Slimes","floor":2,"turns":1},{"damage":0,"enemies":"Lagavulin","floor":7,"turns":1},{"damage":0,"enemies":"Jaw Worm","floor":8,"turns":4},{"damage":0,"enemies":"Blue Slaver","floor":10,"turns":3},{"damage":0,"enemies":"Gremlin Nob","floor":11,"turns":3},{"damage":15,"enemies":"Gremlin Gang","floor":14,"turns":5},{"damage":64,"enemies":"Slime Boss","floor":16,"turns":6}],"seed_played":"-4559098138971920325","potions_obtained":[{"floor":2,"key":"SkillPotion"},{"floor":8,"key":"SkillPotion"},{"floor":11,"key":"Swift Potion"}],"is_trial":false,"path_per_floor":["M","M","?","?","T","R","E","M","T","M","E","$","?","M","R","B"],"character_chosen":"THE_SILENT","items_purchased":["Wraith Form v2","Underhanded Strike"],"campfire_rested":1,"item_purchase_floors":[12,12],"current_hp_per_floor":[59,59,48,48,48,48,48,48,48,48,48,48,30,27,60,0,0],"gold":91,"neow_bonus":"THREE_ENEMY_KILL","is_daily":false,"chose_seed":false,"campfire_upgraded":1,"win_rate":0.0,"timestamp":1609839631,"path_taken":["M","M","?","?","?","R","E","M","T","M","E","?","?","M","R","BOSS"],"items_purchased_type":["Card","Card"],"build_version":"2020-12-22","purchased_purges":0,"victory":false,"max_hp_per_floor":[66,66,66,60,60,60,60,60,60,60,60,60,60,60,60,60,60],"card_choices":[{"not_picked":["Escape Plan","Prepared"],"picked":"Dagger Spray","floor":1},{"not_picked":["Backstab","Leg Sweep"],"picked":"Blade Dance","floor":2},{"not_picked":["Setup","Sucker Punch"],"picked":"Tactician","floor":7},{"not_picked":["Endless Agony","Finisher"],"picked":"Dagger Throw","floor":8},{"not_picked":["Dagger Throw","Setup"],"picked":"Blade Dance","floor":10},{"not_picked":["Distraction","Backflip"],"picked":"Concentrate","floor":11},{"not_picked":["Blur","Distraction"],"picked":"Flying Knee","floor":14}],"player_experience":7513935,"relics_obtained":[{"floor":5,"key":"Meat on the Bone"},{"floor":7,"key":"Regal Pillow"},{"floor":9,"key":"Juzu Bracelet"},{"floor":11,"key":"Toy Ornithopter"}],"event_choices":[{"damage_healed":0,"gold_gain":0,"player_choice":"Success","damage_taken":11,"relics_obtained":["Ancient Tea Set"],"max_hp_gain":0,"max_hp_loss":0,"event_name":"Scrap Ooze","floor":3,"gold_loss":0},{"damage_healed":0,"gold_gain":0,"player_choice":"Lose Max HP","damage_taken":0,"relics_obtained":["Golden Idol"],"max_hp_gain":0,"max_hp_loss":6,"event_name":"Golden Idol","floor":4,"gold_loss":0},{"damage_healed":0,"gold_gain":0,"player_choice":"Entered Light","damage_taken":18,"max_hp_gain":0,"max_hp_loss":0,"event_name":"Shining Light","floor":13,"gold_loss":0,"cards_upgraded":["Dagger Spray","Defend_G"]}],"is_beta":false,"boss_relics":[],"items_purged_floors":[],"is_endless":false,"potions_floor_spawned":[2,8,11],"killed_by":"Slime Boss","ascension_level":20}}