{"host":"n900smz9wr3yo27a","time":1609854686,"event":{"mods":["Arknights The Spire","BaseMod","CapriCore","GungeonMod","Hermit","Koishi","Lobotomy","Marisa£¨Ùöéë¡¡Øª×âÞÞ£©","Minty Spire (QoL Compilation)","Prisma Mod","Replay The Spire","StSLib","Td1madao Mod","The Animator","The Bug Knight","The Cursed","The Dragon Tamer","The Gatherer","The Hierophant","The Immortal","The Jungle","The Necromancer","The Poker Player","The Runesmith","WarShipGirlsR/??á´Ò³R mod"],"gold_per_floor":[112,127,127,140,215,215,248,273,273,273,52,52,81,100,100,196,196,213,213,65,93,113,113,138,138,138,149,351,377,427,441,441,542,592,605,605,453,466,456,484,114,148,175,25,25,25,25],"floor_reached":45,"playtime":1946,"items_purged":["MokouMod:ResonanceReactor","Shame","MokouMod:BlazingComet","MokouMod:TemporalFireSeal"],"score":745,"play_id":"242aa701-1156-4acc-a530-e9b5ecaad1c9","local_time":"20210105225126","daily_mods":["Draft","Vintage","Heirloom","Time Dilation","Flight","DeadlyEvents"],"is_ascension_mode":false,"campfire_choices":[{"data":"MokouMod:BurningDraft","floor":6,"key":"PURGE"},{"floor":10,"key":"REST"},{"data":"MokouMod:FujiyamaVolcano","floor":15,"key":"SMITH"},{"data":"MokouMod:BurningDraft","floor":23,"key":"PURGE"},{"data":"MokouMod:ScorchedEarth","floor":25,"key":"PURGE"},{"data":"MokouMod:Afterburner","floor":32,"key":"PURGE"}],"circlet_count":0,"master_deck":["MokouMod:TemporalFireSeal","MokouMod:TemporalFireSeal","MokouMod:ScorchingColumn","MokouMod:FlickeringFlame","MokouMod:BurningDraft","MokouMod:ImperishableFlame","MokouMod:HeatFactory","MokouMod:FujiyamaVolcano+1","MokouMod:ResonanceReactor","MokouMod:Overheat","MokouMod:Ember","MokouMod:SearingBlow+5","MokouMod:DanceofFlames","MokouMod:TemporalFireSeal","MokouMod:Overheat","MokouMod:Ventilation+1","AbeCurse","MokouMod:RoaringFlare","MokouMod:RisingSunBarrier","MokouMod:Geothermal+1","MokouMod:IgnitionBlast","MokouMod:Ventilation"],"relics":["MokouMod:PhoenixFeather","replay:Trail_Library","Peace Pipe","Meat on the Bone","Oddly Smooth Stone","Anchor","Onion Ring","Chemical X","DemoMod:PinkGuonStone","Pear","Abe\u0027s Treasure","Replay:Rubber Ducky","PreservedInsect","Letter Opener","Snack Pack","Replay:Bottled Eggs","Orichalcum","InkBottle","ReplayTheSpireMod:Shallot","ReplayTheSpireMod:CursedCoin","Vajra","Tiny House","Gremlin Food","Guide Book","Regal Pillow","Pen Nib","Golden Egg","HollowMod:StagPassRelic","DemoMod:PoisonVial"],"acts_visited":["Exordium","TheCity","TheBeyond"],"potions_floor_usage":[8],"damage_taken":[{"damage":13,"enemies":"Cultist","floor":1,"turns":4},{"damage":0,"enemies":"Small Slimes","floor":2,"turns":3},{"damage":5,"enemies":"2 Louse","floor":4,"turns":3},{"damage":29,"enemies":"Gremlin Nob","floor":7,"turns":4},{"damage":28,"enemies":"3 Sentries","floor":8,"turns":4},{"damage":16,"enemies":"Lagavulin","floor":13,"turns":3},{"damage":0,"enemies":"Blue Slaver","floor":14,"turns":3},{"damage":0,"enemies":"Slime Boss","floor":16,"turns":4},{"damage":0,"enemies":"Chosen","floor":18,"turns":3},{"damage":13,"enemies":"Slavers","floor":21,"turns":4},{"damage":7,"enemies":"Snake Plant","floor":22,"turns":2},{"damage":5,"enemies":"Gremlin Leader","floor":24,"turns":2},{"damage":0,"enemies":"Snecko","floor":27,"turns":2},{"damage":6,"enemies":"Book of Stabbing","floor":29,"turns":3},{"damage":11,"enemies":"3 Cultists","floor":31,"turns":3},{"damage":9,"enemies":"Pondfish","floor":33,"turns":5},{"damage":0,"enemies":"Orb Walker","floor":35,"turns":3},{"damage":0,"enemies":"3 Darklings","floor":38,"turns":2},{"damage":30,"enemies":"Reptomancer","floor":40,"turns":5},{"damage":44,"enemies":"Nemesis","floor":42,"turns":5},{"damage":0,"enemies":"Sphere and 2 Shapes","floor":45,"turns":1}],"seed_played":"7054860609779142293","potions_obtained":[{"floor":4,"key":"Languid Potion"},{"floor":8,"key":"Fire Potion"},{"floor":16,"key":"SteroidPotion"},{"floor":21,"key":"Energy Potion"},{"floor":24,"key":"AttackPotion"}],"is_trial":true,"path_per_floor":["M","M","?","M","?","R","E","E","T","R","$","T","E","M","R","B",null,"M","?","$","E","M","R","E","R","T","M","?","E","$","M","R","B",null,"M","?","$","M","?","E","$","E","T","$","M"],"character_chosen":"MKU","items_purchased":["Chemical X","PreservedInsect","ReplayTheSpireMod:CursedCoin","Guide Book","Golden Egg"],"campfire_rested":1,"item_purchase_floors":[11,20,30,37,41],"current_hp_per_floor":[62,62,62,57,46,46,29,13,13,35,35,35,38,60,60,60,92,92,92,92,79,72,72,69,69,69,71,48,54,54,57,57,54,97,97,97,97,97,97,69,69,37,37,37,37,37,37],"gold":25,"neow_bonus":"","is_daily":false,"chose_seed":false,"campfire_upgraded":1,"win_rate":0.0,"timestamp":1609854686,"path_taken":["M","?","?","?","?","R","?","?","T","R","?","?","?","?","R","BOSS","M","?","?","?","?","R","?","R","T","?","?","?","$","M","R","BOSS","M","?","$","?","?","E","?","?","T","?","M"],"items_purchased_type":["Relic","Relic","Relic","Relic","Relic"],"build_version":"2020-12-22","purchased_purges":4,"victory":false,"max_hp_per_floor":[75,75,75,75,75,75,75,75,75,75,75,75,82,92,92,92,92,92,92,92,92,92,92,92,92,92,92,92,92,92,92,92,92,97,97,97,97,97,97,97,97,97,97,97,97,97,97],"card_choices":[{"not_picked":["MokouMod:FlareStarter","MokouMod:Afterburner"],"picked":"MokouMod:TemporalFireSeal","floor":0},{"not_picked":["MokouMod:RoaringFlare","MokouMod:Ember"],"picked":"MokouMod:BurningDraft","floor":0},{"not_picked":["MokouMod:AdaptivePyromancy","MokouMod:HeartofFire"],"picked":"MokouMod:TemporalFireSeal","floor":0},{"not_picked":["MokouMod:Cataclysm","MokouMod:Stoke"],"picked":"MokouMod:ScorchingColumn","floor":0},{"not_picked":["MokouMod:CrimsonArmoury","MokouMod:EternalBurstReactor"],"picked":"MokouMod:FlickeringFlame","floor":0},{"not_picked":["MokouMod:TemporalFireSeal","MokouMod:SearingShot"],"picked":"MokouMod:BurningDraft","floor":0},{"not_picked":["MokouMod:HeatCyclone","MokouMod:FlickeringFlame"],"picked":"MokouMod:ImperishableFlame","floor":0},{"not_picked":["MokouMod:EternalBurstReactor","MokouMod:InfernalWave"],"picked":"MokouMod:ScorchedEarth","floor":0},{"not_picked":["MokouMod:ResoluteFlare","MokouMod:SubterraneanCore"],"picked":"MokouMod:HeatFactory","floor":0},{"not_picked":["MokouMod:Overheat","MokouMod:HeatCyclone"],"picked":"MokouMod:FujiyamaVolcano","floor":0},{"not_picked":["MokouMod:AdaptivePyromancy","MokouMod:ThermalPressure"],"picked":"MokouMod:ResonanceReactor","floor":0},{"not_picked":["MokouMod:Fireball","MokouMod:SearingShot"],"picked":"MokouMod:Overheat","floor":0},{"not_picked":["MokouMod:Fireball","MokouMod:UncontrollableSolarReaction"],"picked":"MokouMod:BurningDraft","floor":0},{"not_picked":["MokouMod:InfernalWave","MokouMod:SubterraneanCore"],"picked":"MokouMod:Ember","floor":0},{"not_picked":["MokouMod:BlazingComet","MokouMod:Burn"],"picked":"MokouMod:ResonanceReactor","floor":0},{"not_picked":["MokouMod:HeatCyclone","MokouMod:IgneousBlow"],"picked":"MokouMod:SearingBlow","floor":7},{"not_picked":["MokouMod:ShiftIgnition","MokouMod:IndiscriminateIgnition"],"picked":"MokouMod:DanceofFlames","floor":8},{"not_picked":["MokouMod:FlickeringFlame","MokouMod:RetainTemperature"],"picked":"MokouMod:Afterburner","floor":13},{"not_picked":["MokouMod:RadiantBlade","MokouMod:Extinguish"],"picked":"MokouMod:Ventilation","floor":16},{"not_picked":["MokouMod:Stoke","MokouMod:Sear"],"picked":"MokouMod:RoaringFlare","floor":21},{"not_picked":["MokouMod:ResoluteFlare+1","MokouMod:TemporalFireSeal"],"picked":"MokouMod:RisingSunBarrier","floor":24},{"not_picked":["MokouMod:BlazingComet","MokouMod:SacredFire","MokouMod:Stoke+1"],"picked":"SKIP","floor":29},{"not_picked":["MokouMod:SearingBlow","MokouMod:RadiantBlade"],"picked":"MokouMod:Geothermal","floor":33},{"not_picked":["MokouMod:ResoluteFlare","MokouMod:IndiscriminateIgnition"],"picked":"MokouMod:IgnitionBlast","floor":34},{"not_picked":[],"picked":"MokouMod:Ventilation","floor":39},{"not_picked":["MokouMod:Meltdown+1","MokouMod:Extinguish","MokouMod:Firecracker"],"picked":"SKIP","floor":40},{"not_picked":["MokouMod:ResonanceReactor","MokouMod:InfernalWave+1","MokouMod:PhoenixFeathers"],"picked":"SKIP","floor":42}],"player_experience":794566,"relics_obtained":[{"floor":2,"key":"Meat on the Bone"},{"floor":4,"key":"Oddly Smooth Stone"},{"floor":8,"key":"Anchor"},{"floor":9,"key":"Onion Ring"},{"floor":13,"key":"DemoMod:PinkGuonStone"},{"floor":14,"key":"Pear"},{"floor":18,"key":"Replay:Rubber Ducky"},{"floor":21,"key":"Letter Opener"},{"floor":22,"key":"Snack Pack"},{"floor":24,"key":"Replay:Bottled Eggs"},{"floor":26,"key":"Orichalcum"},{"floor":27,"key":"InkBottle"},{"floor":29,"key":"ReplayTheSpireMod:Shallot"},{"floor":31,"key":"Vajra"},{"floor":35,"key":"Gremlin Food"},{"floor":38,"key":"Regal Pillow"},{"floor":40,"key":"Pen Nib"},{"floor":42,"key":"HollowMod:StagPassRelic"},{"floor":43,"key":"DemoMod:PoisonVial"}],"event_choices":[{"damage_healed":0,"gold_gain":0,"player_choice":"Bought 0 Potions","damage_taken":0,"max_hp_gain":0,"max_hp_loss":0,"event_name":"The Woman in Blue","floor":3,"gold_loss":0},{"damage_healed":0,"gold_gain":75,"player_choice":"Gather Gold","damage_taken":11,"max_hp_gain":0,"max_hp_loss":0,"event_name":"World of Goop","floor":5,"gold_loss":0},{"damage_healed":0,"gold_gain":0,"player_choice":"Memory 1","damage_taken":0,"max_hp_gain":0,"max_hp_loss":0,"event_name":"SensoryStone","floor":36,"gold_loss":0}],"is_beta":false,"boss_relics":[{"not_picked":["Snecko Eye","Honey Jar"],"picked":"Abe\u0027s Treasure"},{"not_picked":["DemoMod:WaxWing","Runic Pyramid"],"picked":"Tiny House"}],"items_purged_floors":[11,30,41,44],"is_endless":false,"potions_floor_spawned":[4,8,16,21,24,27,35,42],"killed_by":"Sphere and 2 Shapes","ascension_level":0}}