{"host":"91blwi3hgehj6ch9","time":1609890876,"event":{"mods":["2.2 Compatiblity","AchievementEnabler","BaseMod","Colored Map","DeckTracker","Keyboard Shortcuts","Minty Spire (QoL Compilation)","Permanent Neow","Quick Restart","StSLib","SuperFastMode"],"gold_per_floor":[115,131,206,206,221,221,221,221,248,248,266,277,293,78,78,78,78],"floor_reached":16,"playtime":454,"items_purged":["Strike_G"],"score":143,"play_id":"1299ae0b-ad3f-4ab8-9231-a412b012bffe","local_time":"20210106085436","is_ascension_mode":true,"campfire_choices":[{"data":"Cloak And Dagger","floor":6,"key":"SMITH"},{"data":"Quick Slash","floor":8,"key":"SMITH"},{"data":"Neutralize","floor":10,"key":"SMITH"},{"floor":15,"key":"REST"}],"circlet_count":0,"master_deck":["AscendersBane","Strike_G","Strike_G","Defend_G","Defend_G","Defend_G","Defend_G","Survivor","Neutralize+1","Cloak And Dagger+1","Reflex+1","Quick Slash+1","Calculated Gamble","Dagger Throw","Adrenaline"],"relics":["Ring of the Snake","PreservedInsect"],"acts_visited":["Exordium"],"potions_floor_usage":[16,16],"damage_taken":[{"damage":3,"enemies":"2 Louse","floor":1,"turns":4},{"damage":2,"enemies":"Jaw Worm","floor":2,"turns":6},{"damage":0,"enemies":"Cultist","floor":5,"turns":6},{"damage":12,"enemies":"Large Slime","floor":11,"turns":5},{"damage":0,"enemies":"2 Fungi Beasts","floor":12,"turns":4},{"damage":6,"enemies":"Exordium Thugs","floor":13,"turns":5},{"damage":48,"enemies":"Slime Boss","floor":16,"turns":11}],"seed_played":"-1864292662585545334","potions_obtained":[{"floor":2,"key":"ColorlessPotion"},{"floor":5,"key":"AttackPotion"}],"is_trial":false,"path_per_floor":["M","M","?","?","M","R","?","R","T","R","M","M","M","$","R","B"],"character_chosen":"THE_SILENT","items_purchased":["Adrenaline"],"campfire_rested":1,"item_purchase_floors":[14],"current_hp_per_floor":[60,58,47,47,47,47,47,47,47,47,35,35,29,29,47,0,0],"gold":78,"neow_bonus":"REMOVE_TWO","is_daily":false,"chose_seed":false,"campfire_upgraded":3,"win_rate":0.0,"timestamp":1609890876,"path_taken":["M","M","?","?","M","R","?","R","T","R","M","M","M","$","R","BOSS"],"items_purchased_type":["Card"],"build_version":"2020-12-22","purchased_purges":1,"victory":false,"max_hp_per_floor":[63,63,63,63,63,63,63,63,63,63,63,63,63,63,63,63,63],"card_choices":[{"not_picked":["Dagger Throw","Riddle With Holes"],"picked":"Cloak And Dagger","floor":1},{"not_picked":["Deadly Poison","Dodge and Roll"],"picked":"Reflex","floor":2},{"not_picked":["Crippling Poison","Prepared"],"picked":"Quick Slash","floor":5},{"not_picked":["Bane","Slice"],"picked":"Calculated Gamble","floor":11},{"not_picked":["Outmaneuver","Flying Knee"],"picked":"Dagger Throw","floor":12},{"not_picked":["Calculated Gamble","Distraction","Bane"],"picked":"SKIP","floor":13}],"player_experience":89905,"relics_obtained":[{"floor":9,"key":"PreservedInsect"}],"event_choices":[{"damage_healed":0,"gold_gain":75,"player_choice":"Gather Gold","damage_taken":11,"max_hp_gain":0,"max_hp_loss":0,"event_name":"World of Goop","floor":3,"gold_loss":0},{"cards_removed":["Strike_G"],"damage_healed":0,"gold_gain":0,"player_choice":"Forget","damage_taken":0,"max_hp_gain":0,"max_hp_loss":0,"event_name":"Living Wall","floor":4,"gold_loss":0},{"damage_healed":0,"gold_gain":0,"player_choice":"Forge","damage_taken":0,"max_hp_gain":0,"max_hp_loss":0,"event_name":"Accursed Blacksmith","floor":7,"gold_loss":0,"cards_upgraded":["Reflex"]}],"is_beta":false,"boss_relics":[],"items_purged_floors":[14],"is_endless":false,"potions_floor_spawned":[2,5],"killed_by":"Slime Boss","ascension_level":11}}