{"host":"eydwxg59205c3vtl","time":1609809095,"event":{"mods":["2.2 Compatiblity","BaseMod","Colored Map","Colored Powertips","Hubris","Minty Spire (QoL Compilation)","StSLib","The Jungle","The Necromancer"],"gold_per_floor":[111,126,126,126,1,27,39,59,84,118,118,146,178,205,217,308,320,349,361,392,604,190,222,222,241,268,322,356,382,382,401,401,401,401],"floor_reached":33,"playtime":1245,"items_purged":["Regret","Strike_W"],"score":534,"play_id":"44344f60-c666-4f8c-a6ae-2a1d326423f3","local_time":"20210104201135","is_ascension_mode":true,"campfire_choices":[{"data":"Negative_Energy_Burst","floor":11.0,"key":"SMITH"},{"floor":15,"key":"REST"},{"floor":24,"key":"REST"},{"data":"Summon_Undead","floor":30,"key":"SMITH"},{"data":"Summon_Undead","floor":32,"key":"SMITH"}],"circlet_count":0,"master_deck":["AscendersBane","Strike_W","Strike_W","Strike_W","Defend_W+1","Defend_W+1","Defend_W","Defend_W","Negative_Energy_Arrows","Bone_Wall","Scare","Hellfire","Negative_Energy_Arrows","Negative_Energy_Shield","Summon_Undead+1","Negative_Energy_Burst+1","Negative_Energy_Javelin","Summon_Death_Knight","Negative_Energy_Burst","Summon_Undead+1","Grasp_Heart","Negative_Energy_Javelin+1","Plague_Bolt","Negative_Energy_Shield"],"relics":["Vampire_Amulet","Calipers","Bag of Preparation","Potion Belt","Centennial Puzzle","hubris:MysteriousPyramids","MawBank","hubris:Backtick","hubris:Zylophone","MutagenicStrength","Membership Card","Bronze Scales","hubris:SlimyHat","Pen Nib","War Paint","Strawberry","Red Mask","Blood Vial"],"acts_visited":["Exordium","TheCity"],"potions_floor_usage":[23,28,29,33,33,33,33,33,33],"damage_taken":[{"damage":5.0,"enemies":"Jaw Worm","floor":1.0,"turns":6.0},{"damage":0.0,"enemies":"Small Slimes","floor":2.0,"turns":3.0},{"damage":11.0,"enemies":"3 Sentries","floor":6.0,"turns":9.0},{"damage":0.0,"enemies":"Cultist","floor":7.0,"turns":3.0},{"damage":5.0,"enemies":"Looter","floor":8.0,"turns":2.0},{"damage":26.0,"enemies":"Gremlin Nob","floor":10.0,"turns":4.0},{"damage":24,"enemies":"3 Sentries","floor":12,"turns":5},{"damage":0,"enemies":"Large Slime","floor":13,"turns":4},{"damage":6,"enemies":"Red Slaver","floor":14,"turns":2},{"damage":4,"enemies":"Hexaghost","floor":16,"turns":10},{"damage":29,"enemies":"3 Byrds","floor":18,"turns":4},{"damage":2,"enemies":"Shell Parasite","floor":20,"turns":6},{"damage":16,"enemies":"Gremlin Leader","floor":23,"turns":5},{"damage":24,"enemies":"Centurion and Healer","floor":25,"turns":9},{"damage":8,"enemies":"Masked Bandits","floor":28,"turns":2},{"damage":24,"enemies":"Slavers","floor":29,"turns":4},{"damage":11,"enemies":"Sentry and Sphere","floor":31,"turns":4},{"damage":48,"enemies":"Automaton","floor":33,"turns":6}],"seed_played":"-8318689976438398627","potions_obtained":[{"floor":2.0,"key":"Energy Potion"},{"floor":12,"key":"Dexterity Potion"},{"floor":14,"key":"Swift Potion"},{"floor":16,"key":"SpeedPotion"},{"floor":20,"key":"Strength Potion"},{"floor":23,"key":"SteroidPotion"}],"is_trial":false,"path_per_floor":["M","M","?","?","$","E","M","M","T","E","R","E","M","M","R","B",null,"M","?","M","?","$","E","R","M","T","T","?","E","R","M","R","B"],"character_chosen":"NECROMANCER","items_purchased":["Negative_Energy_Shield","Membership Card","Bronze Scales","hubris:SlimyHat","Plague_Bolt","EntropicBrew"],"campfire_rested":2,"item_purchase_floors":[5,22,22,22,22,22],"current_hp_per_floor":[61,64,64,64,64,57,59,56,56,32,32,14,18,14,33,31,56,33,33,33,33,33,27,46,50,50,57,55,37,37,32,32,0,0],"gold":401,"neow_bonus":"ONE_RARE_RELIC","is_daily":false,"chose_seed":false,"campfire_upgraded":3,"win_rate":0.0,"timestamp":1609809095,"path_taken":["M","M","?","?","$","E","M","M","T","E","R","E","M","?","R","BOSS","M","?","M","?","$","E","R","?","T","?","?","E","R","M","R","BOSS"],"items_purchased_type":["Card","Relic","Relic","Relic","Card","Potion"],"build_version":"2020-12-22","purchased_purges":2,"victory":false,"max_hp_per_floor":[64,64,64,64,64,64,64,64,64,64,64,64,64,64,64,64,64,64,64,64,64,64,64,64,64,64,71,71,71,71,71,71,71,71],"card_choices":[{"not_picked":["Blood_Whip","Death_March_Dance"],"picked":"Scare","floor":1.0},{"not_picked":["Death_March_Dance","Death_Knell","Bones_to_Steel"],"picked":"SKIP","floor":2.0},{"not_picked":["Negative_Energy_Shield","Death_Coil"],"picked":"Summon_Undead","floor":6.0},{"not_picked":["Chill_Blood","Necrotic_Claws"],"picked":"Negative_Energy_Burst","floor":7.0},{"not_picked":["Blood_Whip","Violent_Necrosis","Strike_from_Beyond"],"picked":"SKIP","floor":8.0},{"not_picked":["Consume_Illness","Death_Coil"],"picked":"Negative_Energy_Javelin","floor":10.0},{"not_picked":["Blood_Shield","Blood_Curse"],"picked":"Summon_Death_Knight","floor":12},{"not_picked":["Bone_Spikes","Negative_Energy_Mist"],"picked":"Negative_Energy_Burst","floor":13},{"not_picked":["Bone_Bullets","Bone_Armor"],"picked":"Summon_Undead","floor":14},{"not_picked":["Blood_Magic","Requiem"],"picked":"Grasp_Heart","floor":16},{"not_picked":["Negative_Energy_Sphere","Bone_Armor","Uncharnel"],"picked":"SKIP","floor":18},{"not_picked":["Bone_Shift+1","Blood_Curse"],"picked":"Negative_Energy_Javelin+1","floor":20},{"not_picked":["Consume_Illness","Finger_Of_Death","Cloudkill"],"picked":"SKIP","floor":23},{"not_picked":["Toxic_Smoke_Screen","Whirlwind_of_Bones+1","Negative_Energy_Shield"],"picked":"SKIP","floor":25},{"not_picked":["Blood_Is_Power","Negative_Energy_Sphere","Bone_Shift"],"picked":"SKIP","floor":29},{"not_picked":["Blood_Whip","Bone_Shift"],"picked":"Negative_Energy_Shield","floor":31}],"player_experience":586591,"relics_obtained":[{"floor":6.0,"key":"Potion Belt"},{"floor":9.0,"key":"Centennial Puzzle"},{"floor":10.0,"key":"hubris:MysteriousPyramids"},{"floor":12,"key":"MawBank"},{"floor":23,"key":"Pen Nib"},{"floor":26,"key":"War Paint"},{"floor":27,"key":"Strawberry"},{"floor":28,"key":"Red Mask"},{"floor":29,"key":"Blood Vial"}],"event_choices":[{"damage_healed":0.0,"max_hp_gain":0.0,"max_hp_loss":0.0,"gold_gain":0.0,"event_name":"Big Fish","player_choice":"Box","floor":3.0,"gold_loss":0.0,"damage_taken":0.0,"relics_obtained":["Bag of Preparation"],"cards_obtained":["Regret"]},{"damage_healed":0.0,"max_hp_gain":0.0,"max_hp_loss":0.0,"gold_gain":0.0,"event_name":"Match and Keep!","player_choice":"2 cards matched","floor":4.0,"gold_loss":0.0,"damage_taken":0.0,"cards_obtained":["Hellfire","Negative_Energy_Arrows"]},{"damage_healed":0,"gold_gain":0,"player_choice":"Inject Mutagens","damage_taken":0,"relics_obtained":["MutagenicStrength"],"max_hp_gain":0,"max_hp_loss":0,"event_name":"Drug Dealer","floor":19,"gold_loss":0},{"damage_healed":0,"gold_gain":250,"player_choice":"Bet on Owner","damage_taken":0,"max_hp_gain":0,"max_hp_loss":0,"event_name":"The Joust","floor":21,"gold_loss":50},{"damage_healed":0,"gold_gain":0,"player_choice":"Fought Bandits","damage_taken":0,"max_hp_gain":0,"max_hp_loss":0,"event_name":"Masked Bandits","floor":28,"gold_loss":0}],"is_beta":false,"boss_relics":[{"not_picked":["hubris:TerracottaHorce","SlaversCollar"],"picked":"hubris:Backtick"}],"items_purged_floors":[5,22],"is_endless":false,"potions_floor_spawned":[2,12,14,16,20,23],"killed_by":"Automaton","ascension_level":15}}