{"host":"6azrrw3tf7wb0f4b","time":1609858194,"event":{"mods":["BaseMod","DeckTracker","Minty Spire (QoL Compilation)","SuperFastMode"],"gold_per_floor":[117,117,136,146,164,164,196,82,109,121,121,138,148,168,168,168,168],"floor_reached":16,"playtime":337,"items_purged":["Strike_R"],"score":196,"play_id":"423b196a-6fb5-471a-9e29-92d63459f61f","local_time":"20210105234954","is_ascension_mode":true,"campfire_choices":[{"data":"Armaments","floor":6,"key":"SMITH"},{"data":"Searing Blow","floor":11,"key":"SMITH"},{"floor":15,"key":"REST"}],"circlet_count":0,"master_deck":["AscendersBane","Strike_R","Strike_R","Strike_R","Strike_R","Defend_R","Defend_R","Defend_R","Defend_R","Bash","Armaments","True Grit","Armaments+1","Blood for Blood","Searing Blow+1"],"relics":["Burning Blood","NeowsBlessing","Happy Flower","Centennial Puzzle"],"acts_visited":["Exordium"],"potions_floor_usage":[7,14],"damage_taken":[{"damage":0,"enemies":"Cultist","floor":1,"turns":1},{"damage":0,"enemies":"2 Louse","floor":3,"turns":1},{"damage":0,"enemies":"Small Slimes","floor":4,"turns":1},{"damage":27,"enemies":"Exordium Thugs","floor":5,"turns":6},{"damage":28,"enemies":"Lagavulin","floor":7,"turns":7},{"damage":15,"enemies":"Exordium Wildlife","floor":10,"turns":5},{"damage":20,"enemies":"Gremlin Gang","floor":12,"turns":7},{"damage":8,"enemies":"Blue Slaver","floor":13,"turns":4},{"damage":0,"enemies":"Exordium Wildlife","floor":14,"turns":4},{"damage":44,"enemies":"Slime Boss","floor":16,"turns":8}],"seed_played":"-1856907622851584120","potions_obtained":[{"floor":5,"key":"SkillPotion"},{"floor":13,"key":"SteroidPotion"}],"is_trial":false,"path_per_floor":["M","?","M","M","M","R","E","$","T","M","R","M","M","M","R","B"],"character_chosen":"IRONCLAD","items_purchased":["Searing Blow"],"campfire_rested":1,"item_purchase_floors":[8],"current_hp_per_floor":[74,75,75,75,54,54,32,32,32,23,23,9,7,13,35,0,0],"gold":168,"neow_bonus":"THREE_ENEMY_KILL","is_daily":false,"chose_seed":false,"campfire_upgraded":2,"win_rate":0.0,"timestamp":1609858194,"path_taken":["M","?","?","M","M","R","E","?","T","M","R","M","M","?","R","BOSS"],"items_purchased_type":["Card"],"build_version":"2020-12-22","purchased_purges":1,"victory":false,"max_hp_per_floor":[75,75,75,75,75,75,75,75,75,75,75,75,75,75,75,75,75],"card_choices":[{"not_picked":["Body Slam","Cleave"],"picked":"Armaments","floor":1},{"not_picked":["Body Slam","Havoc"],"picked":"True Grit","floor":3},{"not_picked":["Wild Strike","Anger"],"picked":"Armaments","floor":4},{"not_picked":["Clothesline","Inflame"],"picked":"Blood for Blood","floor":5},{"not_picked":["Anger","Power Through","Seeing Red"],"picked":"SKIP","floor":7},{"not_picked":["Heavy Blade","Clash","Uppercut"],"picked":"SKIP","floor":10},{"not_picked":["True Grit","Thunderclap","Metallicize"],"picked":"SKIP","floor":12},{"not_picked":["Pommel Strike","Armaments","Corruption"],"picked":"SKIP","floor":13},{"not_picked":["Seeing Red","Thunderclap","Spot Weakness"],"picked":"SKIP","floor":14}],"player_experience":674990,"relics_obtained":[{"floor":7,"key":"Happy Flower"},{"floor":9,"key":"Centennial Puzzle"}],"event_choices":[{"damage_healed":1,"gold_gain":0,"player_choice":"Full Heal","damage_taken":0,"max_hp_gain":0,"max_hp_loss":0,"event_name":"Wheel of Change","floor":2,"gold_loss":0}],"is_beta":false,"boss_relics":[],"items_purged_floors":[8],"is_endless":false,"potions_floor_spawned":[5,13],"killed_by":"Slime Boss","ascension_level":17}}