{"host":"pcbz64t4k17ey4z1","time":1609876122,"event":{"mods":["2.2 Compatiblity","AchievementEnabler","Act Like it!","Aspiration","BaseMod","Beaked The Cultist","Better Match","Better Third Choice","BetterRewards","Card Forge","Colored Map","Colored Powertips","Conspire","Disable Question Mark Monsters","Fireblade Mod","Friendly Minions","Gensokyo","GifTheSpireLib","Glutton Mod","Googly Eyes","Gremlin Mod","Hermit","Hubris","Infinite Spire","Koishi","Marisa????????","Minty Spire (QoL Compilation)","Permanent Neow","Potionbrewer","Quick Restart","Random Character Button","Rare Cards Sparkle","Relic Filter","Replay The Spire","Robot Space Explorer","Shade Mod","Shop Mod","Spicy Shops","StSLib","Stuff the Spire","SuperFastMode","The Animator","The Cursed","The Druid","The Gatherer","The Hierophant","The IronCluck","The Jungle","The Marked","The Runesmith","Virulent Crown","Waifu the Spire","Wandering Minibosses","vexMod"],"gold_per_floor":[113,93,104,40,60,60,94,106,106,145,145,145,165,191,191,276,276,229,238,249,10,32,32,32],"floor_reached":23,"playtime":905,"items_purged":[],"score":556,"play_id":"529a44fd-8451-437f-aa1d-cbc341fbdf29","local_time":"20210105194842","is_ascension_mode":true,"campfire_choices":[{"data":"Redo","floor":6,"key":"SMITH"},{"floor":12,"key":"REST"},{"floor":15,"key":"REST"}],"circlet_count":0,"master_deck":["AscendersBane","Strike_B+1","Strike_B+1","Strike_B+1","Defend_B+1","Defend_B+1","Defend_B+1","Defend_B+1","Zap+1","Dualcast+1","Streamline+1","Leap+1","Redo+1","hubris:PowerSurge","Double Energy","Chill","Coolheaded","Redo+1","Reboot","StuffTheSpire:Ambrosia","StuffTheSpire:Synthwave","Conserve Battery"],"relics":["Cracked Core","Hammer of Thor","Seething Fire","Anvil of the Gods","Happy Flower","CeramicFish","hubris:TinFlute","conspire:SpecialSausage","ClockworkSouvenir"],"acts_visited":["Exordium","TheCity"],"potions_floor_usage":[10,16,16,23],"damage_taken":[{"damage":0,"enemies":"Small Slimes","floor":1,"turns":2},{"damage":6,"enemies":"Cultist","floor":3,"turns":3},{"damage":0,"enemies":"Jaw Worm","floor":5,"turns":3},{"damage":38,"enemies":"3 Sentries","floor":7,"turns":9},{"damage":13,"enemies":"Blue Slaver","floor":8,"turns":2},{"damage":0,"enemies":"Gremlin Nob","floor":10,"turns":3},{"damage":0,"enemies":"Looter","floor":13,"turns":2},{"damage":0,"enemies":"2 Fungi Beasts","floor":14,"turns":2},{"damage":0,"enemies":"Slime Boss","floor":16,"turns":9},{"damage":2,"enemies":"2 Thieves","floor":18,"turns":5},{"damage":10,"enemies":"3 Byrds","floor":20,"turns":4},{"damage":8,"enemies":"Snake Plant","floor":22,"turns":4},{"damage":64,"enemies":"Gremlin Leader","floor":23,"turns":6}],"seed_played":"944785643209643532","potions_obtained":[{"floor":2,"key":"potionbrewer:ToxicPotion"},{"floor":3,"key":"potionbrewer:DiscountPotion"},{"floor":7,"key":"PowerPotion"},{"floor":8,"key":"EssenceOfSteel"},{"floor":14,"key":"Adrenaline Potion"},{"floor":18,"key":"Death Potion"},{"floor":20,"key":"AttackPotion"}],"is_trial":false,"path_per_floor":["M","?","M","$","M","R","E","M","T","E","?","R","M","M","R","B",null,"M","?","M","$","M","E"],"character_chosen":"DEFECT","items_purchased":["StuffTheSpire:Mouthbags","StuffTheSpire:Synthwave","ClockworkSouvenir"],"campfire_rested":2,"item_purchase_floors":[4,21,21],"current_hp_per_floor":[71,71,65,65,65,65,27,14,14,14,14,37,37,37,60,60,74,72,72,63,63,56,0,0],"gold":32,"neow_bonus":"TEN_PERCENT_HP_BONUS","is_daily":false,"chose_seed":false,"campfire_upgraded":1,"win_rate":0.0,"timestamp":1609876122,"path_taken":["M","?","M","$","M","R","E","?","T","E","?","R","M","M","R","BOSS","M","?","M","$","M","E"],"items_purchased_type":["Relic","Card","Relic"],"build_version":"2020-12-22","purchased_purges":0,"victory":false,"max_hp_per_floor":[78,78,78,78,78,78,78,78,78,78,78,78,78,78,78,78,78,78,78,79,79,80,81,81],"card_choices":[{"not_picked":["Panic Button","Rebound"],"picked":"Streamline","floor":1},{"not_picked":["ReplayTheSpireMod:Reroute Power","Compile Driver"],"picked":"Leap","floor":3},{"not_picked":["BasicCrystalCard","StuffTheSpire:Plugnplay"],"picked":"Redo","floor":5},{"not_picked":["StuffTheSpire:Plugnplay","hubris:Prefetch"],"picked":"hubris:PowerSurge","floor":7},{"not_picked":["Streamline","Rebound"],"picked":"Double Energy","floor":8},{"not_picked":["Static Discharge","ReplayTheSpireMod:Dual Polarity"],"picked":"Chill","floor":10},{"not_picked":["Panic Button","Hologram"],"picked":"Coolheaded","floor":13},{"not_picked":["Sweeping Beam","Beam Cell"],"picked":"Redo","floor":14},{"not_picked":["StuffTheSpire:Purify","Hyperbeam"],"picked":"Reboot","floor":16},{"not_picked":["StuffTheSpire:GlassShard","Turbo","BasicCrystalCard"],"picked":"SKIP","floor":18},{"not_picked":["StuffTheSpire:Perfection","StuffTheSpire:CelestialWarden"],"picked":"StuffTheSpire:Ambrosia","floor":19},{"not_picked":["Stack","Beam Cell","Barrage"],"picked":"SKIP","floor":20},{"not_picked":["Force Field","StuffTheSpire:Rend+1"],"picked":"Conserve Battery","floor":22}],"player_experience":3871716,"relics_obtained":[{"floor":7,"key":"Happy Flower"},{"floor":9,"key":"CeramicFish"},{"floor":10,"key":"hubris:TinFlute"}],"event_choices":[{"damage_healed":0,"gold_gain":0,"player_choice":"Bought 1 Potion","damage_taken":0,"max_hp_gain":0,"max_hp_loss":0,"event_name":"The Woman in Blue","floor":2,"gold_loss":0},{"cards_removed":["Strike_B"],"damage_healed":0,"gold_gain":0,"player_choice":"Purged","damage_taken":0,"max_hp_gain":0,"max_hp_loss":0,"event_name":"Purifier","floor":11,"gold_loss":0}],"is_beta":false,"boss_relics":[{"not_picked":["Replay:Grab Bag","Abe\u0027s Treasure"],"picked":"conspire:SpecialSausage"}],"items_purged_floors":[],"is_endless":false,"potions_floor_spawned":[3,7,8,14,18,20],"killed_by":"Gremlin Leader","ascension_level":20}}