{"host":"3ikutf0nfngyhvfs","time":1609877717,"event":{"mods":["AchievementEnabler","BaseMod","Downfall","Minty Spire (QoL Compilation)","StSLib","The Cursed"],"gold_per_floor":[109,126,96,108,128,128,158,158,184,146,160,194,194,207,207,207,207],"floor_reached":16,"playtime":2643,"items_purged":[],"score":118,"play_id":"ff71dd79-03e5-4cbc-8131-3af1a05a5d03","local_time":"20210105141517","is_ascension_mode":true,"campfire_choices":[{"data":"TheCursedMod:CircleOfAbyss","floor":6,"key":"SMITH"},{"floor":8,"key":"RECALL"},{"data":"TheCursedMod:EmpowerCircles","floor":13,"key":"SMITH"},{"data":"TheCursedMod:Grudge","floor":15,"key":"SMITH"}],"circlet_count":0,"master_deck":["TheCursedMod:Strike_TheCursed","TheCursedMod:Strike_TheCursed","TheCursedMod:Strike_TheCursed","TheCursedMod:Strike_TheCursed","TheCursedMod:Defend_TheCursed","TheCursedMod:Defend_TheCursed","TheCursedMod:Defend_TheCursed","TheCursedMod:Defend_TheCursed","TheCursedMod:CursedWand","TheCursedMod:CleanUpWorkshop","TheCursedMod:Dregs","TheCursedMod:TacticalStrike","TheCursedMod:SpitefulStrike","TheCursedMod:CircleOfBlood","TheCursedMod:CircleOfAbyss+1","TheCursedMod:CircleOfWindfury","TheCursedMod:EmpowerCircles+1","TheCursedMod:StingEye","TheCursedMod:Wield","TheCursedMod:Grudge+1"],"relics":["TheCursedMod:BlackMagic101","Smiling Mask","Boot","Bag of Marbles"],"acts_visited":["Exordium"],"potions_floor_usage":[4,5,7,12],"damage_taken":[{"damage":2,"enemies":"2 Louse","floor":1,"turns":3},{"damage":0,"enemies":"Cultist","floor":2,"turns":4},{"damage":0,"enemies":"Small Slimes","floor":4,"turns":3},{"damage":2,"enemies":"Exordium Thugs","floor":5,"turns":4},{"damage":20,"enemies":"Lagavulin","floor":7,"turns":9},{"damage":0,"enemies":"Large Slime","floor":11,"turns":5},{"damage":25,"enemies":"3 Sentries","floor":12,"turns":11},{"damage":1,"enemies":"3 Louse","floor":14,"turns":4},{"damage":75,"enemies":"Slime Boss","floor":16,"turns":19}],"seed_played":"-7659656818301178339","potions_obtained":[{"floor":2,"key":"Energy Potion"},{"floor":3,"key":"Regen Potion"},{"floor":3,"key":"champ:CounterPotion"},{"floor":4,"key":"BlessingOfTheForge"}],"is_trial":false,"path_per_floor":["M","M","?","M","M","R","E","R","T","$","M","E","R","M","R","B"],"character_chosen":"THE_CURSED","items_purchased":["TheCursedMod:EmpowerCircles"],"campfire_rested":0,"item_purchase_floors":[10],"current_hp_per_floor":[80,80,80,80,80,80,62,62,62,62,70,64,64,67,67,0,0],"gold":207,"neow_bonus":"TEN_PERCENT_HP_BONUS","is_daily":false,"chose_seed":false,"campfire_upgraded":3,"win_rate":0.0,"timestamp":1609877717,"path_taken":["M","M","?","M","?","R","E","R","T","?","?","E","R","M","R","BOSS"],"items_purchased_type":["Card"],"build_version":"2020-12-22","purchased_purges":0,"victory":false,"max_hp_per_floor":[82,82,82,82,82,82,82,82,82,82,82,82,82,82,82,82,82],"card_choices":[{"not_picked":["TheCursedMod:Wield","TheCursedMod:SmokeScreen"],"picked":"TheCursedMod:TacticalStrike","floor":1},{"not_picked":["TheCursedMod:Wield","TheCursedMod:Stretching"],"picked":"TheCursedMod:SpitefulStrike","floor":2},{"not_picked":["TheCursedMod:CursedSpellbook","TheCursedMod:WearCloak"],"picked":"TheCursedMod:CircleOfBlood","floor":4},{"not_picked":["TheCursedMod:RapidMovement","TheCursedMod:TacticalStrike"],"picked":"TheCursedMod:CircleOfAbyss","floor":5},{"not_picked":["TheCursedMod:Evocation","TheCursedMod:Wield"],"picked":"TheCursedMod:CircleOfWindfury","floor":7},{"not_picked":["TheCursedMod:SpitefulStrike","TheCursedMod:PrepareRite"],"picked":"TheCursedMod:StingEye","floor":11},{"not_picked":["TheCursedMod:TacticalStrike","TheCursedMod:UltimatePain"],"picked":"TheCursedMod:Wield","floor":12},{"not_picked":["TheCursedMod:CursedBlade","TheCursedMod:RavingStaff"],"picked":"TheCursedMod:Grudge","floor":14}],"player_experience":428230,"relics_obtained":[{"floor":7,"key":"Smiling Mask"},{"floor":9,"key":"Boot"},{"floor":12,"key":"Bag of Marbles"}],"event_choices":[{"damage_healed":0,"gold_gain":0,"player_choice":"Bought 2 Potions","damage_taken":0,"max_hp_gain":0,"max_hp_loss":0,"event_name":"The Woman in Blue","floor":3,"gold_loss":0}],"is_beta":false,"boss_relics":[],"items_purged_floors":[],"is_endless":false,"potions_floor_spawned":[2,4],"killed_by":"Slime Boss","ascension_level":1}}