{"host":"f6xgumyvn8a66tyr","time":1609890777,"event":{"mods":["BaseMod","Card Forge","ChefMod","Colored Powertips","Custom Start","Downfall","GungeonMod","Hermit","Infinite Spire","Jedi Mod","Marisa????????","Melee Mod","Minty Spire (QoL Compilation)","Pikachu Mod","Replay The Spire","Shade Mod","Small Relic Pack","Spicy Shops","StSLib","The Alterego","The Bladedancer","The Forsaken","The Marked","The Necromancer","The Runesmith","The Servant 0.9.4","The Wild Card","TheSwordswoman","Waifu the Spire","WarShipGirlsR/????R mod","Yuri Mod","??????REMEMod"],"gold_per_floor":[117,117,131,146,146,146,160,160,183,29,57,76,95,107,107,203,203,218,229,229,229,4,4,18,34,58,74,74,74,74,89,89,89,89],"floor_reached":33,"playtime":1926,"items_purged":["Pain"],"score":276,"play_id":"36989aa6-40b9-47df-a0a6-898334642bd2","local_time":"20210105155257","is_ascension_mode":false,"campfire_choices":[{"floor":6.0,"key":"REST"},{"data":"hermit:Dive","floor":8.0,"key":"SMITH"},{"data":"hermit:Showdown","floor":23,"key":"SMITH"},{"floor":30,"key":"REST"},{"floor":32,"key":"REST"}],"circlet_count":0,"master_deck":["hermit:Strike_Hermit","hermit:Strike_Hermit","hermit:Strike_Hermit","hermit:Strike_Hermit","hermit:Defend_Hermit","hermit:Defend_Hermit","hermit:Defend_Hermit","hermit:Defend_Hermit","hermit:Snapshot","hermit:Covet","hermit:Dive+1","hermit:PistolWhip","hermit:Coalescence","hermit:Desperado","hermit:Showdown+1","hermit:BodyArmor","hermit:Glare","hermit:Vantage","hermit:HeroicBravado","hermit:Horror","hermit:LowProfile","hermit:Brawl","hermit:Maintenance+1","hermit:Deadeye+1","hermit:TrackingShot"],"relics":["hermit:Momento","Hammer of Thor","Seething Fire","Anvil of the Gods","relicPack:DSword","Juzu Bracelet","relicPack:WeightedSword","ReplayTheSpireMod:Lightbulb","Black Star","WarpedTongs","MutagenicStrength","Bag of Marbles","Toy Ornithopter","GremlinMask","Mango"],"acts_visited":["Exordium","TheCity"],"potions_floor_usage":[16,16,16,27,27,33],"damage_taken":[{"damage":5.0,"enemies":"Small Slimes","floor":1.0,"turns":4.0},{"damage":2.0,"enemies":"Cultist","floor":3.0,"turns":4.0},{"damage":6.0,"enemies":"Jaw Worm","floor":4.0,"turns":4.0},{"damage":0.0,"enemies":"Blue Slaver","floor":7.0,"turns":3.0},{"damage":13.0,"enemies":"Gremlin Nob","floor":11.0,"turns":4.0},{"damage":17.0,"enemies":"Gremlin Gang","floor":12.0,"turns":3.0},{"damage":0.0,"enemies":"Large Slime","floor":13.0,"turns":4.0},{"damage":3.0,"enemies":"Lots of Slimes","floor":14.0,"turns":4.0},{"damage":11,"enemies":"The Guardian","floor":16,"turns":6},{"damage":13,"enemies":"Chosen","floor":18,"turns":5},{"damage":9,"enemies":"Shell Parasite","floor":19,"turns":4},{"damage":28,"enemies":"3 Cultists","floor":24,"turns":6},{"damage":12,"enemies":"Sentry and Sphere","floor":25,"turns":7},{"damage":13,"enemies":"Centurion and Healer","floor":27,"turns":5},{"damage":16,"enemies":"Snecko","floor":31,"turns":5},{"damage":79,"enemies":"Pondfish","floor":33,"turns":9}],"seed_played":"-4644622974846409232","potions_obtained":[{"floor":1.0,"key":"Dexterity Potion"},{"floor":12.0,"key":"jedi:StrikingPotion"},{"floor":13.0,"key":"Languid Potion"},{"floor":18,"key":"Swift Potion"},{"floor":24,"key":"jedi:tentaclejuice"},{"floor":25,"key":"SkillPotion"}],"is_trial":false,"path_per_floor":["M","?","M","M","?","R","M","R","T","$","E","M","M","M","R","B",null,"M","M","?","?","$","R","M","M","T","M","?","AVR","R","M","R","B"],"character_chosen":"HERMIT","items_purchased":["relicPack:WeightedSword","Bag of Marbles"],"campfire_rested":3,"item_purchase_floors":[10,22],"current_hp_per_floor":[77,77,75,69,34,58,58,58,58,58,45,28,28,25,25,14,82,69,60,60,60,60,60,32,20,20,17,17,31,59,43,71,0,0],"gold":89,"neow_bonus":"TEN_PERCENT_HP_BONUS","is_daily":false,"chose_seed":false,"campfire_upgraded":2,"win_rate":0.0,"timestamp":1609890777,"path_taken":["M","?","M","?","?","R","M","R","T","$","E","M","M","M","R","BOSS","M","M","?","?","$","R","M","M","T","M","?","AVR","R","M","R","BOSS"],"items_purchased_type":["Relic","Relic"],"build_version":"2020-12-22","purchased_purges":1,"victory":false,"max_hp_per_floor":[82,82,82,82,82,82,82,82,82,82,82,82,82,82,82,82,82,82,82,82,82,82,82,82,82,82,82,82,96,96,96,96,96,96],"card_choices":[{"not_picked":["hermit:Manifest","hermit:Misfire"],"picked":"hermit:Dive","floor":1.0},{"not_picked":["hermit:Quickdraw","hermit:LowProfile"],"picked":"hermit:PistolWhip","floor":3.0},{"not_picked":["hermit:TakeAim","hermit:HoleUp"],"picked":"hermit:Coalescence","floor":4.0},{"not_picked":["hermit:FullyLoaded","hermit:CalledShot"],"picked":"hermit:Desperado","floor":7.0},{"not_picked":["hermit:GhostlyPresence","hermit:LowProfile"],"picked":"hermit:Showdown","floor":11.0},{"not_picked":["hermit:Roulette","hermit:Manifest"],"picked":"hermit:BodyArmor","floor":12.0},{"not_picked":["hermit:Roulette","hermit:TakeCover"],"picked":"hermit:Glare","floor":13.0},{"not_picked":["hermit:Misfire","hermit:HoleUp"],"picked":"hermit:Vantage","floor":14},{"not_picked":["hermit:Purgatory","hermit:FinalCanter"],"picked":"hermit:HeroicBravado","floor":16},{"not_picked":["hermit:SprayPray+1","hermit:Combo"],"picked":"hermit:Horror","floor":18},{"not_picked":["hermit:SprayPray","hermit:DeadMansHand"],"picked":"hermit:LowProfile","floor":19},{"not_picked":["hermit:CalledShot+1","hermit:Feint"],"picked":"hermit:Brawl","floor":24},{"not_picked":["hermit:BigShot+1","hermit:ItchyTrigger"],"picked":"hermit:Maintenance+1","floor":25},{"not_picked":["hermit:OverwhelmingPower","hermit:Desperado"],"picked":"hermit:Deadeye+1","floor":27},{"not_picked":["hermit:LoneWolf","hermit:HighCaliber"],"picked":"hermit:TrackingShot","floor":31}],"player_experience":267579,"relics_obtained":[{"floor":9.0,"key":"Juzu Bracelet"},{"floor":11.0,"key":"ReplayTheSpireMod:Lightbulb"},{"floor":26,"key":"Toy Ornithopter"}],"event_choices":[{"cards_removed":["ReachHeaven"],"damage_healed":0.0,"max_hp_gain":0.0,"max_hp_loss":0.0,"gold_gain":0.0,"event_name":"NoteForYourself","player_choice":"Took Card","floor":2.0,"gold_loss":0.0,"damage_taken":0.0,"cards_obtained":["ReachHeaven"]},{"damage_healed":0,"gold_gain":0,"player_choice":"Rummage","damage_taken":0,"relics_obtained":["WarpedTongs"],"max_hp_gain":0,"max_hp_loss":0,"event_name":"Accursed Blacksmith","floor":20,"gold_loss":0,"cards_obtained":["Pain"]},{"damage_healed":0,"gold_gain":0,"player_choice":"Inject Mutagens","damage_taken":0,"relics_obtained":["MutagenicStrength"],"max_hp_gain":0,"max_hp_loss":0,"event_name":"Drug Dealer","floor":21,"gold_loss":0},{"damage_healed":0,"gold_gain":0,"player_choice":"Trade","damage_taken":0,"relics_obtained":["GremlinMask"],"max_hp_gain":0,"max_hp_loss":0,"event_name":"FaceTrader","floor":28,"gold_loss":0}],"is_beta":false,"boss_relics":[{"not_picked":["Runic Pyramid","Calling Bell"],"picked":"Black Star"}],"items_purged_floors":[22],"is_endless":false,"potions_floor_spawned":[1,12,13,18,24,25],"killed_by":"Pondfish","ascension_level":0}}