{"host":"9oysz4knkucnjyyz","time":1609819238,"event":{"mods":["100% Spire Juice","2.2 Compatiblity","Act Like it!","BaseMod","Better Altar","Better Match","Better Note","Better Sensory Stone","Better Skull","Better Third Choice","BetterRewards","Displayed Cursed Tome","Downfall","Friendly Minions","Googly Eyes","GungeonMod","Hallownest","Hermit","Lobotomy","LobotomyExtend","Minty Spire (QoL Compilation)","Spicy Shops","Spire Birthday Party","StSLib","The Bug Knight","everything is the same but u backflip on backflip","slay the spire mod where everything is the same but ironclad has a cowboy hat"],"gold_per_floor":[118,131,145,158,175,175,194,194,194,223,237,237,248,248,248,345,345,365,379,379,391,410,410,440,440,440,459,505,539,614,60,60,156,156,206,237,255,272,292,329,329,361,361,361,23,50,105,0,0,60],"floor_reached":51,"playtime":2382,"items_purged":[],"score":1939,"play_id":"5627415e-ba5e-476d-9833-97a356ca52f6","local_time":"20210104230038","is_ascension_mode":true,"campfire_choices":[{"data":"Whirlwind","floor":6,"key":"SMITH"},{"data":"Flame Barrier","floor":8,"key":"SMITH"},{"floor":12,"key":"REST"},{"data":"Dropkick","floor":15,"key":"SMITH"},{"floor":23,"key":"REST"},{"floor":25,"key":"REST"},{"floor":32,"key":"REST"},{"floor":41,"key":"REST"},{"floor":44,"key":"RECALL"},{"floor":49,"key":"REST"}],"circlet_count":0,"master_deck":["ApocalypseBird","PunishingBird","LongBird","BigBird","Strike_R","Strike_R","Strike_R","Strike_R","Strike_R","Defend_R","Defend_R","Defend_R+1","Defend_R","Bash+1","Wellcheers","Shrug It Off","Flame Barrier+1","GreedKing","Whirlwind+1","OSAHOGD","Intimidate+1","WallGazer","Dropkick+1","Pummel+1","OldLady","Offering+1","Scorched","Sword Boomerang","Demon Form","CENSORED","Armaments+1","MHz","RedShoes","Pommel Strike","LaLuna","Limit Break","Freischutz","Seeing Red","Rudolta","Feel No Pain+1","Mercenary","Juggernaut","Limit Break","Ghostly Armor","BodiesMountain","Perfected Strike+1","Sword Boomerang+1","BlackArmy","BlueStar","Flex","BigBadWolf","Perfected Strike+1","Perfected Strike+1","Parasite","Variant","Bloodletting+1","FieryBird"],"relics":["Burning Blood","CogitoBucket","RabbitCall","LetterFromLob","SkinProphecy","Self Forming Clay","HollowMod:StagPassRelic","Fusion Hammer","LuminousBracelet","Enchiridion","Whetstone","Blue Candle","AtMidnight","ChangeAnything","The Courier","Mercury Hourglass","DemoMod:OrangeGuonStone","DemoMod:MonsterBlood","Sling","War Paint","Runic Cube","Twilight","Dead Branch","Bronze Scales","Bottled Flame","DemoMod:WhiteGuonStone","DemoMod:PinkGuonStone","DemoMod:Metronome","Red Mask"],"acts_visited":["Exordium","TheCity","TheBeyond"],"potions_floor_usage":[10,10,18,24,27,35,50,50,50],"damage_taken":[{"damage":9,"enemies":"2 Louse","floor":1,"turns":3},{"damage":15,"enemies":"Jaw Worm","floor":2,"turns":6},{"damage":12,"enemies":"Cultist","floor":3,"turns":4},{"damage":34,"enemies":"Exordium Thugs","floor":4,"turns":5},{"damage":1,"enemies":"3 Louse","floor":5,"turns":4},{"damage":7,"enemies":"Exordium Wildlife","floor":7,"turns":3},{"damage":15,"enemies":"Gremlin Nob","floor":10,"turns":5},{"damage":13,"enemies":"Large Slime","floor":11,"turns":7},{"damage":9,"enemies":"2 Fungi Beasts","floor":13,"turns":4},{"damage":13,"enemies":"Slime Boss","floor":16,"turns":6},{"damage":25,"enemies":"Spheric Guardian","floor":18,"turns":5},{"damage":8,"enemies":"Chosen","floor":19,"turns":5},{"damage":22,"enemies":"Snecko","floor":21,"turns":4},{"damage":30,"enemies":"Snake Plant","floor":22,"turns":2},{"damage":68,"enemies":"Slavers","floor":24,"turns":4},{"damage":50,"enemies":"Centurion and Healer","floor":27,"turns":6},{"damage":6,"enemies":"Snecko","floor":28,"turns":4},{"damage":3,"enemies":"Chosen and Byrds","floor":29,"turns":6},{"damage":34,"enemies":"Gremlin Leader","floor":30,"turns":5},{"damage":97,"enemies":"Champ","floor":33,"turns":8},{"damage":100,"enemies":"Orb Walker","floor":35,"turns":6},{"damage":18,"enemies":"Orb Walker","floor":36,"turns":2},{"damage":26,"enemies":"3 Shapes","floor":37,"turns":2},{"damage":31,"enemies":"Transient","floor":38,"turns":6},{"damage":12,"enemies":"Maw","floor":39,"turns":4},{"damage":10,"enemies":"Reptomancer","floor":40,"turns":2},{"damage":32,"enemies":"Nemesis","floor":42,"turns":5},{"damage":10,"enemies":"Writhing Mass","floor":46,"turns":2},{"damage":15,"enemies":"Reptomancer","floor":47,"turns":3},{"damage":240,"enemies":"Awakened One","floor":50,"turns":7},{"damage":32,"enemies":"Malkuth","floor":51,"turns":3},{"damage":70,"enemies":"Yesod","floor":51,"turns":7},{"damage":219,"enemies":"Geburah","floor":51,"turns":6},{"damage":169,"enemies":"Binah","floor":51,"turns":8},{"damage":255,"enemies":"Angela","floor":51,"turns":5}],"seed_played":"4626357632054676715","potions_obtained":[{"floor":1,"key":"Ancient Potion"},{"floor":5,"key":"DuplicationPotion"},{"floor":7,"key":"SteroidPotion"},{"floor":10,"key":"Swift Potion"},{"floor":16,"key":"Dexterity Potion"},{"floor":19,"key":"Block Potion"},{"floor":30,"key":"Fire Potion"},{"floor":33,"key":"Strength Potion"},{"floor":35,"key":"Block Potion"},{"floor":46,"key":"DuplicationPotion"}],"is_trial":false,"path_per_floor":["M","M","M","M","M","R","M","R","T","E","M","R","M","?","R","B",null,"M","M","?","M","M","R","E","R","T","M","M","?","E","$","R","B",null,"M","M","M","M","M","E","R","E","T","R","$","M","E","?","R","B",null],"character_chosen":"IRONCLAD","items_purchased":["DemoMod:OrangeGuonStone","DemoMod:MonsterBlood","Sling","War Paint","Perfected Strike","DemoMod:WhiteGuonStone","DemoMod:PinkGuonStone"],"campfire_rested":6,"item_purchase_floors":[31,31,31,31,45,45,45],"current_hp_per_floor":[77,71,65,37,44,44,43,43,43,35,29,54,47,47,47,42,88,79,86,70,78,71,104,86,115,115,102,113,116,113,120,132,102,134,101,95,83,81,84,81,124,137,137,137,144,144,159,159,159,88],"gold":190,"neow_bonus":"","is_daily":false,"chose_seed":false,"campfire_upgraded":3,"win_rate":0.0,"timestamp":1609819238,"path_taken":["M","M","M","M","M","R","M","R","T","E","M","R","M","?","R","BOSS","M","M","?","M","M","R","E","R","T","M","M","?","E","?","R","BOSS","M","M","M","M","M","E","R","E","T","R","$","M","E","?","R","BOSS"],"items_purchased_type":["Relic","Relic","Relic","Relic","Card","Relic","Relic"],"build_version":"2020-12-22","purchased_purges":0,"victory":true,"max_hp_per_floor":[80,80,80,80,80,80,80,80,80,82,84,84,86,86,86,88,88,107,109,109,111,113,113,115,115,115,119,121,123,125,132,132,134,134,136,138,140,142,144,146,146,148,148,148,155,157,159,159,159,163],"card_choices":[{"not_picked":["MeatLantern","BeautyBeast"],"picked":"Wellcheers","floor":1},{"not_picked":["Iron Wave","Thunderclap"],"picked":"Shrug It Off","floor":1},{"not_picked":["Bloodbath","SpiderBud","QueenBee"],"picked":"Singing Bowl","floor":2},{"not_picked":["MeatLantern","Scarecrow"],"picked":"PunishingBird","floor":2},{"not_picked":["Thunderclap","Impervious"],"picked":"Flame Barrier","floor":2},{"not_picked":["WhitesApple","UniverseFragment","FieryBird"],"picked":"Singing Bowl","floor":3},{"not_picked":["Porccubus","Funeral"],"picked":"GreedKing","floor":3},{"not_picked":["Combust","Exhume"],"picked":"Whirlwind","floor":3},{"not_picked":["GalaxyChild","ShyLook"],"picked":"OSAHOGD","floor":4},{"not_picked":["Rupture","Twin Strike"],"picked":"Intimidate","floor":4},{"not_picked":["Murderer","ShyLook"],"picked":"WallGazer","floor":5},{"not_picked":["Warcry","Wild Strike","Twin Strike"],"picked":"SKIP","floor":5},{"not_picked":["ShyLook","SpiderBud","BeautyBeast"],"picked":"Singing Bowl","floor":7},{"not_picked":["Clash","Sentinel"],"picked":"Dropkick","floor":7},{"not_picked":["FairyFestival","CrumblingArmor","Murderer"],"picked":"Singing Bowl","floor":10},{"not_picked":["Sword Boomerang","Armaments"],"picked":"Pummel","floor":10},{"not_picked":["BeautyBeast","FairyFestival"],"picked":"OldLady","floor":11},{"not_picked":["Feel No Pain","Inflame"],"picked":"Offering","floor":11},{"not_picked":["VoidDream","QueenBee","GalaxyChild"],"picked":"Singing Bowl","floor":13},{"not_picked":["SpiderBud","UniverseFragment"],"picked":"Scorched","floor":13},{"not_picked":["Havoc","Twin Strike"],"picked":"Sword Boomerang","floor":13},{"not_picked":["CrumblingArmor","Bloodbath"],"picked":"BigBird","floor":16},{"not_picked":["Bludgeon","Immolate"],"picked":"Demon Form","floor":16},{"not_picked":["UniverseFragment","ShyLook","HeroicMonk"],"picked":"Singing Bowl","floor":18},{"not_picked":["CrumblingArmor","LaLuna"],"picked":"CENSORED","floor":18},{"not_picked":["Shrug It Off","Warcry+1"],"picked":"Armaments+1","floor":18},{"not_picked":["Murderer","SilentOrchestra"],"picked":"MHz","floor":19},{"not_picked":["Clothesline","Heavy Blade","Shrug It Off"],"picked":"SKIP","floor":19},{"not_picked":["HeroicMonk","CherryBlossoms","UniverseFragment"],"picked":"Singing Bowl","floor":21},{"not_picked":["Funeral","FieryBird"],"picked":"RedShoes","floor":21},{"not_picked":["Body Slam","Blood for Blood"],"picked":"Pommel Strike","floor":21},{"not_picked":["MeatLantern","SpiderBud","Bloodbath"],"picked":"Singing Bowl","floor":22},{"not_picked":["DemoMod:WhiteBlade","Whirlwind","Warcry+1"],"picked":"SKIP","floor":22},{"not_picked":["Woodsman","BeautyBeast"],"picked":"LaLuna","floor":24},{"not_picked":["Uppercut","Body Slam"],"picked":"Limit Break","floor":24},{"not_picked":["FairyFestival","Alriune","LittleHelper"],"picked":"Singing Bowl","floor":27},{"not_picked":["Warcry+1","Havoc+1","Power Through"],"picked":"SKIP","floor":27},{"not_picked":["MeatLantern","Funeral"],"picked":"Freischutz","floor":28},{"not_picked":["Burning Pact","Ghostly Armor+1"],"picked":"Seeing Red","floor":28},{"not_picked":["Laetitia","ShyLook","Bloodbath"],"picked":"Singing Bowl","floor":29},{"not_picked":["MeatLantern","ShyLook"],"picked":"Rudolta","floor":29},{"not_picked":["Reckless Charge","Second Wind+1"],"picked":"Feel No Pain+1","floor":29},{"not_picked":["Bloodbath","LittleHelper","FairyFestival"],"picked":"Singing Bowl","floor":30},{"not_picked":["Murderer","Laetitia"],"picked":"Mercenary","floor":30},{"not_picked":["Entrench","Anger"],"picked":"Juggernaut","floor":30},{"not_picked":["SnowQueen","VoidDream","Funeral"],"picked":"Singing Bowl","floor":33},{"not_picked":["SingingMachine","Laetitia"],"picked":"LongBird","floor":33},{"not_picked":["Fiend Fire","Demon Form"],"picked":"Limit Break","floor":33},{"not_picked":["Alriune","Scarecrow","SpiderBud"],"picked":"Singing Bowl","floor":35},{"not_picked":["Wild Strike","Clothesline+1"],"picked":"Ghostly Armor","floor":35},{"not_picked":["CherryBlossoms","LittleHelper","VoidDream"],"picked":"Singing Bowl","floor":36},{"not_picked":["BeautyBeast","HappyTeddy"],"picked":"BodiesMountain","floor":36},{"not_picked":["Iron Wave","Havoc"],"picked":"Perfected Strike+1","floor":36},{"not_picked":["Scarecrow","WhitesApple","BeautyBeast"],"picked":"Singing Bowl","floor":37},{"not_picked":["Headbutt+1","Clothesline+1"],"picked":"Sword Boomerang+1","floor":37},{"not_picked":["FairyFestival","BeautyBeast","VoidDream"],"picked":"Singing Bowl","floor":38},{"not_picked":["FairyFestival","QueenOfHatred"],"picked":"BlackArmy","floor":38},{"not_picked":["Ghostly Armor+1","Carnage+1","Pommel Strike"],"picked":"SKIP","floor":38},{"not_picked":["QueenBee","BlackSwan","QueenOfHatred"],"picked":"Singing Bowl","floor":39},{"not_picked":["QueenBee","DreamingCurrent"],"picked":"BlueStar","floor":39},{"not_picked":["Havoc+1","Headbutt","Metallicize"],"picked":"SKIP","floor":39},{"not_picked":["UniverseFragment","Alriune","Woodsman"],"picked":"Singing Bowl","floor":40},{"not_picked":["Twin Strike+1","Anger+1"],"picked":"Flex","floor":40},{"not_picked":["Funeral","HappyTeddy","SnowQueen"],"picked":"Singing Bowl","floor":42},{"not_picked":["Porccubus","Alriune"],"picked":"BigBadWolf","floor":42},{"not_picked":["Wild Strike","Armaments+1"],"picked":"Perfected Strike+1","floor":42},{"not_picked":["WhitesApple","Alriune","SnowQueen"],"picked":"Singing Bowl","floor":46},{"not_picked":["WhitesApple","FairyFestival"],"picked":"Variant","floor":46},{"not_picked":["Shrug It Off+1","Second Wind","Sentinel"],"picked":"SKIP","floor":46},{"not_picked":["Exhume","Uppercut"],"picked":"Bloodletting+1","floor":47},{"not_picked":["ShyLook","VoidDream"],"picked":"FieryBird","floor":47}],"player_experience":342467,"relics_obtained":[{"floor":1,"key":"LetterFromLob"},{"floor":9,"key":"Self Forming Clay"},{"floor":10,"key":"HollowMod:StagPassRelic"},{"floor":24,"key":"Whetstone"},{"floor":26,"key":"Blue Candle"},{"floor":27,"key":"AtMidnight"},{"floor":29,"key":"The Courier"},{"floor":30,"key":"Mercury Hourglass"},{"floor":35,"key":"Twilight"},{"floor":40,"key":"Dead Branch"},{"floor":42,"key":"Bronze Scales"},{"floor":43,"key":"Bottled Flame"},{"floor":47,"key":"DemoMod:Metronome"}],"event_choices":[{"damage_healed":0,"gold_gain":0,"player_choice":"Grow","damage_taken":0,"max_hp_gain":0,"max_hp_loss":0,"event_name":"Living Wall","floor":14,"gold_loss":0,"cards_upgraded":["Offering"]},{"damage_healed":0,"gold_gain":0,"player_choice":"Obtained Book","damage_taken":16,"max_hp_gain":0,"max_hp_loss":0,"event_name":"Cursed Tome","floor":20,"gold_loss":0},{"damage_healed":0,"gold_gain":0,"player_choice":"Paid","damage_taken":0,"relics_obtained":["Red Mask"],"max_hp_gain":0,"max_hp_loss":0,"event_name":"Tomb of Lord Red Mask","floor":48,"gold_loss":105}],"is_beta":false,"boss_relics":[{"not_picked":["Calling Bell","Astrolabe"],"picked":"Fusion Hammer"},{"not_picked":["Black Blood","Runic Dome"],"picked":"Runic Cube"}],"items_purged_floors":[],"is_endless":false,"potions_floor_spawned":[1,5,7,10,16,19,21,30,33,35,39,46],"ascension_level":2}}