{"host":"56ghxnzsglgdq727","time":1609813514,"event":{"mods":["AchievementEnabler","BaseMod","Downfall","Minty Spire (QoL Compilation)","StSLib"],"gold_per_floor":[99,113,132,42,42,42,68,79,64,164,178,192,192,204,220,220,220,220],"floor_reached":16,"playtime":775,"items_purged":["hexamod:Strike"],"score":94,"play_id":"9a818cb1-b297-4034-9a2a-c64d84aa76fa","local_time":"20210104212514","is_ascension_mode":false,"campfire_choices":[{"data":"hexamod:Float","floor":1,"key":"SMITH"},{"data":"hexamod:RadiantFlame","floor":6,"key":"SMITH"},{"floor":13,"key":"REST"}],"circlet_count":0,"master_deck":["hexamod:Strike","hexamod:Strike","hexamod:Defend","hexamod:Defend","hexamod:Defend","hexamod:Sear","hexamod:Float+1","hexamod:FourthSeal","hexamod:RadiantFlame+1","hexamod:FastForward","hexamod:FastForward","hexamod:ApocalypticArmor"],"relics":["hexamod:SpiritBrand","Tiny Chest"],"acts_visited":["Exordium"],"potions_floor_usage":[4,4,8,8,12,15,16,16],"damage_taken":[{"damage":2,"enemies":"2 Louse","floor":2,"turns":3},{"damage":0,"enemies":"Cultist","floor":3,"turns":3},{"damage":4,"enemies":"downfall:FleeingMerchant","floor":4,"turns":4},{"damage":4,"enemies":"Small Slimes","floor":8,"turns":3},{"damage":4,"enemies":"downfall:FleeingMerchant","floor":9,"turns":4},{"damage":33,"enemies":"Lots of Slimes","floor":11,"turns":4},{"damage":14,"enemies":"Exordium Thugs","floor":12,"turns":5},{"damage":0,"enemies":"2 Fungi Beasts","floor":14,"turns":4},{"damage":19,"enemies":"Lots of Slimes","floor":15,"turns":5},{"damage":49,"enemies":"downfall:Defect","floor":16,"turns":8}],"seed_played":"-6331874908040533653","potions_obtained":[{"floor":3,"key":"EntropicBrew"},{"floor":3,"key":"Strength Potion"},{"floor":4,"key":"SmokeBomb"},{"floor":8,"key":"Fruit Juice"},{"floor":8,"key":"Swift Potion"},{"floor":9,"key":"BlessingOfTheForge"},{"floor":12,"key":"SpeedPotion"},{"floor":12,"key":"Weak Potion"},{"floor":14,"key":"Regen Potion"},{"floor":15,"key":"Swift Potion"}],"is_trial":false,"path_per_floor":["R","M","M","$","?","R","T","M","$","?","M","M","R","M","M","B"],"character_chosen":"THE_SPIRIT","items_purchased":[],"campfire_rested":1,"item_purchase_floors":[],"current_hp_per_floor":[63,61,61,57,62,62,62,63,59,59,26,12,33,33,28,0,0,0],"gold":220,"neow_bonus":"REMOVE_TWO","is_daily":false,"chose_seed":false,"campfire_upgraded":2,"win_rate":0.0,"timestamp":1609813514,"path_taken":["R","M","M","$","?","R","T","M","$","?","M","M","R","M","M","BOSS"],"items_purchased_type":[],"build_version":"2020-12-22","purchased_purges":1,"victory":false,"max_hp_per_floor":[63,63,63,63,68,68,68,73,73,73,73,73,73,73,73,73,73,73],"card_choices":[{"not_picked":["hexamod:BurningTouch","hexamod:DynamicBlow"],"picked":"hexamod:FourthSeal","floor":2},{"not_picked":["hexamod:ThermalTransfer","hexamod:GhostShield"],"picked":"hexamod:RadiantFlame","floor":3},{"not_picked":["hexamod:GhostLash","hexamod:RainOfEmbers","hexamod:ThermalTransfer"],"picked":"SKIP","floor":4},{"not_picked":["hexamod:GhostShield","hexamod:NightmareStrike"],"picked":"hexamod:FastForward","floor":8},{"not_picked":["hexamod:SwordOfDarkness","hexamod:NightmareStrike"],"picked":"hexamod:FastForward","floor":9},{"not_picked":["hexamod:FourthSeal","hexamod:Hexaguard","hexamod:BurningTouch"],"picked":"SKIP","floor":11},{"not_picked":["hexamod:ChargedBarrage","hexamod:BurningTouch","hexamod:Firestarter"],"picked":"SKIP","floor":12},{"not_picked":["hexamod:HeatMetal","hexamod:FastForward"],"picked":"hexamod:ApocalypticArmor","floor":14},{"not_picked":["hexamod:ChargedBarrage","hexamod:GhostShield","hexamod:Hexaguard"],"picked":"SKIP","floor":15}],"player_experience":143866,"relics_obtained":[{"floor":7,"key":"Tiny Chest"}],"event_choices":[{"damage_healed":0,"gold_gain":0,"player_choice":"Donut","damage_taken":0,"max_hp_gain":5,"max_hp_loss":0,"event_name":"Big Fish","floor":5,"gold_loss":0}],"is_beta":false,"boss_relics":[],"items_purged_floors":[4],"is_endless":false,"potions_floor_spawned":[3,8,12,14],"killed_by":"downfall:Defect","ascension_level":0}}