{"host":"kg61lsvem4dxoat8","time":1609867725,"event":{"mods":["BaseMod","Colored Powertips","Minty Spire (QoL Compilation)","Quick Restart","Rare Cards Sparkle","Relic Stats","slay the spire mod where everything is the same but ironclad has a cowboy hat"],"gold_per_floor":[112,125,10,10,10,37,37,49,49,81,81,98,123,140,140,240,240,250,250,349,349,367,394,394,404,428,455,469,110,123,134,134,230,230,253,271,128,139,49,49,68,100,181,199,199,235,244,257,257,257],"floor_reached":51,"playtime":1701,"items_purged":["Strike_R","Strike_R"],"score":1075,"play_id":"570d0802-4bde-4c37-bf12-f7d49dd7ba07","local_time":"20210106012845","is_ascension_mode":true,"campfire_choices":[{"data":"Carnage","floor":7,"key":"SMITH"},{"data":"Inflame","floor":11,"key":"SMITH"},{"data":"True Grit","floor":15,"key":"SMITH"},{"data":"Juggernaut","floor":24,"key":"SMITH"},{"floor":32,"key":"REST"},{"data":"Shrug It Off","floor":40,"key":"SMITH"},{"floor":49,"key":"REST"}],"circlet_count":0,"master_deck":["Strike_R","Defend_R","Defend_R+1","Defend_R","Defend_R","Bash","Inflame+1","Carnage+1","Shrug It Off+1","True Grit+1","Juggernaut+1","Iron Wave+1","Rage","Body Slam+1","Inflame+1","Doubt"],"relics":["Burning Blood","NeowsBlessing","Pear","Anchor","Gremlin Horn","White Beast Statue","Busted Crown","Orichalcum","CeramicFish","Darkstone Periapt","Mummified Hand","Velvet Choker","Happy Flower","Art of War","Eternal Feather","Ginger"],"acts_visited":["Exordium","TheCity","TheBeyond"],"potions_floor_usage":[10,10,23,23,27,27,33,33,36,38,41,42,42,44,50,50],"damage_taken":[{"damage":0,"enemies":"Cultist","floor":1,"turns":1},{"damage":0,"enemies":"Small Slimes","floor":2,"turns":1},{"damage":0,"enemies":"Gremlin Nob","floor":6,"turns":1},{"damage":2,"enemies":"Jaw Worm","floor":8,"turns":3},{"damage":34,"enemies":"Lagavulin","floor":10,"turns":4},{"damage":0,"enemies":"3 Louse","floor":12,"turns":4},{"damage":14,"enemies":"3 Sentries","floor":13,"turns":7},{"damage":4,"enemies":"Exordium Thugs","floor":14,"turns":4},{"damage":32,"enemies":"Slime Boss","floor":16,"turns":12},{"damage":20,"enemies":"3 Byrds","floor":18,"turns":7},{"damage":26,"enemies":"2 Thieves","floor":22,"turns":4},{"damage":0,"enemies":"Gremlin Leader","floor":23,"turns":4},{"damage":15,"enemies":"Shelled Parasite and Fungi","floor":25,"turns":6},{"damage":7,"enemies":"Book of Stabbing","floor":27,"turns":4},{"damage":10,"enemies":"Snecko","floor":28,"turns":4},{"damage":13,"enemies":"3 Cultists","floor":30,"turns":5},{"damage":17,"enemies":"Snake Plant","floor":31,"turns":3},{"damage":41,"enemies":"Champ","floor":33,"turns":10},{"damage":12,"enemies":"Orb Walker","floor":35,"turns":3},{"damage":5,"enemies":"3 Shapes","floor":36,"turns":5},{"damage":16,"enemies":"Writhing Mass","floor":38,"turns":3},{"damage":16,"enemies":"Sphere and 2 Shapes","floor":41,"turns":5},{"damage":18,"enemies":"Reptomancer","floor":42,"turns":5},{"damage":0,"enemies":"3 Darklings","floor":44,"turns":3},{"damage":28,"enemies":"Nemesis","floor":46,"turns":9},{"damage":35,"enemies":"Spire Growth","floor":48,"turns":5},{"damage":112,"enemies":"Time Eater","floor":50,"turns":10}],"seed_played":"-3138822727132321763","potions_obtained":[{"floor":1,"key":"DuplicationPotion"},{"floor":8,"key":"FearPotion"},{"floor":10,"key":"FairyPotion"},{"floor":14,"key":"Fire Potion"},{"floor":16,"key":"SkillPotion"},{"floor":23,"key":"EssenceOfSteel"},{"floor":25,"key":"ColorlessPotion"},{"floor":27,"key":"Block Potion"},{"floor":28,"key":"Strength Potion"},{"floor":33,"key":"Dexterity Potion"},{"floor":35,"key":"BlessingOfTheForge"},{"floor":36,"key":"BloodPotion"},{"floor":38,"key":"Dexterity Potion"},{"floor":41,"key":"HeartOfIron"},{"floor":42,"key":"LiquidMemories"},{"floor":44,"key":"SteroidPotion"},{"floor":46,"key":"FearPotion"},{"floor":48,"key":"Strength Potion"}],"is_trial":false,"path_per_floor":["M","M","$","?","$","E","R","M","T","E","R","M","E","M","R","B",null,"M","?","?","?","M","E","R","M","T","E","M","$","M","M","R","B",null,"M","M","$","M","?","R","M","E","T","M","?","E","?","M","R","B",null],"character_chosen":"IRONCLAD","items_purchased":["Inflame","Mummified Hand","Happy Flower"],"campfire_rested":2,"item_purchase_floors":[3,29,37],"current_hp_per_floor":[78,80,80,80,80,90,90,90,90,62,62,68,60,62,62,36,77,63,63,63,63,43,49,49,40,40,39,35,35,28,17,44,9,70,64,65,65,73,73,73,63,51,51,57,57,35,96,67,96,34],"gold":257,"neow_bonus":"THREE_ENEMY_KILL","is_daily":false,"chose_seed":false,"campfire_upgraded":5,"win_rate":0.0,"timestamp":1609867725,"path_taken":["M","M","?","?","$","E","R","M","T","E","R","M","E","?","R","BOSS","M","?","?","?","?","E","R","M","T","E","M","$","?","M","R","BOSS","M","M","$","M","?","R","M","E","T","?","?","E","?","M","R","BOSS"],"items_purchased_type":["Card","Relic","Relic"],"build_version":"2020-12-22","purchased_purges":2,"victory":true,"max_hp_per_floor":[80,80,80,80,80,90,90,90,90,90,90,90,90,90,90,90,90,90,90,90,90,90,90,90,90,90,90,90,90,90,90,90,90,90,90,90,90,90,90,90,90,90,90,90,90,90,96,96,96,96],"relic_stats":{"Darkstone Periapt":6,"Gremlin Horn":[26,26],"Happy Flower":[13],"counters":[27,132],"CeramicFish":36,"Eternal Feather":9,"Ginger":[8],"Orichalcum":[12],"Burning Blood":148,"Busted Crown":36,"Mummified Hand":[33],"Art of War":[2],"obtain_stats":[{"Darkstone Periapt":27,"Pear":6,"NeowsBlessing":0,"Gremlin Horn":10,"Happy Flower":37,"CeramicFish":26,"Velvet Choker":34,"Eternal Feather":43,"Ginger":46,"Orichalcum":23,"Burning Blood":0,"White Beast Statue":13,"Anchor":9,"Busted Crown":17,"Mummified Hand":29,"Art of War":42},{"Darkstone Periapt":14,"Pear":3,"NeowsBlessing":0,"Gremlin Horn":5,"Happy Flower":20,"CeramicFish":13,"Velvet Choker":18,"Eternal Feather":23,"Ginger":25,"Orichalcum":12,"Burning Blood":0,"White Beast Statue":7,"Anchor":4,"Busted Crown":9,"Mummified Hand":15,"Art of War":23},{"Darkstone Periapt":62,"Pear":3,"NeowsBlessing":0,"Gremlin Horn":10,"Happy Flower":92,"CeramicFish":58,"Velvet Choker":84,"Eternal Feather":105,"Ginger":117,"Orichalcum":52,"Burning Blood":0,"White Beast Statue":21,"Anchor":6,"Busted Crown":37,"Mummified Hand":66,"Art of War":105}]},"card_choices":[{"not_picked":["Feel No Pain","Clothesline","Perfected Strike"],"picked":"SKIP","floor":1},{"not_picked":["Iron Wave","Sword Boomerang","Perfected Strike"],"picked":"SKIP","floor":2},{"not_picked":["Spot Weakness","Brutality"],"picked":"Carnage","floor":6},{"not_picked":["Twin Strike","Sword Boomerang"],"picked":"Shrug It Off","floor":8},{"not_picked":["Disarm","Pommel Strike","Whirlwind"],"picked":"SKIP","floor":10},{"not_picked":["Clash","Dual Wield","Entrench"],"picked":"SKIP","floor":12},{"not_picked":["Headbutt","Cleave","Warcry"],"picked":"SKIP","floor":13},{"not_picked":["Clash","Bludgeon"],"picked":"True Grit","floor":14},{"not_picked":["Immolate","Barricade"],"picked":"Juggernaut","floor":16},{"not_picked":["Iron Wave"],"picked":"SKIP","floor":18},{"not_picked":["Anger"],"picked":"SKIP","floor":22},{"not_picked":["True Grit+1"],"picked":"SKIP","floor":23},{"not_picked":[],"picked":"Iron Wave+1","floor":25},{"not_picked":["True Grit"],"picked":"SKIP","floor":27},{"not_picked":["Armaments"],"picked":"SKIP","floor":28},{"not_picked":["Armaments+1"],"picked":"SKIP","floor":30},{"not_picked":["Rampage"],"picked":"SKIP","floor":31},{"not_picked":[],"picked":"Rage","floor":35},{"not_picked":["Whirlwind"],"picked":"SKIP","floor":36},{"not_picked":["Iron Wave+1"],"picked":"SKIP","floor":38},{"not_picked":[],"picked":"Body Slam+1","floor":41},{"not_picked":["Clash+1"],"picked":"SKIP","floor":42},{"not_picked":["Power Through"],"picked":"SKIP","floor":44},{"not_picked":[],"picked":"Inflame+1","floor":46},{"not_picked":["Pummel"],"picked":"SKIP","floor":48}],"player_experience":1303433,"relics_obtained":[{"floor":6,"key":"Pear"},{"floor":9,"key":"Anchor"},{"floor":10,"key":"Gremlin Horn"},{"floor":13,"key":"White Beast Statue"},{"floor":23,"key":"Orichalcum"},{"floor":26,"key":"CeramicFish"},{"floor":27,"key":"Darkstone Periapt"},{"floor":42,"key":"Art of War"},{"floor":43,"key":"Eternal Feather"},{"floor":46,"key":"Ginger"}],"event_choices":[{"damage_healed":0,"gold_gain":0,"cards_transformed":["Strike_R"],"player_choice":"Transformed","damage_taken":0,"max_hp_gain":0,"max_hp_loss":0,"event_name":"Transmorgrifier","floor":4,"gold_loss":0,"cards_obtained":["Wild Strike"]},{"damage_healed":0,"gold_gain":0,"player_choice":"Ignored","damage_taken":0,"max_hp_gain":0,"max_hp_loss":0,"event_name":"Ghosts","floor":19,"gold_loss":0},{"damage_healed":0,"gold_gain":99,"player_choice":"Stole From Cult","damage_taken":0,"max_hp_gain":0,"max_hp_loss":0,"event_name":"Nest","floor":20,"gold_loss":0},{"cards_removed":["Wild Strike"],"damage_healed":0,"gold_gain":0,"player_choice":"Purged","damage_taken":0,"max_hp_gain":0,"max_hp_loss":0,"event_name":"Purifier","floor":21,"gold_loss":0},{"cards_removed":["Strike_R"],"damage_healed":0,"gold_gain":0,"player_choice":"Upgrade and Remove","damage_taken":0,"max_hp_gain":0,"max_hp_loss":0,"event_name":"Designer","floor":39,"gold_loss":90,"cards_upgraded":["Defend_R"]},{"damage_healed":0,"gold_gain":0,"player_choice":"Memory 1","damage_taken":0,"max_hp_gain":0,"max_hp_loss":0,"event_name":"SensoryStone","floor":45,"gold_loss":0},{"damage_healed":55,"gold_gain":0,"player_choice":"Heal","damage_taken":0,"max_hp_gain":0,"max_hp_loss":0,"event_name":"MindBloom","floor":47,"gold_loss":0,"cards_obtained":["Doubt"]}],"is_beta":false,"boss_relics":[{"not_picked":["SlaversCollar","SacredBark"],"picked":"Busted Crown"},{"not_picked":["Mark of Pain","Pandora\u0027s Box"],"picked":"Velvet Choker"}],"items_purged_floors":[3,29],"is_endless":false,"potions_floor_spawned":[1,8,10,14,16,18,22,23,25,27,28,30,31,33,35,36,38,41,42,44,46,48],"ascension_level":6}}