{"host":"Qube","time":1609890702,"event":{"mods":["AchievementEnabler","BaseMod","Colored Map","Colored Powertips","Minty Spire (QoL Compilation)","Quick Restart","Random Character Button","StSLib"],"gold_per_floor":[118,268,0,76,87,87,116,116,116,151,151,183,183,207,207,296,296,296,266,266,266,266,266,266,266,266,266,266,266,266,266,266,266,266,266,266,266,266,266],"floor_reached":38,"playtime":1655,"items_purged":["Doubt"],"score":856,"play_id":"9549a8c0-4bcb-4f5b-adc9-b14d7e3e45b9","local_time":"20210105155142","is_ascension_mode":true,"campfire_choices":[{"data":"Streamline","floor":6.0,"key":"SMITH"},{"data":"Glacier","floor":8.0,"key":"SMITH"},{"data":"Defragment","floor":11.0,"key":"SMITH"},{"data":"Zap","floor":15.0,"key":"SMITH"},{"floor":23.0,"key":"REST"},{"data":"Rainbow","floor":27.0,"key":"SMITH"},{"floor":32.0,"key":"REST"}],"circlet_count":0,"master_deck":["AscendersBane","Strike_B","Strike_B","Strike_B","Strike_B","Defend_B","Defend_B","Defend_B","Defend_B","Zap+1","Dualcast","Compile Driver","FTL","Streamline+1","Defragment+1","Glacier+1","Capacitor","Auto Shields","Rebound","Rainbow+1","Sweeping Beam+1","Glacier","Capacitor","Necronomicurse","Blizzard+1","Creative AI"],"relics":["Cracked Core","NeowsBlessing","Ancient Tea Set","Singing Bowl","Pantograph","Regal Pillow","Golden Idol","Ectoplasm","The Courier","Smiling Mask","Necronomicon","Velvet Choker"],"acts_visited":["Exordium","TheCity","TheBeyond"],"potions_floor_usage":[38],"damage_taken":[{"damage":0.0,"enemies":"Small Slimes","floor":1.0,"turns":1.0},{"damage":0.0,"enemies":"Jaw Worm","floor":5.0,"turns":1.0},{"damage":0.0,"enemies":"Gremlin Nob","floor":7.0,"turns":1.0},{"damage":4.0,"enemies":"Lagavulin","floor":10.0,"turns":6.0},{"damage":7.0,"enemies":"3 Sentries","floor":12.0,"turns":8.0},{"damage":0.0,"enemies":"2 Louse","floor":14.0,"turns":3.0},{"damage":5.0,"enemies":"The Guardian","floor":16.0,"turns":10.0},{"damage":14.0,"enemies":"Shell Parasite","floor":18.0,"turns":4.0},{"damage":0.0,"enemies":"Chosen","floor":20.0,"turns":3.0},{"damage":4.0,"enemies":"Snake Plant","floor":21.0,"turns":6.0},{"damage":21.0,"enemies":"Shelled Parasite and Fungi","floor":22.0,"turns":7.0},{"damage":4.0,"enemies":"Snecko","floor":24.0,"turns":7.0},{"damage":31.0,"enemies":"Slavers","floor":25.0,"turns":6.0},{"damage":0.0,"enemies":"Centurion and Healer","floor":28.0,"turns":8.0},{"damage":0.0,"enemies":"Snake Plant","floor":31.0,"turns":6.0},{"damage":64.0,"enemies":"Collector","floor":33.0,"turns":13.0},{"damage":12.0,"enemies":"Orb Walker","floor":35.0,"turns":3.0},{"damage":49,"enemies":"3 Darklings","floor":37,"turns":6},{"damage":0,"enemies":"Spire Growth","floor":38,"turns":2}],"seed_played":"-3717797118516179329","potions_obtained":[{"floor":10.0,"key":"DuplicationPotion"},{"floor":12.0,"key":"ColorlessPotion"},{"floor":16.0,"key":"ColorlessPotion"},{"floor":19.0,"key":"Strength Potion"},{"floor":19.0,"key":"AttackPotion"},{"floor":20.0,"key":"EssenceOfDarkness"},{"floor":21.0,"key":"SkillPotion"},{"floor":25.0,"key":"BlessingOfTheForge"},{"floor":31.0,"key":"Block Potion"},{"floor":33.0,"key":"FearPotion"},{"floor":37,"key":"Dexterity Potion"}],"is_trial":false,"path_per_floor":["M","?","$","?","M","R","E","R","T","E","R","E","?","M","R","B",null,"M","?","M","M","M","R","M","E","T","R","M","?","?","M","R","B",null,"M","?","M","M"],"character_chosen":"DEFECT","items_purchased":["FTL","Streamline","Fire Potion"],"campfire_rested":2,"item_purchase_floors":[3,3,3],"current_hp_per_floor":[64,64,64,64,64,64,64,64,64,60,60,53,29,29,29,49,66,52,52,52,50,31,68,64,35,35,35,37,16,16,18,57,17,65,55,55,8,8,8],"gold":266,"neow_bonus":"THREE_ENEMY_KILL","is_daily":false,"chose_seed":false,"campfire_upgraded":5,"win_rate":0.0,"timestamp":1609890702,"path_taken":["M","?","$","?","M","R","E","R","T","E","R","E","?","M","R","BOSS","M","?","M","?","?","R","M","E","T","R","M","?","?","M","R","BOSS","M","?","?","M"],"items_purchased_type":["Card","Card","Potion"],"build_version":"2020-12-18","purchased_purges":1,"victory":false,"max_hp_per_floor":[71,71,71,71,71,71,71,71,71,71,71,71,71,71,71,71,71,71,71,71,73,75,75,75,77,77,77,79,79,79,81,81,81,81,83,83,85,85,85],"card_choices":[{"not_picked":["Coolheaded","Hologram"],"picked":"Compile Driver","floor":1.0},{"not_picked":["Recycle","Storm"],"picked":"Defragment","floor":5.0},{"not_picked":["Reinforced Body","Echo Form"],"picked":"Glacier","floor":7.0},{"not_picked":["Buffer","Creative AI"],"picked":"Capacitor","floor":10.0},{"not_picked":["BootSequence","Tempest"],"picked":"Auto Shields","floor":12.0},{"not_picked":["Redo","Reinforced Body"],"picked":"Rebound","floor":14.0},{"not_picked":["Creative AI","Amplify"],"picked":"Rainbow","floor":16.0},{"not_picked":["Leap+1","Aggregate"],"picked":"Sweeping Beam+1","floor":18.0},{"not_picked":["Hologram","Redo"],"picked":"Glacier","floor":20.0},{"not_picked":["Cold Snap","Leap","Rebound+1"],"picked":"Singing Bowl","floor":21.0},{"not_picked":["Leap+1","Hologram","Darkness"],"picked":"Singing Bowl","floor":22.0},{"not_picked":["Hologram","Conserve Battery"],"picked":"Capacitor","floor":24.0},{"not_picked":["Sunder","All For One","Hologram"],"picked":"Singing Bowl","floor":25.0},{"not_picked":["Beam Cell","Go for the Eyes","Stack"],"picked":"Singing Bowl","floor":28.0},{"not_picked":["Double Energy","Rip and Tear","Sweeping Beam"],"picked":"Singing Bowl","floor":31.0},{"not_picked":["Thunder Strike","Biased Cognition"],"picked":"Creative AI","floor":33.0},{"not_picked":["Stack","Genetic Algorithm+1","Rebound"],"picked":"Singing Bowl","floor":35.0},{"not_picked":["Ball Lightning","Hologram+1","Coolheaded+1"],"picked":"Singing Bowl","floor":37}],"player_experience":792241,"relics_obtained":[{"floor":7.0,"key":"Ancient Tea Set"},{"floor":9.0,"key":"Singing Bowl"},{"floor":10.0,"key":"Pantograph"},{"floor":12.0,"key":"Regal Pillow"},{"floor":25.0,"key":"The Courier"},{"floor":26.0,"key":"Smiling Mask"},{"floor":29.0,"key":"Necronomicon"}],"event_choices":[{"damage_healed":0.0,"max_hp_gain":0.0,"max_hp_loss":0.0,"gold_gain":150.0,"event_name":"Liars Game","player_choice":"AGREE","floor":2.0,"gold_loss":0.0,"damage_taken":0.0,"cards_obtained":["Doubt"]},{"damage_healed":0.0,"max_hp_gain":0.0,"max_hp_loss":0.0,"gold_gain":76.0,"event_name":"Golden Wing","player_choice":"Gained Gold","floor":4.0,"gold_loss":0.0,"damage_taken":0.0},{"damage_healed":0.0,"max_hp_gain":0.0,"max_hp_loss":0.0,"gold_gain":0.0,"event_name":"Golden Idol","player_choice":"Take Damage","floor":13.0,"gold_loss":0.0,"damage_taken":24.0,"relics_obtained":["Golden Idol"]},{"damage_healed":0.0,"max_hp_gain":0.0,"max_hp_loss":0.0,"gold_gain":0.0,"event_name":"The Woman in Blue","player_choice":"Bought 2 Potions","floor":19.0,"gold_loss":0.0,"damage_taken":0.0},{"damage_healed":0.0,"max_hp_gain":0.0,"max_hp_loss":0.0,"gold_gain":0.0,"event_name":"Cursed Tome","player_choice":"Obtained Book","floor":29.0,"gold_loss":0.0,"damage_taken":21.0},{"damage_healed":0.0,"max_hp_gain":0.0,"max_hp_loss":0.0,"gold_gain":0.0,"event_name":"The Library","player_choice":"Read","floor":30.0,"gold_loss":0.0,"damage_taken":0.0,"cards_obtained":["Blizzard"]},{"damage_healed":0,"gold_gain":0,"player_choice":"Forge","damage_taken":0,"max_hp_gain":0,"max_hp_loss":0,"event_name":"Accursed Blacksmith","floor":36,"gold_loss":0,"cards_upgraded":["Blizzard"]}],"is_beta":true,"boss_relics":[{"not_picked":["Coffee Dripper","Snecko Eye"],"picked":"Ectoplasm"},{"not_picked":["SacredBark","Cursed Key"],"picked":"Velvet Choker"}],"items_purged_floors":[3],"is_endless":false,"potions_floor_spawned":[10,12,16,20,21,25,31,33,37],"killed_by":"Spire Growth","ascension_level":19}}