{"host":"sdjng9zhqonqi3uc","time":1609827507,"event":{"mods":["2.2 Compatiblity","AchievementEnabler","BaseMod","BetterRewards","Colored Powertips","Hero for Fun","Minty Spire (QoL Compilation)","Shop Mod","StSLib","Td1madao Mod","The Animator","The Cursed","The Servant 0.9.4"],"gold_per_floor":[113,113,113,124,144,144,179,203,284,309,336,348,375,407,419,431,431],"floor_reached":16,"playtime":790,"items_purged":[],"score":106,"play_id":"f78e22fe-1a83-49fa-a2a3-c7a364abe645","local_time":"20210105071827","is_ascension_mode":false,"campfire_choices":[{"data":"Apotheosis","floor":6,"key":"SMITH"},{"floor":15,"key":"REST"}],"circlet_count":0,"master_deck":["Strike_R+1","Strike_R","Strike_R","Strike_R","Strike_R","Defend_R+1","Defend_R","Defend_R","Defend_R","Bash","Apotheosis+1","Reckless Charge","Regret","Blood for Blood","Wild Strike","Second Wind","Anger","Carnage","Fiend Fire+1","Shockwave"],"relics":["Burning Blood","Peace Pipe","MawBank","Matryoshka"],"acts_visited":["Exordium"],"potions_floor_usage":[7,8,13],"damage_taken":[{"damage":0,"enemies":"Small Slimes","floor":1,"turns":3},{"damage":5,"enemies":"Jaw Worm","floor":4,"turns":4},{"damage":1,"enemies":"2 Louse","floor":5,"turns":4},{"damage":22,"enemies":"Lagavulin","floor":7,"turns":5},{"damage":26,"enemies":"Gremlin Gang","floor":8,"turns":6},{"damage":10,"enemies":"Exordium Wildlife","floor":10,"turns":3},{"damage":2,"enemies":"Large Slime","floor":11,"turns":4},{"damage":12,"enemies":"Exordium Thugs","floor":13,"turns":3},{"damage":9,"enemies":"Lots of Slimes","floor":14,"turns":4},{"damage":33,"enemies":"The Guardian","floor":16,"turns":6}],"seed_played":"-2128906965163944855","potions_obtained":[{"floor":1,"key":"DistilledChaos"},{"floor":5,"key":"Energy Potion"},{"floor":7,"key":"SpeedPotion"},{"floor":11,"key":"Weak Potion"}],"is_trial":false,"path_per_floor":["M","?","?","M","M","R","E","M","T","M","M","?","M","M","R","B"],"character_chosen":"IRONCLAD","items_purchased":[],"campfire_rested":1,"item_purchase_floors":[],"current_hp_per_floor":[62,46,46,47,52,52,36,16,16,12,16,16,10,7,31,0,0],"gold":431,"neow_bonus":"RANDOM_COLORLESS_2","is_daily":false,"chose_seed":false,"campfire_upgraded":1,"win_rate":0.0,"timestamp":1609827507,"path_taken":["M","?","?","M","M","R","E","M","T","M","M","?","?","M","R","BOSS"],"items_purchased_type":[],"build_version":"2020-12-22","purchased_purges":0,"victory":false,"max_hp_per_floor":[80,80,80,80,80,80,80,80,80,80,80,80,80,80,80,80,80],"card_choices":[{"not_picked":["HandOfGreed","Violence"],"picked":"Apotheosis","floor":0},{"not_picked":["Cleave","Twin Strike"],"picked":"Reckless Charge","floor":1},{"not_picked":["Searing Blow","True Grit"],"picked":"Blood for Blood","floor":4},{"not_picked":["Clothesline","Havoc"],"picked":"Wild Strike","floor":5},{"not_picked":["Shrug It Off","Battle Trance"],"picked":"Second Wind","floor":7},{"not_picked":["Pommel Strike","Heavy Blade"],"picked":"Anger","floor":8},{"not_picked":["Sword Boomerang","Clash"],"picked":"Carnage","floor":10},{"not_picked":["Armaments","Disarm"],"picked":"Fiend Fire","floor":11},{"not_picked":["Twin Strike","Second Wind"],"picked":"Shockwave","floor":13},{"not_picked":["True Grit","Perfected Strike","Clothesline"],"picked":"SKIP","floor":14}],"player_experience":269840,"relics_obtained":[{"floor":7,"key":"MawBank"},{"floor":9,"key":"Matryoshka"}],"event_choices":[{"damage_healed":0,"gold_gain":0,"player_choice":"Entered Light","damage_taken":16,"max_hp_gain":0,"max_hp_loss":0,"event_name":"Shining Light","floor":2,"gold_loss":0,"cards_upgraded":["Defend_R","Strike_R"]},{"damage_healed":0,"gold_gain":0,"player_choice":"Box","damage_taken":0,"relics_obtained":["Peace Pipe"],"max_hp_gain":0,"max_hp_loss":0,"event_name":"Big Fish","floor":3,"gold_loss":0,"cards_obtained":["Regret"]},{"damage_healed":0,"gold_gain":0,"player_choice":"Upgraded","damage_taken":0,"max_hp_gain":0,"max_hp_loss":0,"event_name":"Upgrade Shrine","floor":12,"gold_loss":0,"cards_upgraded":["Fiend Fire"]}],"is_beta":false,"boss_relics":[],"items_purged_floors":[],"is_endless":false,"potions_floor_spawned":[1,5,7,11],"killed_by":"The Guardian","ascension_level":0}}