{"host":"ig7tc0uedzltt2sr","time":1609821332,"event":{"mods":["BaseMod","Better Twitch Integration","Block Reminder","Colored Map","Colored Powertips","Communication Mod","Current Relic Mod","GifTheSpireLib","HexUI Lib","Minty Spire (QoL Compilation)","Quick Restart","Random Character Button","Rare Cards Sparkle","Relic Sorter","Relic Stats","Slay the Relics Exporter","StSLib","SuperFastMode","Synergy Search","Twitch Decklist","Twitch Utils","everything is the same but u backflip on backflip","slay the spire mod where everything is the same but ironclad has a cowboy hat"],"gold_per_floor":[99,99,99,99,99,99,99,99,99,99,99,99,99,69,69,69,69],"floor_reached":16,"playtime":83,"items_purged":[],"score":114,"play_id":"4e8c3033-7e60-4f62-ba3b-93b2e7b4158a","local_time":"20210104203532","is_ascension_mode":false,"campfire_choices":[{"floor":8,"key":"REST"},{"data":"Strike_R","floor":10,"key":"SMITH"},{"floor":15,"key":"REST"}],"circlet_count":0,"master_deck":["Strike_R+1","Strike_R","Strike_R","Strike_R","Strike_R","Defend_R","Defend_R","Defend_R","Bash","Perfected Strike","Injury","Pommel Strike","Strike_R","Sword Boomerang","Blood for Blood","Sever Soul","Pummel","Berserk","Rupture","Dropkick"],"relics":["Ectoplasm","Golden Idol","Blood Vial","MawBank"],"acts_visited":["Exordium"],"potions_floor_usage":[],"damage_taken":[{"damage":0,"enemies":"Small Slimes","floor":1,"turns":4},{"damage":4,"enemies":"Cultist","floor":3,"turns":4},{"damage":6,"enemies":"Jaw Worm","floor":5,"turns":2},{"damage":34,"enemies":"Lagavulin","floor":6,"turns":6},{"damage":12,"enemies":"Exordium Wildlife","floor":7,"turns":3},{"damage":3,"enemies":"Red Slaver","floor":11,"turns":2},{"damage":21,"enemies":"Gremlin Nob","floor":12,"turns":4},{"damage":7,"enemies":"3 Louse","floor":13,"turns":2},{"damage":20,"enemies":"Exordium Thugs","floor":14,"turns":4},{"damage":33,"enemies":"The Guardian","floor":16,"turns":4}],"seed_played":"-5151104749716257006","potions_obtained":[{"floor":3,"key":"LiquidBronze"},{"floor":5,"key":"GamblersBrew"},{"floor":7,"key":"LiquidMemories"},{"floor":11,"key":"Explosive Potion"},{"floor":14,"key":"ElixirPotion"}],"is_trial":false,"path_per_floor":["M","?","M","?","M","E","M","R","T","R","M","E","M","M","R","B"],"character_chosen":"IRONCLAD","items_purchased":[],"campfire_rested":2,"item_purchase_floors":[],"current_hp_per_floor":[80,80,76,76,70,36,26,50,50,50,49,30,25,7,31,0,0],"gold":69,"neow_bonus":"BOSS_RELIC","is_daily":false,"chose_seed":false,"campfire_upgraded":1,"win_rate":0.0,"timestamp":1609821332,"path_taken":["M","?","M","?","M","E","M","R","T","R","M","E","?","M","R","BOSS"],"items_purchased_type":[],"build_version":"2020-12-22","purchased_purges":0,"victory":false,"max_hp_per_floor":[80,80,80,80,80,80,80,80,80,80,80,80,80,80,80,80,80],"relic_stats":{"Blood Vial":12,"counters":[10,35],"Golden Idol":39,"Ectoplasm":278,"MawBank":0,"obtain_stats":[{"Blood Vial":6,"Golden Idol":2,"Ectoplasm":0,"MawBank":12,"Burning Blood":0},{"Blood Vial":4,"Golden Idol":1,"Ectoplasm":0,"MawBank":7,"Burning Blood":0},{"Blood Vial":16,"Golden Idol":4,"Ectoplasm":0,"MawBank":25,"Burning Blood":0}]},"card_choices":[{"not_picked":["Clothesline","Twin Strike"],"picked":"Perfected Strike","floor":1},{"not_picked":["Body Slam","Flex"],"picked":"Pommel Strike","floor":3},{"not_picked":["Heavy Blade","Thunderclap"],"picked":"Sword Boomerang","floor":5},{"not_picked":["Shrug It Off","Sword Boomerang"],"picked":"Blood for Blood","floor":6},{"not_picked":["Heavy Blade","Intimidate"],"picked":"Sever Soul","floor":7},{"not_picked":["Headbutt","True Grit"],"picked":"Pummel","floor":11},{"not_picked":["Iron Wave","Dark Embrace"],"picked":"Berserk","floor":12},{"not_picked":["Wild Strike","Thunderclap"],"picked":"Rupture","floor":13},{"not_picked":["Body Slam","Thunderclap"],"picked":"Dropkick","floor":14}],"player_experience":1422478,"relics_obtained":[{"floor":6,"key":"Blood Vial"},{"floor":12,"key":"MawBank"}],"event_choices":[{"damage_healed":0,"gold_gain":0,"player_choice":"Take Wound","damage_taken":0,"relics_obtained":["Golden Idol"],"max_hp_gain":0,"max_hp_loss":0,"event_name":"Golden Idol","floor":2,"gold_loss":0,"cards_obtained":["Injury"]},{"cards_removed":["Defend_R"],"damage_healed":0,"gold_gain":0,"player_choice":"Took Card","damage_taken":0,"max_hp_gain":0,"max_hp_loss":0,"event_name":"NoteForYourself","floor":4,"gold_loss":0,"cards_obtained":["Strike_R"]}],"is_beta":false,"boss_relics":[],"items_purged_floors":[],"is_endless":false,"potions_floor_spawned":[3,5,7,11,14],"killed_by":"The Guardian","ascension_level":0}}