{"host":"ac6e1xz8pi3qqstb","time":1609854463,"event":{"mods":["BaseMod","Minty Spire (QoL Compilation)","MostiFishMod","Relic Stats","Replay The Spire","StSLib","[IsaacMod]ÒÔÈö¼âËþ","¡¾ÒÅÎï¿¨ÅÆ¡¿REMEMod"],"gold_per_floor":[116,49,59,133,133,163,163,175,200,200,200,200,200,200,200,258,258,353,353,371,371,355,355,372,398,398,220,269,283,283,283,283,297,297,395,395,407,419,419,519,545,545,556,573,573,625,645,645,645,143,143,143,143,143,143,178,178],"floor_reached":58,"playtime":3347,"items_purged":["Regret","Strike_B","Parasite"],"score":1571,"play_id":"4281049f-33b6-4da3-b31f-a19c97a104e1","local_time":"20210105214743","is_ascension_mode":false,"campfire_choices":[{"data":"ReplayGash","floor":11,"key":"SMITH"},{"floor":17,"key":"REST"},{"data":"After Image","floor":26,"key":"SMITH"},{"data":"DoctorFetus","floor":30,"key":"SMITH"},{"data":"Streamline","floor":32,"key":"SMITH"},{"data":"Replay:DivineShield","floor":34,"key":"SMITH"},{"floor":42,"key":"RECALL"},{"data":"Madness","floor":51,"key":"SMITH"},{"data":"Stack","floor":54,"key":"SMITH"}],"circlet_count":0,"master_deck":["Strike_B+1","Strike_B","Strike_B+1","Defend_B","Defend_B","Defend_B","Defend_B+1","Zap","Dualcast","DoctorFetus+1","After Image+1","Stack","Streamline+1","Leap","ReplayTheSpireMod:Reroute Power","Genetic Algorithm","Beam Cell+1","ReplayGash+1","Stack+1","Steam","All For One","Reboot","Beam Cell+1","Replay:Parry+1","Go for the Eyes+1","Replay:DivineShield+1","Turbo","Core Surge","Gash","Steam","Swift Strike","Deflect+1","Gash+1","FlurryOfBlows","REME_HeartOfCthun+1","Go for the Eyes","FTL","FTL","Steam+1","Go for the Eyes","Go for the Eyes","Turbo","Madness+1","Steam","Steam","MostiFishMod:BrokenBlackCloak","Conserve Battery","REME_ShortnessOfBreath","Steam Power"],"relics":["DaveBox","REME_ComplimentaryCards","HushsDoor","DiscerningMonocle","Medical Kit","D6","SynthV:TestCard","SynthV","BelialBook","Matryoshka","Replay:Ringing Soul","Centennial Puzzle","Ancient Tea Set","Bronze Scales","Turnip","ClockworkSouvenir","Happy Flower","Sundial","GuanYuAspect","BionicSphere","PrismaticShard","Replay:Bottled Eggs","Bag of Marbles","Chaos","DaCapo","Tiny Chest","Whetstone","Meat on the Bone","Ring of Hypnosis","Bottled Flame","Ninja Scroll","Blue Doll","Basket Of Snakes","Durian","Lantern","Vampiric Spirits","Blue Candle","Kunai","Replay:Antivirus Software","Replay:Baseball"],"acts_visited":["Exordium","TheCity","TheBeyond","TheEnding"],"potions_floor_usage":[52,57,57,57],"damage_taken":[{"damage":11.0,"enemies":"Small Slimes","floor":1.0,"turns":6.0},{"damage":2.0,"enemies":"2 Louse","floor":3.0,"turns":4.0},{"damage":0.0,"enemies":"Lagavulin","floor":6.0,"turns":4.0},{"damage":5,"enemies":"Jaw Worm","floor":8,"turns":5},{"damage":0,"enemies":"Slime Boss","floor":18,"turns":5},{"damage":7,"enemies":"3 Byrds","floor":20,"turns":3},{"damage":3,"enemies":"2 Thieves","floor":22,"turns":4},{"damage":0,"enemies":"Snecko","floor":24,"turns":5},{"damage":0,"enemies":"Gremlin Leader","floor":25,"turns":6},{"damage":0,"enemies":"Chosen and Byrds","floor":29,"turns":4},{"damage":0,"enemies":"Centurion and Healer","floor":33,"turns":5},{"damage":0,"enemies":"Champ","floor":35,"turns":6},{"damage":0,"enemies":"3 Darklings","floor":37,"turns":4},{"damage":0,"enemies":"Orb Walker","floor":38,"turns":3},{"damage":0,"enemies":"Maw","floor":43,"turns":6},{"damage":0,"enemies":"Spire Growth","floor":44,"turns":4},{"damage":20,"enemies":"2 Orb Walkers","floor":46,"turns":5},{"damage":0,"enemies":"Jaw Worm Horde","floor":47,"turns":5},{"damage":13,"enemies":"Time Eater","floor":52,"turns":8},{"damage":0,"enemies":"Shield and Spear","floor":56,"turns":5},{"damage":0,"enemies":"LittleHush","floor":57,"turns":32}],"seed_played":"-2871384819634478578","potions_obtained":[{"floor":8,"key":"Dexterity Potion"}],"is_trial":false,"path_per_floor":["M","$","M","?","?","E","?","M","T","$","R","T","?","PTL","PTL","?","R","B",null,"M","$","M","?","M","E","R","$","T","M","R","?","R","M","R","B",null,"M","M","?","?","T","R","M","M","T","?","M","?","?","$","R","B",null,"R","$","E","B",null],"character_chosen":"DEFECT","items_purchased":["SynthV","BelialBook","Matryoshka","Toxic Potion","Venom Potion","Strength Potion","Streamline","Leap","ReplayTheSpireMod:Reroute Power","ReplayGash","Bronze Scales","Turnip","ClockworkSouvenir","REME_BuildACard","Death Potion","SpeedPotion","Stack","Reboot","Beam Cell","BionicSphere","PrismaticShard","Replay:Bottled Eggs","Replay:Parry","Chaos","DaCapo","Tiny Chest","Turbo","Whetstone","Basket Of Snakes","Durian","Lantern","REME_HeartOfCthun+1","Go for the Eyes","FTL","Steam+1","Go for the Eyes","Turbo","Vampiric Spirits","Madness","Blue Candle","Kunai","Replay:Antivirus Software","Steam","MostiFishMod:BrokenBlackCloak","SkillPotion","Conserve Battery","REME_ShortnessOfBreath"],"campfire_rested":1,"item_purchase_floors":[2,2,2,2,2,2,2,2,2,10,10,10,10,10,10,10,10,19,21,21,21,21,21,27,27,27,27,27,50,50,50,50,50,50,50,50,50,50,50,55,55,55,55,55,55,55,55],"current_hp_per_floor":[64,64,62,62,65,65,81,79,79,82,82,82,65,65,65,34,61,64,46,43,45,51,51,54,55,55,57,57,58,58,58,58,58,58,60,61,63,66,68,70,70,70,73,73,73,70,78,78,75,80,80,83,83,83,83,85,86],"gold":178,"neow_bonus":"BOSS_RELIC","is_daily":false,"chose_seed":false,"campfire_upgraded":7,"win_rate":0.0,"timestamp":1609854463,"path_taken":["M","$","M","?","?","E","?","M","T","$","R","?","?","PTL","PTL","?","R","BOSS","M","$","M","?","M","E","R","$","T","M","R","?","R","M","R","BOSS","M","M","?","?","?","R","M","M","T","?","M","?","?","$","R","BOSS","R","$","E","BOSS"],"items_purchased_type":["Relic","Relic","Relic","Potion","Potion","Potion","Card","Card","Card","Card","Relic","Relic","Relic","Card","Potion","Potion","Card","Card","Card","Relic","Relic","Relic","Card","Card","Relic","Relic","Card","Relic","Relic","Relic","Relic","Card","Card","Card","Card","Card","Card","Relic","Card","Relic","Relic","Relic","Card","Card","Potion","Card","Card"],"build_version":"2020-12-22","purchased_purges":3,"victory":true,"max_hp_per_floor":[75,75,75,75,78,78,81,84,84,87,87,87,87,87,87,90,90,93,46,46,49,52,52,55,55,55,58,58,58,58,58,58,58,58,61,61,64,67,70,73,73,73,73,73,73,76,79,79,75,83,83,83,83,83,83,86,86],"relic_stats":{"Happy Flower":[36],"counters":[21,129],"Blue Candle":[0],"Whetstone":["Strike_B","Replay:Parry"],"Medical Kit":[5],"Centennial Puzzle":[12],"Sundial":[16],"Bronze Scales":[519],"Tiny Chest":1,"Turnip":[7],"Kunai":[30],"obtain_stats":[{"Chaos":27,"Lantern":50,"DaveBox":0,"DiscerningMonocle":0,"SynthV":2,"Vampiric Spirits":50,"Blue Doll":46,"Whetstone":27,"Ancient Tea Set":9,"PrismaticShard":21,"ClockworkSouvenir":10,"Replay:Ringing Soul":5,"Centennial Puzzle":9,"Matryoshka":2,"GuanYuAspect":19,"Sundial":16,"Ninja Scroll":45,"Tiny Chest":27,"DaCapo":27,"Kunai":55,"Replay:Bottled Eggs":21,"Replay:Antivirus Software":55,"Cracked Core":0,"KeepersGift":0,"Happy Flower":12,"Ring of Hypnosis":31,"Basket Of Snakes":50,"Blue Candle":55,"BelialBook":2,"Medical Kit":0,"D6":0,"Bottled Flame":36,"Replay:Baseball":56,"SynthV:TestCard":1,"Bronze Scales":10,"BionicSphere":21,"Turnip":10,"Bag of Marbles":25,"Durian":50,"HushsDoor":0,"REME_ComplimentaryCards":0,"Meat on the Bone":28},{"Chaos":9,"Lantern":18,"DaveBox":0,"DiscerningMonocle":0,"SynthV":1,"Vampiric Spirits":18,"Blue Doll":17,"Whetstone":9,"Ancient Tea Set":4,"PrismaticShard":6,"ClockworkSouvenir":4,"Replay:Ringing Soul":2,"Centennial Puzzle":4,"Matryoshka":1,"GuanYuAspect":5,"Sundial":4,"Ninja Scroll":16,"Tiny Chest":9,"DaCapo":9,"Kunai":19,"Replay:Bottled Eggs":6,"Replay:Antivirus Software":19,"Cracked Core":0,"KeepersGift":0,"Happy Flower":4,"Ring of Hypnosis":10,"Basket Of Snakes":18,"Blue Candle":19,"BelialBook":1,"Medical Kit":0,"D6":0,"Bottled Flame":12,"Replay:Baseball":20,"SynthV:TestCard":1,"Bronze Scales":4,"BionicSphere":6,"Turnip":4,"Bag of Marbles":9,"Durian":18,"HushsDoor":0,"REME_ComplimentaryCards":0,"Meat on the Bone":9},{"Chaos":42,"Lantern":84,"DaveBox":0,"DiscerningMonocle":0,"SynthV":6,"Vampiric Spirits":84,"Blue Doll":79,"Whetstone":42,"Ancient Tea Set":19,"PrismaticShard":27,"ClockworkSouvenir":19,"Replay:Ringing Soul":10,"Centennial Puzzle":19,"Matryoshka":6,"GuanYuAspect":24,"Sundial":19,"Ninja Scroll":74,"Tiny Chest":42,"DaCapo":42,"Kunai":92,"Replay:Bottled Eggs":27,"Replay:Antivirus Software":92,"Cracked Core":0,"KeepersGift":0,"Happy Flower":19,"Ring of Hypnosis":46,"Basket Of Snakes":84,"Blue Candle":92,"BelialBook":6,"Medical Kit":0,"D6":0,"Bottled Flame":57,"Replay:Baseball":97,"SynthV:TestCard":6,"Bronze Scales":19,"BionicSphere":27,"Turnip":19,"Bag of Marbles":42,"Durian":84,"HushsDoor":0,"REME_ComplimentaryCards":0,"Meat on the Bone":42}],"Meat on the Bone":0},"card_choices":[{"not_picked":[],"picked":"DoctorFetus","floor":0.0},{"not_picked":["Ball Lightning","Rebound"],"picked":"Stack","floor":1.0},{"not_picked":["Panic Button","Conserve Battery","Core Surge","Sweeping Beam"],"picked":"Genetic Algorithm","floor":3.0},{"not_picked":["MostiFishMod:GatherIntelligence","Defragment","Panic Button","Heatsinks","ReplayTheSpireMod:System Scan"],"picked":"SKIP","floor":6},{"not_picked":["MostiFishMod:GatherIntelligence","Capacitor","Stack","Heatsinks"],"picked":"Beam Cell","floor":8},{"not_picked":["Redo","Sweeping Beam","Force Field","Streamline"],"picked":"Steam","floor":16},{"not_picked":["Core Surge","MostiFishMod:ATRI","MostiFishMod:GoodWordForIt","REME_Shoggoth"],"picked":"All For One","floor":18},{"not_picked":["Glacier","Compile Driver","Barrage","Redo","Distribution"],"picked":"SKIP","floor":20},{"not_picked":["CrushJoints","PiercingWail","MostiFishMod:PerfectParry","ClearTheMind","EmptyBody+1"],"picked":"Go for the Eyes+1","floor":22},{"not_picked":["Sword Boomerang","ReplayReversal","ClearTheMind+1","Fire Breathing"],"picked":"Replay:DivineShield","floor":24},{"not_picked":["Replay:ManipulateFuture+1","Bane","Headbutt","Blur","Coolheaded"],"picked":"SKIP","floor":25},{"not_picked":["CrushJoints","WaveOfTheHand","Blind","Underhanded Strike","Panic Button"],"picked":"SKIP","floor":29},{"not_picked":["Riddle With Holes","REME_ProfessionalPlagiarism","Outmaneuver+1","MostiFishMod:PerfectParry","ThirdEye+1"],"picked":"SKIP","floor":33},{"not_picked":["REME_MawOfCthun","MostiFishMod:StarOceanB","MostiFishMod:Adaptation","Reaper","Hyperbeam"],"picked":"Core Surge","floor":35},{"not_picked":["Power Through+1","Riddle With Holes+1","Perfected Strike+1","Masterful Stab"],"picked":"Gash","floor":37},{"not_picked":["Glacier+1","Devotion","Shrug It Off+1","Bouncing Flask+1","Cleave"],"picked":"Steam","floor":38},{"not_picked":["Thinking Ahead","Secret Weapon","Replay:BasicMightCard","REME_ProfessionalPlagiarism"],"picked":"Swift Strike","floor":39},{"not_picked":["Slice+1","LikeWater","Crescendo","JustLucky"],"picked":"Deflect+1","floor":40},{"not_picked":["Wild Strike","PiercingWail+1","JustLucky+1","REME_Repentance","Run Through"],"picked":"SKIP","floor":43},{"not_picked":["REME_WorshipGod","Prepared","Barrage","Dodge and Roll+1","Dagger Spray"],"picked":"SKIP","floor":44},{"not_picked":["Cancel+1","ReplayTheSpireMod:The Works+1","Replay:BluntJabs+1","ClearTheMind+1"],"picked":"Gash+1","floor":46},{"not_picked":["REME_AllRoundStrike","MostiFishMod:PerfectParry","Sucker Punch+1","Acrobatics"],"picked":"FlurryOfBlows","floor":47},{"not_picked":["BowlingBash+1","Weave+1","FollowUp","Hologram"],"picked":"Steam Power","floor":56}],"player_experience":416190,"relics_obtained":[{"floor":1.0,"key":"SynthV:TestCard"},{"floor":9,"key":"Centennial Puzzle"},{"floor":9,"key":"Ancient Tea Set"},{"floor":12,"key":"Happy Flower"},{"floor":16,"key":"Sundial"},{"floor":25,"key":"Bag of Marbles"},{"floor":28,"key":"Meat on the Bone"},{"floor":31,"key":"Ring of Hypnosis"},{"floor":45,"key":"Ninja Scroll"},{"floor":46,"key":"Blue Doll"},{"floor":56,"key":"Replay:Baseball"}],"event_choices":[{"damage_healed":0.0,"max_hp_gain":0.0,"max_hp_loss":0.0,"gold_gain":74.0,"event_name":"Golden Wing","player_choice":"Gained Gold","floor":4.0,"gold_loss":0.0,"damage_taken":0.0},{"damage_healed":0.0,"max_hp_gain":0.0,"max_hp_loss":0.0,"gold_gain":0.0,"event_name":"Big Fish","player_choice":"Box","floor":5.0,"gold_loss":0.0,"damage_taken":0.0,"relics_obtained":["Replay:Ringing Soul"],"cards_obtained":["Regret"]},{"damage_healed":19,"gold_gain":0,"player_choice":"Healed and dodged fight","damage_taken":0,"max_hp_gain":0,"max_hp_loss":0,"event_name":"Mushrooms","floor":7,"gold_loss":0,"cards_obtained":["Parasite"]},{"damage_healed":0,"gold_gain":0,"player_choice":"Entered Light","damage_taken":17,"max_hp_gain":0,"max_hp_loss":0,"event_name":"Shining Light","floor":13,"gold_loss":0,"cards_upgraded":["Strike_B","Defend_B"]},{"damage_healed":0,"gold_gain":0,"player_choice":"Ignored","damage_taken":0,"max_hp_gain":0,"max_hp_loss":0,"event_name":"Vampires","floor":23,"gold_loss":0},{"damage_healed":0,"gold_gain":0,"player_choice":"Memory 1","damage_taken":0,"max_hp_gain":0,"max_hp_loss":0,"event_name":"SensoryStone","floor":39,"gold_loss":0},{"damage_healed":0,"gold_gain":0,"player_choice":"Fight","damage_taken":0,"max_hp_gain":0,"max_hp_loss":0,"event_name":"Mysterious Sphere","floor":46,"gold_loss":0},{"cards_removed":["REME_BuildACard"],"damage_healed":0,"gold_gain":0,"player_choice":"Removed Skill","damage_taken":0,"max_hp_gain":0,"max_hp_loss":0,"event_name":"Falling","floor":48,"gold_loss":0},{"damage_healed":0,"gold_gain":0,"player_choice":"Max HP","damage_taken":0,"max_hp_gain":0,"max_hp_loss":4,"event_name":"Winding Halls","floor":49,"gold_loss":0}],"is_beta":false,"boss_relics":[{"not_picked":["GreenFoldingFan","MoonlightInvasionPlan"],"picked":"GuanYuAspect"},{"not_picked":[]},{"not_picked":["Velvet Choker","UnicornStump"],"picked":"Bottled Flame"},{"not_picked":[]}],"items_purged_floors":[10,21,55],"is_endless":false,"potions_floor_spawned":[8,18,24,33,44,46,47],"ascension_level":0}}