{"host":"x7n7968bn9ekn290","time":1609881889,"event":{"mods":["AchievementEnabler","BaseMod","Colored Map","Googly Eyes","Minty Spire (QoL Compilation)","Relic Stats"],"gold_per_floor":[116,116,131,144,161,161,177,177,259,259,53,66,81,93,93,93,93],"floor_reached":16,"playtime":494,"items_purged":[],"score":96,"play_id":"ed38ae6d-11c8-4cd6-999e-f2793b16cdd7","local_time":"20210105132449","is_ascension_mode":false,"campfire_choices":[{"floor":6,"key":"REST"},{"data":"Backstab","floor":8,"key":"SMITH"},{"data":"Blade Dance","floor":10,"key":"SMITH"},{"data":"Venomology","floor":15,"key":"SMITH"}],"circlet_count":0,"master_deck":["Strike_G","Strike_G","Strike_G","Strike_G","Strike_G","Defend_G","Defend_G","Defend_G","Defend_G","Defend_G","Survivor","Neutralize","Deflect","Backstab+1","PiercingWail","Blade Dance+1","Deadly Poison","Quick Slash","Acrobatics","PiercingWail","Venomology+1"],"relics":["Ring of the Snake","Happy Flower","Shuriken","Orichalcum"],"acts_visited":["Exordium"],"potions_floor_usage":[5,13,16],"damage_taken":[{"damage":0,"enemies":"Small Slimes","floor":1,"turns":4},{"damage":0,"enemies":"Jaw Worm","floor":3,"turns":4},{"damage":0,"enemies":"2 Louse","floor":4,"turns":2},{"damage":29,"enemies":"Gremlin Gang","floor":5,"turns":8},{"damage":0,"enemies":"2 Fungi Beasts","floor":7,"turns":3},{"damage":2,"enemies":"Large Slime","floor":12,"turns":3},{"damage":0,"enemies":"Blue Slaver","floor":13,"turns":1},{"damage":0,"enemies":"2 Fungi Beasts","floor":14,"turns":2},{"damage":61,"enemies":"Slime Boss","floor":16,"turns":11}],"seed_played":"-6721273484353116667","potions_obtained":[{"floor":4,"key":"Explosive Potion"},{"floor":7,"key":"SteroidPotion"},{"floor":14,"key":"FearPotion"}],"is_trial":false,"path_per_floor":["M","?","M","M","M","R","M","R","T","R","$","M","M","M","R","B"],"character_chosen":"THE_SILENT","items_purchased":["Quick Slash","Orichalcum"],"campfire_rested":1,"item_purchase_floors":[11,11],"current_hp_per_floor":[70,70,70,70,41,62,62,62,62,62,62,60,60,60,60,0,0],"gold":93,"neow_bonus":"RANDOM_COMMON_RELIC","is_daily":false,"chose_seed":false,"campfire_upgraded":3,"win_rate":0.0,"timestamp":1609881889,"path_taken":["M","?","M","M","M","R","M","R","T","R","$","M","M","M","R","BOSS"],"items_purchased_type":["Card","Relic"],"build_version":"2020-12-22","purchased_purges":0,"victory":false,"max_hp_per_floor":[70,70,70,70,70,70,70,70,70,70,70,70,70,70,70,70,70],"relic_stats":{"Happy Flower":[12],"counters":[9,38],"Shuriken":[10],"Orichalcum":[36],"obtain_stats":[{"Happy Flower":0,"Shuriken":9,"Orichalcum":11,"Ring of the Snake":0},{"Happy Flower":0,"Shuriken":5,"Orichalcum":5,"Ring of the Snake":0},{"Happy Flower":0,"Shuriken":21,"Orichalcum":21,"Ring of the Snake":0}],"Ring of the Snake":[18]},"card_choices":[{"not_picked":["Reflex","Dagger Throw"],"picked":"Deflect","floor":1},{"not_picked":["Finisher","Deadly Poison"],"picked":"Backstab","floor":3},{"not_picked":["Riddle With Holes","Dodge and Roll"],"picked":"PiercingWail","floor":4},{"not_picked":["Outmaneuver","Expertise"],"picked":"Blade Dance","floor":5},{"not_picked":["Dodge and Roll","Leg Sweep"],"picked":"Deadly Poison","floor":7},{"not_picked":["Phantasmal Killer","Predator"],"picked":"Acrobatics","floor":12},{"not_picked":["Bane","Dagger Spray"],"picked":"PiercingWail","floor":13},{"not_picked":["Dagger Throw","Infinite Blades"],"picked":"Venomology","floor":14}],"player_experience":12690,"relics_obtained":[{"floor":9,"key":"Shuriken"}],"event_choices":[{"damage_healed":0,"gold_gain":0,"player_choice":"Ignored","damage_taken":0,"max_hp_gain":0,"max_hp_loss":0,"event_name":"Shining Light","floor":2,"gold_loss":0}],"is_beta":false,"boss_relics":[],"items_purged_floors":[],"is_endless":false,"potions_floor_spawned":[4,7,14],"killed_by":"Slime Boss","ascension_level":0}}