{"host":"sav7uxregyirlf69","time":1609861023,"event":{"mods":["AchievementEnabler","BaseMod","Colored Map","DeckTracker","Keyboard Shortcuts","Minty Spire (QoL Compilation)","READ ME - Guardian Mod","StSLib","SuperFastMode"],"gold_per_floor":[109,121,139,139,158,158,171,184,184,184,184,218,228,239,239,239,239],"floor_reached":16,"playtime":257,"items_purged":[],"score":212,"play_id":"53701244-718b-49e6-82a6-24140b238eca","local_time":"20210106003703","is_ascension_mode":true,"campfire_choices":[{"data":"Glass Knife","floor":6,"key":"SMITH"},{"floor":11,"key":"REST"},{"floor":15,"key":"REST"}],"circlet_count":0,"master_deck":["AscendersBane","Strike_G","Strike_G","Strike_G","Strike_G","Strike_G","Defend_G","Defend_G","Defend_G","Defend_G","Defend_G","Survivor","Neutralize","Dagger Throw","Poisoned Stab","Glass Knife+1","Footwork","Backstab","Tactician","Acrobatics","After Image"],"relics":["Ring of the Snake","NeowsBlessing","Incense Burner","Vajra","Ornamental Fan"],"acts_visited":["Exordium"],"potions_floor_usage":[7,12,16,16],"damage_taken":[{"damage":0,"enemies":"Small Slimes","floor":1,"turns":1},{"damage":0,"enemies":"Cultist","floor":2,"turns":1},{"damage":0,"enemies":"Jaw Worm","floor":3,"turns":1},{"damage":12,"enemies":"Large Slime","floor":5,"turns":6},{"damage":9,"enemies":"Lots of Slimes","floor":7,"turns":3},{"damage":15,"enemies":"Exordium Thugs","floor":8,"turns":4},{"damage":33,"enemies":"Lagavulin","floor":12,"turns":8},{"damage":0,"enemies":"Looter","floor":13,"turns":3},{"damage":0,"enemies":"Blue Slaver","floor":14,"turns":1},{"damage":29,"enemies":"Slime Boss","floor":16,"turns":9}],"seed_played":"-8946775860104916566","potions_obtained":[{"floor":3,"key":"LiquidBronze"},{"floor":4,"key":"PowerPotion"},{"floor":7,"key":"Block Potion"},{"floor":8,"key":"Explosive Potion"},{"floor":12,"key":"BlessingOfTheForge"}],"is_trial":false,"path_per_floor":["M","M","M","?","M","R","M","M","T","T","R","E","M","M","R","B"],"character_chosen":"THE_SILENT","items_purchased":[],"campfire_rested":2,"item_purchase_floors":[],"current_hp_per_floor":[59,59,59,59,47,47,38,23,23,23,42,9,9,9,28,0,0],"gold":239,"neow_bonus":"THREE_ENEMY_KILL","is_daily":false,"chose_seed":false,"campfire_upgraded":1,"win_rate":0.0,"timestamp":1609861023,"path_taken":["M","M","M","?","?","R","M","M","T","?","R","E","M","M","R","BOSS"],"items_purchased_type":[],"build_version":"2020-12-22","purchased_purges":0,"victory":false,"max_hp_per_floor":[66,66,66,66,66,66,66,66,66,66,66,66,66,66,66,66,66],"card_choices":[{"not_picked":["Slice","Deadly Poison"],"picked":"Dagger Throw","floor":1},{"not_picked":["Outmaneuver","Sucker Punch"],"picked":"Poisoned Stab","floor":2},{"not_picked":["Flechettes","Dash"],"picked":"Glass Knife","floor":3},{"not_picked":["All Out Attack","Eviscerate"],"picked":"Footwork","floor":5},{"not_picked":["Eviscerate","Backflip"],"picked":"Backstab","floor":7},{"not_picked":["Blur","Slice","Underhanded Strike"],"picked":"SKIP","floor":8},{"not_picked":["Dodge and Roll","Acrobatics"],"picked":"Tactician","floor":12},{"not_picked":["Slice","Deflect"],"picked":"Acrobatics","floor":13},{"not_picked":["Blur","Dagger Throw"],"picked":"After Image","floor":14}],"player_experience":1150376,"relics_obtained":[{"floor":9,"key":"Incense Burner"},{"floor":10,"key":"Vajra"},{"floor":12,"key":"Ornamental Fan"}],"event_choices":[{"damage_healed":0,"gold_gain":0,"player_choice":"Got Potions","damage_taken":0,"max_hp_gain":0,"max_hp_loss":0,"event_name":"Lab","floor":4,"gold_loss":0}],"is_beta":false,"boss_relics":[],"items_purged_floors":[],"is_endless":false,"potions_floor_spawned":[3,7,8,12,14],"killed_by":"Slime Boss","ascension_level":20}}