{"host":"g5zc4ej6zn2at89o","time":1609852193,"event":{"mods":["2.2 Compatiblity","AchievementEnabler","BaseMod","Colored Map","DeckTracker","Highlight Path","KOR Keyword Fix","Keyboard Shortcuts","Minty Spire (QoL Compilation)","Permanent Neow","Quick Restart","Say the Spire","StSLib","SuperFastMode","everything is the same but u backflip on backflip"],"gold_per_floor":[110,128,142,142,142,174,174,193,219,254,34,66,66,66,66,165,165,185,185,196,43,0,29,29,29,56,71,71,32,32,132,132,229,229,239,239,256,256,256,256,135,135,135,64,83,83,95,109,109,109,109],"floor_reached":50,"playtime":2754,"items_purged":[],"score":603,"play_id":"e8744780-7b58-4e68-80bd-b467ca4312a2","local_time":"20210105220953","is_ascension_mode":true,"campfire_choices":[{"data":"Rage","floor":7.0,"key":"SMITH"},{"data":"Rage","floor":13.0,"key":"SMITH"},{"data":"Seeing Red","floor":15.0,"key":"SMITH"},{"data":"Demon Form","floor":24.0,"key":"SMITH"},{"data":"Infernal Blade","floor":28.0,"key":"SMITH"},{"floor":30.0,"key":"REST"},{"floor":32.0,"key":"REST"},{"floor":40.0,"key":"REST"},{"data":"Rupture","floor":42.0,"key":"SMITH"},{"floor":49,"key":"REST"}],"circlet_count":0,"master_deck":["Strike_R+1","Defend_R","Defend_R","Bash","Pommel Strike","Pommel Strike","Rage+1","Evolve","Rage+1","Seeing Red+1","Inflame","Brutality","Thunderclap+1","Sentinel+1","Battle Trance+1","Armaments+1","Demon Form+1","Searing Blow","Double Tap","Infernal Blade+1","Flame Barrier","Bloodletting","Berserk","Dropkick+1","Havoc+1","Rupture+1","Seeing Red","Warcry+1"],"relics":["Mark of Pain","Happy Flower","Strawberry","Ancient Tea Set","Letter Opener","Whetstone","Nunchaku","Astrolabe","Red Skull","Pen Nib","Torii","Paper Frog","Busted Crown","Mummified Hand"],"acts_visited":["Exordium","TheCity","TheBeyond"],"potions_floor_usage":[48,48],"damage_taken":[{"damage":9.0,"enemies":"Jaw Worm","floor":1.0,"turns":4.0},{"damage":0.0,"enemies":"2 Louse","floor":2.0,"turns":2.0},{"damage":0.0,"enemies":"Small Slimes","floor":3.0,"turns":3.0},{"damage":9.0,"enemies":"Gremlin Nob","floor":6.0,"turns":3.0},{"damage":3.0,"enemies":"Blue Slaver","floor":8.0,"turns":4.0},{"damage":6.0,"enemies":"3 Sentries","floor":10.0,"turns":6.0},{"damage":5.0,"enemies":"Gremlin Nob","floor":12.0,"turns":3.0},{"damage":0.0,"enemies":"Slime Boss","floor":16.0,"turns":6.0},{"damage":3.0,"enemies":"2 Thieves","floor":18.0,"turns":3.0},{"damage":1.0,"enemies":"3 Byrds","floor":20.0,"turns":4.0},{"damage":24.0,"enemies":"Gremlin Leader","floor":23.0,"turns":5.0},{"damage":11.0,"enemies":"Snake Plant","floor":27.0,"turns":4.0},{"damage":0.0,"enemies":"Colosseum Slavers","floor":31.0,"turns":1.0},{"damage":15.0,"enemies":"Colosseum Nobs","floor":31.0,"turns":4.0},{"damage":30.0,"enemies":"Champ","floor":33.0,"turns":7.0},{"damage":3.0,"enemies":"3 Shapes","floor":35.0,"turns":3.0},{"damage":39.0,"enemies":"3 Darklings","floor":37.0,"turns":3.0},{"damage":11.0,"enemies":"Sphere and 2 Shapes","floor":45.0,"turns":4.0},{"damage":47.0,"enemies":"4 Shapes","floor":47.0,"turns":5.0},{"damage":18,"enemies":"Jaw Worm Horde","floor":48,"turns":4},{"damage":45,"enemies":"Time Eater","floor":50,"turns":3}],"seed_played":"-3830936396905542149","potions_obtained":[{"floor":1.0,"key":"Dexterity Potion"},{"floor":2.0,"key":"EntropicBrew"},{"floor":3.0,"key":"LiquidBronze"},{"floor":23.0,"key":"SmokeBomb"},{"floor":27.0,"key":"SneckoOil"},{"floor":33.0,"key":"LiquidBronze"},{"floor":45.0,"key":"EssenceOfSteel"},{"floor":47.0,"key":"Explosive Potion"},{"floor":48,"key":"LiquidMemories"}],"is_trial":false,"path_per_floor":["M","M","M","?","?","E","R","M","T","E","$","E","R","$","R","B",null,"M","?","M","$","?","E","R","?","T","M","R","$","R","?","R","B",null,"M","?","M","$","?","R","$","R","T","$","M","$","M","M","R","B"],"character_chosen":"IRONCLAD","items_purchased":["Whetstone","Inflame","Demon Form","Flame Barrier","Rupture","BloodPotion","Seeing Red"],"campfire_rested":4,"item_purchase_floors":[11,11,21,29,41,41,44],"current_hp_per_floor":[71,71,71,68,68,66,66,63,63,57,57,52,52,52,52,52,87,84,84,83,83,83,59,59,59,59,48,48,48,74,59,85,55,87,84,84,45,45,45,71,71,71,71,71,60,60,13,12,38,0,0],"gold":109,"neow_bonus":"BOSS_RELIC","is_daily":false,"chose_seed":false,"campfire_upgraded":6,"win_rate":0.0,"timestamp":1609852193,"path_taken":["M","M","M","?","?","E","R","M","T","E","$","E","R","?","R","BOSS","M","?","M","$","?","E","R","?","T","M","R","?","R","?","R","BOSS","M","?","M","$","?","R","$","R","T","$","?","?","M","M","R","BOSS"],"items_purchased_type":["Relic","Card","Card","Card","Card","Potion","Card"],"build_version":"2020-12-22","purchased_purges":0,"victory":false,"max_hp_per_floor":[80,80,80,80,80,87,87,87,87,87,87,87,87,87,87,87,87,87,87,87,87,87,87,87,87,87,87,87,87,87,87,87,87,87,87,87,87,87,87,87,87,87,87,87,87,87,87,87,87,87,87],"card_choices":[{"not_picked":["Rampage","Shrug It Off"],"picked":"Pommel Strike","floor":1.0},{"not_picked":["True Grit","Rampage"],"picked":"Pommel Strike","floor":2.0},{"not_picked":["Body Slam","Clothesline"],"picked":"Pommel Strike","floor":3.0},{"not_picked":["Shrug It Off","Headbutt"],"picked":"Evolve","floor":6.0},{"not_picked":["True Grit","Feel No Pain"],"picked":"Rage","floor":8.0},{"not_picked":["Disarm","Havoc"],"picked":"Seeing Red","floor":10.0},{"not_picked":["Twin Strike","Dual Wield","Warcry"],"picked":"SKIP","floor":12.0},{"not_picked":["Corruption","Impervious"],"picked":"Brutality","floor":16.0},{"not_picked":["Cleave","Entrench+1","Feel No Pain+1"],"picked":"SKIP","floor":18.0},{"not_picked":["Warcry","Heavy Blade"],"picked":"Armaments+1","floor":20.0},{"not_picked":["Thunderclap","Uppercut","Combust"],"picked":"SKIP","floor":23.0},{"not_picked":["Sentinel+1","Havoc+1"],"picked":"Infernal Blade","floor":27.0},{"not_picked":["Headbutt+1","Havoc"],"picked":"Bloodletting","floor":31.0},{"not_picked":["Juggernaut","Immolate"],"picked":"Berserk","floor":33.0},{"not_picked":[],"picked":"Dropkick+1","floor":35.0},{"not_picked":[],"picked":"Havoc+1","floor":37.0},{"not_picked":["Headbutt+1"],"picked":"SKIP","floor":45.0},{"not_picked":["Carnage"],"picked":"SKIP","floor":47.0},{"not_picked":[],"picked":"Warcry+1","floor":48}],"player_experience":114053,"relics_obtained":[{"floor":6.0,"key":"Strawberry"},{"floor":9.0,"key":"Ancient Tea Set"},{"floor":10.0,"key":"Letter Opener"},{"floor":12.0,"key":"Nunchaku"},{"floor":23.0,"key":"Red Skull"},{"floor":26.0,"key":"Pen Nib"},{"floor":31.0,"key":"Torii"},{"floor":31.0,"key":"Paper Frog"},{"floor":43.0,"key":"Mummified Hand"}],"event_choices":[{"damage_healed":0.0,"max_hp_gain":0.0,"max_hp_loss":0.0,"gold_gain":0.0,"event_name":"Scrap Ooze","player_choice":"Success","floor":4.0,"gold_loss":0.0,"damage_taken":3.0,"relics_obtained":["Happy Flower"]},{"damage_healed":0.0,"max_hp_gain":0.0,"max_hp_loss":0.0,"gold_gain":0.0,"cards_transformed":["Strike_R"],"event_name":"Living Wall","player_choice":"Change","floor":5.0,"gold_loss":0.0,"damage_taken":0.0,"cards_obtained":["Rage"]},{"damage_healed":0.0,"max_hp_gain":0.0,"max_hp_loss":0.0,"gold_gain":0.0,"event_name":"Vampires","player_choice":"Ignored","floor":19.0,"gold_loss":0.0,"damage_taken":0.0},{"damage_healed":0.0,"max_hp_gain":0.0,"max_hp_loss":0.0,"gold_gain":0.0,"event_name":"Masked Bandits","player_choice":"Paid Fearfully","floor":22.0,"gold_loss":43.0,"damage_taken":0.0},{"damage_healed":0.0,"max_hp_gain":0.0,"max_hp_loss":0.0,"gold_gain":0.0,"cards_transformed":["Defend_R","Strike_R"],"event_name":"Drug Dealer","player_choice":"Became Test Subject","floor":25.0,"gold_loss":0.0,"damage_taken":0.0,"cards_obtained":["Searing Blow","Double Tap"]},{"damage_healed":0.0,"max_hp_gain":0.0,"max_hp_loss":0.0,"gold_gain":0.0,"event_name":"Colosseum","player_choice":"Fight","floor":31.0,"gold_loss":0.0,"damage_taken":0.0},{"damage_healed":0.0,"max_hp_gain":0.0,"max_hp_loss":0.0,"gold_gain":0.0,"event_name":"Colosseum","player_choice":"Fought Nobs","floor":31.0,"gold_loss":0.0,"damage_taken":0.0},{"cards_removed":["Pommel Strike"],"damage_healed":0.0,"max_hp_gain":0.0,"max_hp_loss":0.0,"gold_gain":0.0,"event_name":"Falling","player_choice":"Removed Attack","floor":36.0,"gold_loss":0.0,"damage_taken":0.0},{"damage_healed":0.0,"max_hp_gain":0.0,"max_hp_loss":0.0,"gold_gain":0.0,"event_name":"SecretPortal","player_choice":"Ignored","floor":39.0,"gold_loss":0.0,"damage_taken":0.0}],"is_beta":false,"boss_relics":[{"not_picked":["Runic Dome","Sozu"],"picked":"Astrolabe"},{"not_picked":["Philosopher\u0027s Stone","Coffee Dripper"],"picked":"Busted Crown"}],"items_purged_floors":[],"is_endless":false,"potions_floor_spawned":[1,2,3,10,23,27,33,45,47,48],"killed_by":"Time Eater","ascension_level":3}}