{"host":"ox77rn1xcurm2t5a","time":1609807654,"event":{"mods":["2.2 Compatiblity","AchievementEnabler","Act Like it!","Aspiration","BaseMod","Best Route Mod","Better Match","Better Note","Better Sensory Stone","Block Reminder","Colored Map","Colored Powertips","Conjunction","Conspire","Custom Start","Energized Spire","GifTheSpireLib","Gold Saver","Gremlin Skip","Halation","Highlight Path","Hubris","Infinite Spire","Minty Spire (QoL Compilation)","Pale of the Ancients","Quick Restart","Replay The Spire","Reworked Bosses","ShortenTheSpire","Spire Exporter","StSLib","Stuff the Spire","Wandering Minibosses","vexMod"],"gold_per_floor":[131,57,0,0,10,10,45,45,124,124,136,136,153,78,78,174,174,184,201,301,301,301,335,335,335,335],"floor_reached":25,"playtime":442,"items_purged":["Strike_B","Strike_B"],"score":414,"play_id":"275e20d3-1888-43ed-9f1c-12de45509cb5","local_time":"20210105024734","is_ascension_mode":true,"campfire_choices":[{"floor":6.0,"key":"RECALL"},{"data":"Zap","floor":8.0,"key":"SMITH"},{"data":"Capacitor","floor":10.0,"key":"SMITH"},{"data":"Dualcast","floor":12.0,"key":"SMITH"},{"data":"Loop","floor":24,"key":"SMITH"}],"circlet_count":0,"master_deck":["AscendersBane","Strike_B","Strike_B","Defend_B","Defend_B","Defend_B","Defend_B","Zap+1","Dualcast+1","Capacitor+1","Ball Lightning","Ball Lightning","Gash","infinitespire:Oblivion","infinitespire:Collect","Loop+1"],"relics":["Cracked Core","NeowsBlessing","halation:AfternoonTea","Art of War","Meat on the Bone","Ring of Chaos","hubris:64BitClover"],"acts_visited":["Exordium","TheCity"],"potions_floor_usage":[25],"damage_taken":[{"damage":0.0,"enemies":"Small Slimes","floor":1.0,"turns":1.0},{"damage":0.0,"enemies":"Cultist","floor":5.0,"turns":1.0},{"damage":0.0,"enemies":"Lagavulin","floor":7.0,"turns":1.0},{"damage":4.0,"enemies":"Jaw Worm","floor":11.0,"turns":3.0},{"damage":10.0,"enemies":"3 Louse","floor":13.0,"turns":4.0},{"damage":43.0,"enemies":"Hexaghost","floor":16.0,"turns":10.0},{"damage":29.0,"enemies":"Shell Parasite","floor":18.0,"turns":7.0},{"damage":22.0,"enemies":"Spheric Guardian","floor":19.0,"turns":4.0},{"damage":0,"enemies":"Gremlin Leader","floor":23,"turns":1},{"damage":22,"enemies":"Book of Stabbing","floor":25,"turns":3}],"seed_played":"-93165825523114069","potions_obtained":[{"floor":7.0,"key":"SpeedPotion"},{"floor":11.0,"key":"Weak Potion"},{"floor":13.0,"key":"Flashbang"},{"floor":19.0,"key":"SkillPotion"}],"is_trial":false,"path_per_floor":["M","$","?","$","M","R","E","R","T","R","M","R","M","$","R","B",null,"M","M","?","AVR","?","E","R","E"],"character_chosen":"DEFECT","items_purchased":["Capacitor"],"campfire_rested":0,"item_purchase_floors":[2],"current_hp_per_floor":[68,68,68,68,68,68,68,68,68,68,64,64,54,54,54,11,59,30,8,8,8,8,20,20,0,0],"gold":335,"neow_bonus":"THREE_ENEMY_KILL","is_daily":false,"chose_seed":false,"campfire_upgraded":4,"win_rate":0.0,"timestamp":1609807654,"path_taken":["M","$","?","?","?","R","E","R","T","R","M","R","M","$","R","BOSS","M","M","?","AVR","?","E","R","E"],"items_purchased_type":["Card"],"build_version":"2020-12-22","purchased_purges":2,"victory":false,"max_hp_per_floor":[75,75,75,75,75,75,75,75,75,75,75,75,75,75,75,75,75,75,75,75,75,75,75,75,75,75],"card_choices":[{"not_picked":["Leap","Panic Button","ReplaySolidLightProjector"],"picked":"SKIP","floor":1.0},{"not_picked":["Heatsinks","Stack"],"picked":"Ball Lightning","floor":5.0},{"not_picked":["Stack","Sweeping Beam","ReplayTheSpireMod:Omega Cannon"],"picked":"SKIP","floor":7.0},{"not_picked":["Genetic Algorithm","Reinforced Body"],"picked":"Ball Lightning","floor":11.0},{"not_picked":["Coolheaded","BasicCrystalCard","Beam Cell"],"picked":"SKIP","floor":13.0},{"not_picked":["Coolheaded","BasicCrystalCard","Beam Cell"],"picked":"SKIP","floor":13.0},{"not_picked":["Compile Driver+1","StuffTheSpire:Rend","Sunder"],"picked":"SKIP","floor":18.0},{"not_picked":["White Noise","Panic Button+1"],"picked":"Gash","floor":19.0},{"not_picked":["Recycle","Coolheaded"],"picked":"Loop","floor":23}],"player_experience":2892000,"relics_obtained":[{"floor":7.0,"key":"Art of War"},{"floor":23,"key":"hubris:64BitClover"}],"event_choices":[{"damage_healed":0.0,"max_hp_gain":0.0,"max_hp_loss":0.0,"gold_gain":0.0,"event_name":"WeMeetAgain","player_choice":"Paid Gold","floor":3.0,"gold_loss":57.0,"damage_taken":0.0,"relics_obtained":["halation:AfternoonTea"]},{"damage_healed":0.0,"max_hp_gain":0.0,"max_hp_loss":0.0,"gold_gain":100.0,"event_name":"Golden Shrine","player_choice":"Pray","floor":20.0,"gold_loss":0.0,"damage_taken":0.0},{"damage_healed":0.0,"max_hp_gain":0.0,"max_hp_loss":0.0,"gold_gain":0.0,"event_name":"betterNote:BetterNote","player_choice":"Ignored","floor":22.0,"gold_loss":0.0,"damage_taken":0.0,"cards_obtained":["Strike_P"]}],"is_beta":false,"boss_relics":[{"not_picked":["StuffTheSpire:ModemDavis","halation:PinkAlligatorPlush","energizedSpire:EnergizedDie"]}],"items_purged_floors":[14,21],"is_endless":false,"potions_floor_spawned":[7,11,13,19],"killed_by":"Book of Stabbing","ascension_level":11}}