{"host":"873t0y8ybyo38pfq","time":1609813408,"event":{"mods":["BaseMod","Bestiary","Colored Map","Colored Powertips","Highlight Path","Minty Spire (QoL Compilation)","Quick Restart","RNG Fix","Rare Cards Sparkle","Relic Stats","StSLib"],"gold_per_floor":[12,12,12,12,28,28,46,76,145,145,163,196,196,209,209,283,283,294,313,325,54,70,70,70],"floor_reached":23,"playtime":839,"items_purged":[],"score":406,"play_id":"1cffbf9a-a630-4f01-bcaa-51028ff0aed7","local_time":"20210104212328","is_ascension_mode":true,"campfire_choices":[{"data":"Apotheosis","floor":6,"key":"SMITH"},{"floor":10,"key":"REST"},{"floor":13,"key":"REST"},{"floor":15,"key":"RECALL"}],"circlet_count":0,"master_deck":["AscendersBane","Strike_B","Strike_B","Defend_B","Defend_B","Defend_B","Defend_B","Zap","Dualcast","Apotheosis+1","Reinforced Body","FTL","Sweeping Beam","Lockon","Leap","Tempest","Fission","Fusion","Coolheaded+1","Master of Strategy"],"relics":["Cracked Core","MealTicket","InkBottle","Eternal Feather","Inserter"],"acts_visited":["Exordium","TheCity"],"potions_floor_usage":[11,16,18,22,22],"damage_taken":[{"damage":8,"enemies":"Small Slimes","floor":1,"turns":3},{"damage":0,"enemies":"Cultist","floor":5,"turns":3},{"damage":0,"enemies":"Jaw Worm","floor":7,"turns":3},{"damage":14,"enemies":"Lagavulin","floor":8,"turns":5},{"damage":20,"enemies":"Exordium Thugs","floor":11,"turns":3},{"damage":3,"enemies":"3 Sentries","floor":12,"turns":5},{"damage":0,"enemies":"2 Fungi Beasts","floor":14,"turns":2},{"damage":31,"enemies":"Slime Boss","floor":16,"turns":8},{"damage":24,"enemies":"3 Byrds","floor":18,"turns":4},{"damage":3,"enemies":"Spheric Guardian","floor":19,"turns":5},{"damage":28,"enemies":"Shelled Parasite and Fungi","floor":20,"turns":6},{"damage":19,"enemies":"Cultist and Chosen","floor":22,"turns":5},{"damage":21,"enemies":"Slavers","floor":23,"turns":2}],"seed_played":"-1506789354598758425","potions_obtained":[{"floor":1,"key":"Weak Potion"},{"floor":7,"key":"PowerPotion"},{"floor":11,"key":"FearPotion"},{"floor":18,"key":"Explosive Potion"},{"floor":20,"key":"PowerPotion"}],"is_trial":false,"path_per_floor":["M","$","?","?","M","R","M","E","T","R","M","E","R","M","R","B",null,"M","M","M","$","M","E"],"character_chosen":"DEFECT","items_purchased":["Master of Strategy","Regen Potion"],"campfire_rested":2,"item_purchase_floors":[21,21],"current_hp_per_floor":[56,56,49,49,49,49,49,35,35,56,36,33,63,63,71,40,63,39,36,8,23,18,0,0],"gold":70,"neow_bonus":"RANDOM_COLORLESS_2","is_daily":false,"chose_seed":false,"campfire_upgraded":1,"win_rate":0.0,"timestamp":1609813408,"path_taken":["M","?","?","?","?","R","M","E","T","R","M","E","R","M","R","BOSS","M","M","M","$","M","E"],"items_purchased_type":["Card","Potion"],"build_version":"2020-12-22","purchased_purges":0,"victory":false,"max_hp_per_floor":[71,71,71,71,71,71,71,71,71,71,71,71,71,71,71,71,71,71,71,71,71,71,71,71],"relic_stats":{"Inserter":[11],"counters":[13,54],"MealTicket":15,"Eternal Feather":17,"obtain_stats":[{"Inserter":17,"MealTicket":8,"Eternal Feather":12,"Cracked Core":0,"InkBottle":9},{"Inserter":8,"MealTicket":4,"Eternal Feather":6,"Cracked Core":0,"InkBottle":4},{"Inserter":32,"MealTicket":14,"Eternal Feather":22,"Cracked Core":0,"InkBottle":14}],"InkBottle":[13]},"card_choices":[{"not_picked":["Transmutation","Master of Strategy"],"picked":"Apotheosis","floor":0},{"not_picked":["BootSequence","Gash"],"picked":"Reinforced Body","floor":1},{"not_picked":["Rebound","Consume"],"picked":"Sweeping Beam","floor":5},{"not_picked":["Turbo","Amplify","BootSequence"],"picked":"SKIP","floor":7},{"not_picked":["Aggregate","BootSequence"],"picked":"Lockon","floor":8},{"not_picked":["Beam Cell","Barrage","Streamline"],"picked":"SKIP","floor":11},{"not_picked":["Cold Snap","Stack"],"picked":"Leap","floor":12},{"not_picked":["Stack","Reprogram"],"picked":"Tempest","floor":14},{"not_picked":["Multi-Cast","Rainbow"],"picked":"Fission","floor":16},{"not_picked":["Hologram","Steam+1"],"picked":"Fusion","floor":18},{"not_picked":["Go for the Eyes","Steam"],"picked":"Coolheaded+1","floor":19},{"not_picked":["Rebound","Steam","Stack"],"picked":"SKIP","floor":20},{"not_picked":["Leap","Melter","Reinforced Body"],"picked":"SKIP","floor":22}],"player_experience":1516581,"relics_obtained":[{"floor":8,"key":"MealTicket"},{"floor":9,"key":"InkBottle"},{"floor":12,"key":"Eternal Feather"}],"event_choices":[{"cards_removed":["Strike_B"],"damage_healed":0,"gold_gain":0,"player_choice":"Card Removal","damage_taken":7,"max_hp_gain":0,"max_hp_loss":0,"event_name":"Golden Wing","floor":3,"gold_loss":0},{"damage_healed":0,"gold_gain":0,"cards_transformed":["Strike_B"],"player_choice":"Transformed","damage_taken":0,"max_hp_gain":0,"max_hp_loss":0,"event_name":"Transmorgrifier","floor":4,"gold_loss":0,"cards_obtained":["FTL"]}],"is_beta":false,"boss_relics":[{"not_picked":["Busted Crown","Calling Bell"],"picked":"Inserter"}],"items_purged_floors":[],"is_endless":false,"potions_floor_spawned":[1,7,11,12,18,20],"killed_by":"Slavers","ascension_level":20}}