{"host":"dmdprxj8bosbz96f","time":1609882562,"event":{"mods":["AchievementEnabler","BaseMod","Colored Map","DeckTracker","Minty Spire (QoL Compilation)","Quick Restart","SuperFastMode","everything is the same but u backflip on backflip"],"gold_per_floor":[109,109,69,80,31,64,64,97,165,20,35,66,66,80,80,182,182,199,114,64,82,32,32,32],"floor_reached":23,"playtime":715,"items_purged":["Defend_R","Defend_R","Defend_R"],"score":267,"play_id":"b5b04fef-a6e6-4b0b-abfd-f7c2b2cd3442","local_time":"20210106063602","is_ascension_mode":true,"campfire_choices":[{"data":"Rampage","floor":7.0,"key":"SMITH"},{"data":"Offering","floor":13,"key":"SMITH"},{"floor":15,"key":"REST"}],"circlet_count":0,"master_deck":["Strike_R","Strike_R","Strike_R","Strike_R","Strike_R","Defend_R","Bash","Flex","Shrug It Off","Headbutt","Rampage+1","Offering+1","Warcry","Perfected Strike","Warcry","Impervious","Whirlwind"],"relics":["Burning Blood","NeowsBlessing","Art of War","PreservedInsect","StoneCalendar","Frozen Egg 2","Regal Pillow","Philosopher\u0027s Stone","Smiling Mask"],"acts_visited":["Exordium","TheCity"],"potions_floor_usage":[12,12,12,12,14,14,14,16,16,16],"damage_taken":[{"damage":0.0,"enemies":"Cultist","floor":1.0,"turns":1.0},{"damage":0.0,"enemies":"Jaw Worm","floor":4.0,"turns":1.0},{"damage":0.0,"enemies":"Lagavulin","floor":6.0,"turns":2.0},{"damage":36.0,"enemies":"Gremlin Nob","floor":8.0,"turns":4.0},{"damage":7.0,"enemies":"Small Slimes","floor":11.0,"turns":3.0},{"damage":11,"enemies":"3 Sentries","floor":12,"turns":7},{"damage":26,"enemies":"Gremlin Gang","floor":14,"turns":4},{"damage":64,"enemies":"The Guardian","floor":16,"turns":8},{"damage":14,"enemies":"Shell Parasite","floor":18,"turns":3},{"damage":36,"enemies":"2 Thieves","floor":21,"turns":4},{"damage":43,"enemies":"Slavers","floor":23,"turns":3}],"seed_played":"-1545718945323365016","potions_obtained":[{"floor":1.0,"key":"AttackPotion"},{"floor":3.0,"key":"EssenceOfSteel"},{"floor":3.0,"key":"Regen Potion"},{"floor":8.0,"key":"EntropicBrew"},{"floor":12,"key":"PowerPotion"},{"floor":14,"key":"EntropicBrew"},{"floor":18,"key":"GamblersBrew"}],"is_trial":false,"path_per_floor":["M","T","?","M","$","E","R","E","T","$","M","E","R","M","R","B",null,"M","?","$","M","$","E"],"character_chosen":"IRONCLAD","items_purchased":["Headbutt","Offering"],"campfire_rested":1,"item_purchase_floors":[5,10],"current_hp_per_floor":[80,80,80,80,80,80,80,50,50,50,49,59,59,39,78,20,80,72,72,72,42,42,0,0],"gold":32,"neow_bonus":"THREE_ENEMY_KILL","is_daily":false,"chose_seed":false,"campfire_upgraded":2,"win_rate":0.0,"timestamp":1609882562,"path_taken":["M","?","?","?","$","E","R","E","T","?","?","E","R","M","R","BOSS","M","?","$","M","$","E"],"items_purchased_type":["Card","Card"],"build_version":"2020-12-22","purchased_purges":3,"victory":false,"max_hp_per_floor":[80,80,80,80,80,80,80,80,80,80,80,80,80,80,80,80,80,80,80,80,80,80,80,80],"card_choices":[{"not_picked":["Shockwave","Body Slam"],"picked":"Flex","floor":1.0},{"not_picked":["Bloodletting","True Grit"],"picked":"Shrug It Off","floor":4.0},{"not_picked":["Flex","Intimidate"],"picked":"Rampage","floor":6.0},{"not_picked":["Sword Boomerang","Clash","Anger"],"picked":"SKIP","floor":8.0},{"not_picked":["Flex","Corruption+1"],"picked":"Warcry","floor":11},{"not_picked":["Infernal Blade","Inflame+1"],"picked":"Perfected Strike","floor":12},{"not_picked":["Cleave","Fire Breathing+1"],"picked":"Warcry","floor":14},{"not_picked":["Bludgeon","Berserk+1"],"picked":"Impervious","floor":16},{"not_picked":["Dropkick","Cleave","Thunderclap"],"picked":"SKIP","floor":18},{"not_picked":["Feel No Pain+1","Clothesline"],"picked":"Whirlwind","floor":21}],"player_experience":145053,"relics_obtained":[{"floor":2.0,"key":"Art of War"},{"floor":6.0,"key":"PreservedInsect"},{"floor":8.0,"key":"StoneCalendar"},{"floor":9.0,"key":"Frozen Egg 2"},{"floor":12,"key":"Regal Pillow"}],"event_choices":[{"damage_healed":0.0,"max_hp_gain":0.0,"max_hp_loss":0.0,"gold_gain":0.0,"event_name":"The Woman in Blue","player_choice":"Bought 3 Potions","floor":3.0,"gold_loss":0.0,"damage_taken":0.0},{"damage_healed":0,"gold_gain":0,"player_choice":"Obtained Relic","damage_taken":0,"relics_obtained":["Smiling Mask"],"max_hp_gain":0,"max_hp_loss":0,"event_name":"Addict","floor":19,"gold_loss":85}],"is_beta":false,"boss_relics":[{"not_picked":["Astrolabe","Snecko Eye"],"picked":"Philosopher\u0027s Stone"}],"items_purged_floors":[10,20,22],"is_endless":false,"potions_floor_spawned":[1,8,12,14,18],"killed_by":"Slavers","ascension_level":3}}