{"host":"h5golg54dem4i27y","time":1609815053,"event":{"mods":["BaseMod","Colored Map","Colored Powertips","Minty Spire (QoL Compilation)","Replay The Spire","StSLib","SuperFastMode","The Hierophant"],"gold_per_floor":[116,116,116,135,146,146,159,159,159,88,106,116,134,147,147,251,251,267,2,2,16,29,29,29],"floor_reached":23,"playtime":1071,"items_purged":["Strike_G"],"score":299,"play_id":"ba2fdaa2-8b74-465a-828b-fd2c18757065","local_time":"20210105115053","is_ascension_mode":true,"campfire_choices":[{"data":"Neutralize","floor":6.0,"key":"SMITH"},{"data":"Flechettes","floor":8.0,"key":"SMITH"},{"floor":15.0,"key":"REST"}],"circlet_count":0,"master_deck":["AscendersBane","Strike_G","Strike_G","Strike_G","Defend_G","Defend_G","Defend_G","Survivor","Neutralize+1","Escape Plan","Acrobatics","Flechettes+1","Hidden Blade","Blade Dance","Cloak And Dagger","Adrenaline","CurseOfTheBell","Adrenaline","Dagger Throw+1","Bouncing Flask"],"relics":["Ring of the Snake","Lizard Tail","Calling Bell","Happy Flower","Frozen Egg 2","Thread and Needle","DollysMirror"],"acts_visited":["Exordium","TheCity"],"potions_floor_usage":[16,16,22,23],"damage_taken":[{"damage":2.0,"enemies":"Small Slimes","floor":1.0,"turns":5.0},{"damage":0.0,"enemies":"Jaw Worm","floor":4.0,"turns":4.0},{"damage":7.0,"enemies":"Cultist","floor":5.0,"turns":4.0},{"damage":1.0,"enemies":"Exordium Thugs","floor":7.0,"turns":9.0},{"damage":17.0,"enemies":"Exordium Wildlife","floor":11.0,"turns":5.0},{"damage":5.0,"enemies":"Gremlin Gang","floor":12.0,"turns":4.0},{"damage":16.0,"enemies":"Lots of Slimes","floor":13.0,"turns":5.0},{"damage":2.0,"enemies":"Exordium Thugs","floor":14.0,"turns":4.0},{"damage":50,"enemies":"Fading Forest","floor":16,"turns":11},{"damage":5,"enemies":"Shell Parasite","floor":18,"turns":4},{"damage":0,"enemies":"Spheric Guardian","floor":21,"turns":3},{"damage":17,"enemies":"Cultist and Chosen","floor":22,"turns":5},{"damage":75,"enemies":"Gremlin Leader","floor":23,"turns":6}],"seed_played":"1575671788536735970","potions_obtained":[{"floor":1.0,"key":"Adrenaline Potion"},{"floor":4.0,"key":"Milkshake"},{"floor":12.0,"key":"Regen Potion"},{"floor":14.0,"key":"Poison Potion"},{"floor":16,"key":"PowerPotion"},{"floor":22,"key":"ColorlessPotion"}],"is_trial":false,"path_per_floor":["M","?","?","M","M","R","M","R","T","$","M","M","M","M","R","B",null,"M","$","?","M","M","E"],"character_chosen":"THE_SILENT","items_purchased":["Hidden Blade","Fire Potion","DollysMirror","Dagger Throw+1"],"campfire_rested":1,"item_purchase_floors":[10,10,19,19],"current_hp_per_floor":[61,54,54,54,47,47,46,46,46,46,29,24,22,20,41,1,53,48,48,48,48,31,0,0],"gold":29,"neow_bonus":"REMOVE_CARD","is_daily":false,"chose_seed":false,"campfire_upgraded":2,"win_rate":0.0,"timestamp":1609815053,"path_taken":["M","?","?","M","M","R","M","R","T","$","M","M","M","M","R","BOSS","M","$","?","M","M","E"],"items_purchased_type":["Card","Potion","Relic","Card"],"build_version":"2020-12-22","purchased_purges":1,"victory":false,"max_hp_per_floor":[70,70,70,70,70,70,70,70,70,70,70,70,70,70,70,70,70,70,70,70,70,70,70,70],"card_choices":[{"not_picked":["Deflect","Hidden Blade"],"picked":"Escape Plan","floor":1.0},{"not_picked":["ReplayTheSpireMod:Shiv Toss","Prepared"],"picked":"Acrobatics","floor":4.0},{"not_picked":["Deadly Poison","PiercingWail","Hidden Blade"],"picked":"SKIP","floor":5.0},{"not_picked":["Draining Mist","Leg Sweep"],"picked":"Flechettes","floor":7.0},{"not_picked":["Endless Agony","Blur","Corpse Explosion"],"picked":"SKIP","floor":11.0},{"not_picked":["Hidden Blade","Dagger Spray"],"picked":"Blade Dance","floor":12.0},{"not_picked":["Draining Mist","Bane"],"picked":"Cloak And Dagger","floor":13.0},{"not_picked":["Deflect","Poisoned Stab","Dash"],"picked":"SKIP","floor":14.0},{"not_picked":["Doppelganger","Envenom"],"picked":"Adrenaline","floor":16},{"not_picked":["Outmaneuver","Slice","Deadly Poison"],"picked":"SKIP","floor":18},{"not_picked":["ReplayTheSpireMod:Shiv Toss","Bane","Caltrops+1"],"picked":"SKIP","floor":21},{"not_picked":["Dodge and Roll","Bane"],"picked":"Bouncing Flask","floor":22}],"player_experience":637713,"relics_obtained":[{"floor":9.0,"key":"Lizard Tail"},{"floor":17,"key":"Happy Flower"},{"floor":17,"key":"Frozen Egg 2"},{"floor":17,"key":"Thread and Needle"}],"event_choices":[{"cards_removed":["Defend_G"],"damage_healed":0.0,"max_hp_gain":0.0,"max_hp_loss":0.0,"gold_gain":0.0,"event_name":"Golden Wing","player_choice":"Card Removal","floor":2.0,"gold_loss":0.0,"damage_taken":7.0}],"is_beta":false,"boss_relics":[{"not_picked":["Snecko Eye","Replay:Drink Me"],"picked":"Calling Bell"}],"items_purged_floors":[19],"is_endless":false,"potions_floor_spawned":[1,4,12,14,16,22],"killed_by":"Gremlin Leader","ascension_level":12}}