{"host":"ormi09wwzv7sq47a","time":1609851885,"event":{"mods":["2.2 Compatiblity","AchievementEnabler","Act Like it!","BaseMod","Bestiary","Better Altar","Better Note","Better Sensory Stone","Better Skull","Better Third Choice","Better Vampires","BetterRewards","Block Reminder","Card Forge","Colored Map","Colored Powertips","Curses Come First","DeckTracker","Downfall","Highlight Path","Minty Spire (QoL Compilation)","Permanent Neow","Quick Restart","Rare Cards Sparkle","Relic Stats","Shop Mod","StSLib","The Jungle"],"gold_per_floor":[19,19,35,35,54,54,70,70,147,162,162,189,201,243,255,339,351,340,381,593,618,640,652,696,708,720,732,758,800,182,193,193,264,264,275,293,44,60,77,77,103,103,178,204,221,254,254,18,18,18,18,18,18,48,48],"floor_reached":56,"playtime":4242,"items_purged":["Strike_B","Strike_B","Strike_B","Strike_B+1"],"score":3052,"play_id":"c12a070e-5a92-4e63-b5f2-fd3b07d74d93","local_time":"20210105110445","is_ascension_mode":true,"campfire_choices":[{"data":"Blind","floor":6.0,"key":"SMITH"},{"data":"Coolheaded","floor":8.0,"key":"SMITH"},{"data":"Sweeping Beam","floor":11.0,"key":"SMITH"},{"data":"Machine Learning","floor":13.0,"key":"SMITH"},{"floor":15.0,"key":"REST"},{"data":"Buffer","floor":23.0,"key":"SMITH"},{"floor":25.0,"key":"REST"},{"data":"Doom and Gloom","floor":27.0,"key":"SMITH"},{"data":"Transmutation","floor":32.0,"key":"SMITH"},{"data":"Defragment","floor":40,"key":"SMITH"},{"data":"Dualcast","floor":42,"key":"SMITH"},{"floor":49,"key":"RECALL"},{"data":"Hologram","floor":52,"key":"SMITH"}],"circlet_count":0,"master_deck":["AscendersBane","Defend_B","Defend_B","Defend_B","Defend_B","Zap+1","Dualcast+1","Sweeping Beam+1","Gash","Blind+1","BootSequence","Coolheaded+1","Genetic Algorithm","Machine Learning+1","Buffer+1","Go for the Eyes+1","Doom and Gloom+1","Hologram+1","Beam Cell+1","Conserve Battery","Rip and Tear+1","Reboot","Transmutation+1","Echo Form","Steam","Steam Power+1","Defragment+1","Double Energy","Machine Learning+1","Conserve Battery+1","Static Discharge+1","Loop+1","Chill+1","Scrape"],"relics":["Cracked Core","Hammer of Thor","Seething Fire","Anvil of the Gods","DataDisk","Ice Cream","OrangePellets","Akabeko","Nuclear Battery","Red Mask","hexamod:BolsterEngine","InkBottle","Ancient Tea Set","Membership Card","TungstenRod","MerchantsRug","Sozu","Guardian:PocketSentry","Pen Nib","Frozen Egg 2","Toxic Egg 2","Bronze Scales","Regal Pillow","Runic Capacitor","Whetstone"],"acts_visited":["Exordium","TheCity","TheBeyond","TheEnding"],"potions_floor_usage":[55],"damage_taken":[{"damage":4.0,"enemies":"Jaw Worm","floor":1.0,"turns":3.0},{"damage":0.0,"enemies":"2 Louse","floor":3.0,"turns":2.0},{"damage":0.0,"enemies":"Small Slimes","floor":5.0,"turns":2.0},{"damage":0.0,"enemies":"Red Slaver","floor":7.0,"turns":2.0},{"damage":0.0,"enemies":"Looter","floor":10.0,"turns":2.0},{"damage":0.0,"enemies":"3 Sentries","floor":12.0,"turns":8.0},{"damage":30.0,"enemies":"Gremlin Nob","floor":14.0,"turns":4.0},{"damage":7.0,"enemies":"Hexaghost","floor":16.0,"turns":10.0},{"damage":8.0,"enemies":"2 Thieves","floor":18.0,"turns":4.0},{"damage":24.0,"enemies":"Masked Bandits","floor":19.0,"turns":5.0},{"damage":2.0,"enemies":"Shell Parasite","floor":21.0,"turns":5.0},{"damage":0.0,"enemies":"Cultist and Chosen","floor":22.0,"turns":6.0},{"damage":13.0,"enemies":"Book of Stabbing","floor":24.0,"turns":5.0},{"damage":0.0,"enemies":"Centurion and Healer","floor":28.0,"turns":6.0},{"damage":0.0,"enemies":"Gremlin Leader","floor":29.0,"turns":7.0},{"damage":0.0,"enemies":"Snecko","floor":31.0,"turns":3.0},{"damage":14.0,"enemies":"Champ","floor":33.0,"turns":13.0},{"damage":5.0,"enemies":"3 Shapes","floor":35.0,"turns":8.0},{"damage":16,"enemies":"3 Darklings","floor":36,"turns":5},{"damage":4,"enemies":"Jaw Worm Horde","floor":38,"turns":4},{"damage":1,"enemies":"Transient","floor":39,"turns":6},{"damage":0,"enemies":"Giant Head","floor":41,"turns":6},{"damage":0,"enemies":"Reptomancer","floor":44,"turns":5},{"damage":0,"enemies":"Spire Growth","floor":45,"turns":4},{"damage":6,"enemies":"Giant Head","floor":46,"turns":6},{"damage":0,"enemies":"Awakened One","floor":50,"turns":9},{"damage":0,"enemies":"Shield and Spear","floor":54,"turns":6},{"damage":58,"enemies":"The Heart","floor":55,"turns":8}],"seed_played":"1512691605936452461","potions_obtained":[{"floor":1.0,"key":"DuplicationPotion"},{"floor":5.0,"key":"Explosive Potion"},{"floor":7.0,"key":"SkillPotion"},{"floor":16.0,"key":"SmokeBomb"},{"floor":18.0,"key":"LiquidMemories"},{"floor":21.0,"key":"LiquidBronze"},{"floor":24.0,"key":"EssenceOfSteel"},{"floor":31.0,"key":"FearPotion"}],"is_trial":false,"path_per_floor":["M","?","M","?","M","R","M","R","T","M","R","E","R","E","R","B",null,"M","?","?","M","M","R","E","R","T","R","M","E","$","M","R","B",null,"M","M","$","M","M","R","E","R","T","E","M","E","?","$","R","B",null,"R","$","E","B",null],"character_chosen":"DEFECT","items_purchased":["DataDisk","OrangePellets","Membership Card","TungstenRod","MerchantsRug","Reboot","Transmutation","PowerPotion","Guardian:PocketSentry","Pen Nib","Steam Power","Runic Capacitor","Loop+1","Chill+1"],"campfire_rested":2,"item_purchase_floors":[0,0,30,30,30,30,30,30,37,37,37,48,48,48],"current_hp_per_floor":[53,32,32,32,32,32,32,32,32,32,32,32,32,2,23,16,57,49,25,25,23,23,23,10,31,31,31,31,31,31,31,31,17,58,53,37,37,33,32,32,32,32,32,32,32,26,26,26,26,26,60,60,60,60,2],"gold":48,"neow_bonus":"","is_daily":false,"chose_seed":false,"campfire_upgraded":10,"win_rate":0.0,"timestamp":1609851885,"path_taken":["M","?","M","?","M","R","M","R","T","M","R","E","R","E","R","BOSS","M","?","?","M","M","R","E","R","T","R","?","E","$","M","R","BOSS","M","M","$","M","M","R","E","R","T","E","M","E","?","?","R","BOSS","R","$","E","BOSS"],"items_purchased_type":["Relic","Relic","Relic","Relic","Relic","Card","Card","Potion","Relic","Relic","Card","Relic","Card","Card"],"build_version":"2020-12-22","purchased_purges":4,"victory":true,"max_hp_per_floor":[71,71,71,71,71,71,71,71,71,71,71,71,71,71,71,71,71,71,71,71,71,71,71,71,71,71,71,71,71,71,71,71,71,71,71,71,71,71,71,71,71,71,71,71,71,71,71,71,71,71,71,71,71,71,71],"relic_stats":{"Sozu":3,"OrangePellets":[16],"Regal Pillow":0,"counters":[139,637],"Bronze Scales":[213],"Pen Nib":[13],"Whetstone":["Beam Cell","Go for the Eyes"],"obtain_stats":[{"Ice Cream":0,"Calipers":0,"Gremlin Horn":45,"Vajra":9,"Hammer of Thor":0,"Runic Capacitor":14,"Whetstone":9,"Old Coin":36,"FrozenCore":34,"Sozu":17,"Blood Vial":0,"Centennial Puzzle":6,"Lizard Tail":0,"FaceOfCleric":12,"DollysMirror":38,"Sundial":3,"Strawberry":28,"Prayer Wheel":14,"Philosopher\u0027s Stone":17,"Kunai":24,"Toxic Egg 2":26,"MerchantsRug":30,"betterAltar:BloodRelic":20,"Happy Flower":44,"Blue Candle":20,"Oddly Smooth Stone":44,"Pen Nib":37,"Guardian:PocketSentry":37,"Question Card":30,"Akabeko":14,"Du-Vu Doll":42,"OrangePellets":0,"Bottled Flame":40,"Shuriken":31,"Anvil of the Gods":0,"Bronze Scales":42,"Snecko Eye":34,"Molten Egg 2":26,"Symbiotic Virus":14,"Pocketwatch":0,"Regal Pillow":7,"Singing Bowl":0,"Torii":26,"Bag of Preparation":0,"Cursed Key":17,"Empty Cage":34,"Smiling Mask":8,"Ancient Tea Set":9,"Emotion Chip":26,"Nunchaku":6,"Mummified Hand":13,"Red Mask":19,"Cracked Core":0,"InkBottle":22,"Thread and Needle":22,"PreservedInsect":40,"Omamori":38,"Seething Fire":0,"Orichalcum":5,"Frozen Egg 2":41,"MawBank":6,"Medical Kit":0,"Mercury Hourglass":12,"Nuclear Battery":17,"Peace Pipe":45,"DataDisk":8,"Anchor":54,"Ornamental Fan":26,"Art of War":14,"Coffee Dripper":17,"Bottled Lightning":43,"Membership Card":30,"hexamod:BolsterEngine":24,"Toy Ornithopter":27,"TungstenRod":30},{"Ice Cream":111,"Calipers":39,"Gremlin Horn":61,"Vajra":18,"Hammer of Thor":0,"Runic Capacitor":44,"Whetstone":3,"Old Coin":30,"FrozenCore":103,"Sozu":22,"Blood Vial":39,"Centennial Puzzle":41,"Lizard Tail":64,"FaceOfCleric":19,"DollysMirror":31,"Sundial":92,"Strawberry":26,"Prayer Wheel":88,"Philosopher\u0027s Stone":97,"Kunai":99,"Toxic Egg 2":12,"MerchantsRug":126,"betterAltar:BloodRelic":47,"Happy Flower":107,"Blue Candle":73,"Oddly Smooth Stone":35,"Pen Nib":130,"Guardian:PocketSentry":130,"Question Card":12,"Akabeko":118,"Du-Vu Doll":34,"OrangePellets":111,"Bottled Flame":59,"Shuriken":12,"Anvil of the Gods":0,"Bronze Scales":60,"Snecko Eye":29,"Molten Egg 2":26,"Symbiotic Virus":71,"Pocketwatch":81,"Regal Pillow":86,"Singing Bowl":64,"Torii":100,"Bag of Preparation":0,"Cursed Key":6,"Empty Cage":54,"Smiling Mask":69,"Ancient Tea Set":95,"Emotion Chip":49,"Nunchaku":94,"Mummified Hand":44,"Red Mask":121,"Cracked Core":0,"InkBottle":99,"Thread and Needle":48,"PreservedInsect":33,"Omamori":31,"Seething Fire":0,"Orichalcum":40,"Frozen Egg 2":133,"MawBank":17,"Medical Kit":39,"Mercury Hourglass":4,"Nuclear Battery":119,"Peace Pipe":108,"DataDisk":42,"Anchor":63,"Ornamental Fan":76,"Art of War":5,"Coffee Dripper":45,"Bottled Lightning":34,"Membership Card":126,"hexamod:BolsterEngine":124,"Toy Ornithopter":77,"TungstenRod":126},{"Ice Cream":483,"Calipers":153,"Gremlin Horn":255,"Vajra":67,"Hammer of Thor":0,"Runic Capacitor":174,"Whetstone":8,"Old Coin":116,"FrozenCore":439,"Sozu":80,"Blood Vial":153,"Centennial Puzzle":159,"Lizard Tail":263,"FaceOfCleric":70,"DollysMirror":120,"Sundial":380,"Strawberry":95,"Prayer Wheel":363,"Philosopher\u0027s Stone":404,"Kunai":412,"Toxic Egg 2":46,"MerchantsRug":554,"betterAltar:BloodRelic":193,"Happy Flower":457,"Blue Candle":305,"Oddly Smooth Stone":138,"Pen Nib":583,"Guardian:PocketSentry":583,"Question Card":46,"Akabeko":506,"Du-Vu Doll":135,"OrangePellets":483,"Bottled Flame":248,"Shuriken":46,"Anvil of the Gods":0,"Bronze Scales":252,"Snecko Eye":113,"Molten Egg 2":95,"Symbiotic Virus":293,"Pocketwatch":346,"Regal Pillow":358,"Singing Bowl":263,"Torii":420,"Bag of Preparation":0,"Cursed Key":23,"Empty Cage":231,"Smiling Mask":280,"Ancient Tea Set":389,"Emotion Chip":205,"Nunchaku":388,"Mummified Hand":174,"Red Mask":525,"Cracked Core":0,"InkBottle":412,"Thread and Needle":198,"PreservedInsect":132,"Omamori":120,"Seething Fire":0,"Orichalcum":155,"Frozen Egg 2":599,"MawBank":64,"Medical Kit":153,"Mercury Hourglass":10,"Nuclear Battery":516,"Peace Pipe":461,"DataDisk":168,"Anchor":261,"Ornamental Fan":319,"Art of War":14,"Coffee Dripper":186,"Bottled Lightning":135,"Membership Card":554,"hexamod:BolsterEngine":541,"Toy Ornithopter":326,"TungstenRod":554}],"InkBottle":[96],"TungstenRod":22},"card_choices":[{"not_picked":["Stack","Recycle"],"picked":"Sweeping Beam","floor":1.0},{"not_picked":["Compile Driver","Recycle"],"picked":"Gash","floor":3.0},{"not_picked":["expansioncontent:Chronoboost","Thinking Ahead"],"picked":"Blind","floor":4.0},{"not_picked":["Conserve Battery","Compile Driver"],"picked":"BootSequence","floor":5.0},{"not_picked":["Cold Snap","Compile Driver"],"picked":"Coolheaded","floor":7.0},{"not_picked":["Leap","Heatsinks"],"picked":"Genetic Algorithm","floor":10.0},{"not_picked":["Scrape","Go for the Eyes"],"picked":"Machine Learning","floor":12.0},{"not_picked":["Turbo","Self Repair","Cold Snap"],"picked":"SKIP","floor":14.0},{"not_picked":["Seek","Amplify"],"picked":"Buffer","floor":16.0},{"not_picked":["Barrage","Blizzard"],"picked":"Go for the Eyes","floor":18.0},{"not_picked":["Rebound","Stack"],"picked":"Doom and Gloom","floor":19.0},{"not_picked":["Reprogram","FTL"],"picked":"Hologram","floor":21.0},{"not_picked":["Undo","Barrage"],"picked":"Beam Cell","floor":22.0},{"not_picked":["Genetic Algorithm","Reboot"],"picked":"Conserve Battery","floor":24.0},{"not_picked":["Redo","White Noise","Barrage+1"],"picked":"SKIP","floor":28.0},{"not_picked":["Turbo","Go for the Eyes"],"picked":"Rip and Tear+1","floor":29.0},{"not_picked":["Beam Cell","Reprogram","Cold Snap"],"picked":"SKIP","floor":31.0},{"not_picked":["Multi-Cast","Amplify"],"picked":"Echo Form","floor":33.0},{"not_picked":["Force Field+1","Barrage+1","Undo"],"picked":"SKIP","floor":35.0},{"not_picked":["Heatsinks","Gash"],"picked":"Steam","floor":36},{"not_picked":["Rebound","Gash"],"picked":"Defragment","floor":38},{"not_picked":["Undo","Streamline"],"picked":"Double Energy","floor":39},{"not_picked":["FTL","Double Energy","Rebound"],"picked":"SKIP","floor":41},{"not_picked":["FTL","Stack+1"],"picked":"Machine Learning+1","floor":44},{"not_picked":["Undo+1","Sweeping Beam"],"picked":"Conserve Battery+1","floor":45},{"not_picked":["Capacitor+1","Streamline"],"picked":"Static Discharge+1","floor":46},{"not_picked":["Leap+1","Streamline"],"picked":"Scrape","floor":54}],"player_experience":864739,"relics_obtained":[{"floor":12.0,"key":"MawBank"},{"floor":14.0,"key":"Akabeko"},{"floor":19.0,"key":"Red Mask"},{"floor":24.0,"key":"hexamod:BolsterEngine"},{"floor":26.0,"key":"InkBottle"},{"floor":29.0,"key":"Ancient Tea Set"},{"floor":41,"key":"Frozen Egg 2"},{"floor":43,"key":"Toxic Egg 2"},{"floor":44,"key":"Bronze Scales"},{"floor":46,"key":"Regal Pillow"},{"floor":54,"key":"Whetstone"}],"event_choices":[{"damage_healed":53.0,"max_hp_gain":0.0,"max_hp_loss":71.0,"gold_gain":0.0,"event_name":"betterThird:BetterShining","player_choice":"Upgrade","floor":2.0,"gold_loss":0.0,"damage_taken":21.0,"cards_upgraded":["Zap","Strike_B"]},{"damage_healed":0.0,"max_hp_gain":0.0,"max_hp_loss":0.0,"gold_gain":1.0,"event_name":"betterStone:BetterStone","player_choice":"1","floor":4.0,"gold_loss":0.0,"damage_taken":0.0},{"damage_healed":0.0,"max_hp_gain":0.0,"max_hp_loss":0.0,"gold_gain":0.0,"event_name":"Masked Bandits","player_choice":"Fought Bandits","floor":19.0,"gold_loss":0.0,"damage_taken":0.0},{"damage_healed":0.0,"max_hp_gain":0.0,"max_hp_loss":0.0,"gold_gain":250.0,"event_name":"The Joust","player_choice":"Bet on Owner","floor":20.0,"gold_loss":50.0,"damage_taken":0.0},{"damage_healed":0,"gold_gain":0,"player_choice":"Upgraded","damage_taken":0,"max_hp_gain":0,"max_hp_loss":0,"event_name":"Upgrade Shrine","floor":47,"gold_loss":0,"cards_upgraded":["Steam Power"]}],"is_beta":false,"boss_relics":[{"not_picked":["Ectoplasm","Coffee Dripper"],"picked":"Nuclear Battery"},{"not_picked":["Runic Pyramid","Fusion Hammer"],"picked":"Sozu"}],"items_purged_floors":[0,30,37,48],"is_endless":false,"potions_floor_spawned":[1,5,7,16,18,21,24,28,31,35,38,45],"ascension_level":18}}