{"host":"ig7tc0uedzltt2sr","time":1609826827,"event":{"mods":["BaseMod","Better Twitch Integration","Block Reminder","Colored Map","Colored Powertips","Communication Mod","Current Relic Mod","GifTheSpireLib","HexUI Lib","Minty Spire (QoL Compilation)","Quick Restart","Random Character Button","Rare Cards Sparkle","Relic Sorter","Relic Stats","Slay the Relics Exporter","StSLib","SuperFastMode","Synergy Search","Twitch Decklist","Twitch Utils","everything is the same but u backflip on backflip","slay the spire mod where everything is the same but ironclad has a cowboy hat"],"gold_per_floor":[113,126,145,165,179,179,179],"floor_reached":6,"playtime":91,"items_purged":[],"score":40,"play_id":"6ba5f4ba-1389-4e22-96ab-5cad5e915a2f","local_time":"20210104220707","is_ascension_mode":false,"campfire_choices":[],"circlet_count":0,"master_deck":["Strike_R","Strike_R","Strike_R","Strike_R","Strike_R","Defend_R","Defend_R","Defend_R","Defend_R","Bash","Disarm","Whirlwind","Battle Trance","Evolve","Reckless Charge"],"relics":["Burning Blood"],"acts_visited":["Exordium"],"potions_floor_usage":[],"damage_taken":[{"damage":11,"enemies":"2 Louse","floor":1,"turns":9},{"damage":47,"enemies":"Cultist","floor":2,"turns":9},{"damage":28,"enemies":"Jaw Worm","floor":3,"turns":11},{"damage":16,"enemies":"Red Slaver","floor":4,"turns":6},{"damage":15,"enemies":"Blue Slaver","floor":5,"turns":7},{"damage":30,"enemies":"Gremlin Nob","floor":6,"turns":3}],"seed_played":"6382768938818196542","potions_obtained":[{"floor":3,"key":"PowerPotion"},{"floor":4,"key":"Regen Potion"}],"is_trial":false,"path_per_floor":["M","M","M","M","M","E"],"character_chosen":"IRONCLAD","items_purchased":[],"campfire_rested":0,"item_purchase_floors":[],"current_hp_per_floor":[83,42,20,10,16,0,0],"gold":179,"neow_bonus":"TEN_PERCENT_HP_BONUS","is_daily":false,"chose_seed":false,"campfire_upgraded":0,"win_rate":0.0,"timestamp":1609826827,"path_taken":["M","M","M","M","M","E"],"items_purchased_type":[],"build_version":"2020-12-22","purchased_purges":0,"victory":false,"max_hp_per_floor":[88,88,88,88,88,88,88],"relic_stats":{"counters":[6,45],"obtain_stats":[{"Burning Blood":0},{"Burning Blood":0},{"Burning Blood":0}],"Burning Blood":30},"card_choices":[{"not_picked":["Clash","Evolve"],"picked":"Disarm","floor":1},{"not_picked":["Bloodletting","Intimidate"],"picked":"Whirlwind","floor":2},{"not_picked":["Anger","Clash"],"picked":"Battle Trance","floor":3},{"not_picked":["Clothesline","Whirlwind"],"picked":"Evolve","floor":4},{"not_picked":["Perfected Strike","Sword Boomerang"],"picked":"Reckless Charge","floor":5}],"player_experience":1427149,"relics_obtained":[],"event_choices":[],"is_beta":false,"boss_relics":[],"items_purged_floors":[],"is_endless":false,"potions_floor_spawned":[3,4],"killed_by":"Gremlin Nob","ascension_level":0}}