{"host":"40f49r155zsx8eqk","time":1609881648,"event":{"mods":["AchievementEnabler","Aspiration","BaseMod","Curses Come First","Dota2Spire","Evolution","Googly Eyes","Gremlin Skip","Minty Spire (QoL Compilation)","Relic Sorter","Replay The Spire","StSLib","The Gatherer"],"gold_per_floor":[114,114,127,0,0,30,30,58,58,58,72,72,106,121,121,225,225,242,242,6,26,41,70,89,89,113,132,132,132,146,161,161,258,258,268,287,287,5,75,109,109,141,141,194,24,50,50,16,16,16,16],"floor_reached":50,"playtime":2133,"items_purged":["Defend_B","Strike_B"],"score":623,"play_id":"a9bb28ba-337c-45eb-9041-a5d29b52feb3","local_time":"20210106002048","is_ascension_mode":true,"campfire_choices":[{"floor":10,"key":"REST"},{"data":"Zap","floor":12,"key":"SMITH"},{"data":"Dualcast","floor":15,"key":"SMITH"},{"floor":25,"key":"REST"},{"data":"White Noise","floor":28,"key":"SMITH"},{"floor":32,"key":"REST"},{"floor":41,"key":"REST"},{"floor":47,"key":"REST"},{"floor":49,"key":"REST"}],"circlet_count":0,"master_deck":["Cold Snap","Cold Snap","Defend_B+1","Defend_B+1","Zap+1","Dualcast+1","Coolheaded+1","Electrodynamics","Skim","Core Surge","White Noise+1","Reboot","Gatherer:ColorfulGarden","Gatherer:AlchemyTrial","Heatsinks","Loop+1","Gatherer:Snatch","Gatherer:FinishingStrike","Ball Lightning+1","Panic Button","Blizzard","Pot Of Greed","Pot Of Greed","ReplayTheSpireMod:Strike From Hell+1","Sword Boomerang+1","FTL+1","Pot Of Greed","Auto Shields"],"relics":["Cracked Core","EVO:Axolotl","aspiration:Nostalgia","Ring of the Snake","Replay:Wax Seal","Akabeko","Dota2Spire:OrchidMalevolence","Toy Ornithopter","War Paint","Replay:Accelerometer","aspiration:RunicSpoon","PrismaticShard","aspiration:FetidBarrel","Lantern","Iron Hammer","Ring of Chaos","Dota2Spire:PhaseBoots","Frozen Egg 2","Grinning Jar","Dota2Spire:ArmletOfMordiggian","Pet Ghost","Dota2Spire:EyeOfSkadi","Membership Card","PreservedInsect"],"acts_visited":["Exordium","TheCity","TheBeyond"],"potions_floor_usage":[13,22,27,27,27,27,27,33,33,35,42,44,44,50],"damage_taken":[{"damage":6,"enemies":"2 Louse","floor":1,"turns":2},{"damage":0,"enemies":"Cultist","floor":3,"turns":3},{"damage":16,"enemies":"Lagavulin","floor":6,"turns":8},{"damage":7,"enemies":"3 Sentries","floor":8,"turns":4},{"damage":0,"enemies":"Jaw Worm","floor":11,"turns":3},{"damage":9,"enemies":"Gremlin Nob","floor":13,"turns":4},{"damage":12,"enemies":"Exordium Wildlife","floor":14,"turns":2},{"damage":18,"enemies":"Slime Boss","floor":16,"turns":9},{"damage":0,"enemies":"Spheric Guardian","floor":18,"turns":3},{"damage":2,"enemies":"3 Byrds","floor":21,"turns":1},{"damage":28,"enemies":"Centurion and Healer","floor":22,"turns":4},{"damage":12,"enemies":"Gremlin Leader","floor":23,"turns":6},{"damage":11,"enemies":"Cultist and Chosen","floor":24,"turns":5},{"damage":8,"enemies":"Snake Plant","floor":27,"turns":3},{"damage":0,"enemies":"Centurion and Healer","floor":30,"turns":6},{"damage":0,"enemies":"Snecko","floor":31,"turns":3},{"damage":33,"enemies":"Collector","floor":33,"turns":8},{"damage":33,"enemies":"3 Darklings","floor":35,"turns":6},{"damage":9,"enemies":"3 Shapes","floor":36,"turns":2},{"damage":19,"enemies":"Nemesis","floor":40,"turns":4},{"damage":2,"enemies":"R_Hoarder","floor":42,"turns":7},{"damage":0,"enemies":"2 Orb Walkers","floor":44,"turns":2},{"damage":25,"enemies":"Reptomancer","floor":46,"turns":5},{"damage":84,"enemies":"Awakened One","floor":50,"turns":4}],"seed_played":"6272068192601773763","potions_obtained":[{"floor":1,"key":"AttackPotion"},{"floor":3,"key":"Block Potion"},{"floor":14,"key":"EntropicBrew"},{"floor":18,"key":"EntropicBrew"},{"floor":23,"key":"ColorlessPotion"},{"floor":33,"key":"SkillPotion"},{"floor":40,"key":"Explosive Potion"},{"floor":42,"key":"ColorlessPotion"}],"is_trial":false,"path_per_floor":["M","?","M","$","?","E","T","E","T","R","M","R","E","M","R","B",null,"M","?","$","M","M","E","M","R","T","M","R","?","M","M","R","B",null,"M","M","?","$","T","E","R","E","T","?","$","E","R","$","R","B"],"character_chosen":"DEFECT","items_purchased":["Replay:Wax Seal","Energy Potion","Reboot","Dota2Spire:PhaseBoots","Blizzard","Membership Card","PowerPotion","Auto Shields"],"campfire_rested":6,"item_purchase_floors":[4,4,20,38,38,45,45,48],"current_hp_per_floor":[69,69,69,69,69,53,53,46,46,68,68,68,64,52,52,34,75,75,67,67,65,42,30,19,41,41,58,58,58,58,58,75,52,75,42,33,33,33,33,14,36,39,39,54,54,29,53,53,77,0,0],"gold":16,"neow_bonus":"NOSTALGIA","is_daily":false,"chose_seed":false,"campfire_upgraded":3,"win_rate":0.0,"timestamp":1609881648,"path_taken":["M","?","?","$","?","E","?","E","T","R","M","R","E","M","R","BOSS","M","?","$","M","M","E","M","R","T","M","R","?","M","?","R","BOSS","M","M","?","$","?","E","R","E","T","?","$","E","R","$","R","BOSS"],"items_purchased_type":["Relic","Potion","Card","Relic","Card","Relic","Potion","Card"],"build_version":"2020-12-22","purchased_purges":2,"victory":false,"max_hp_per_floor":[75,75,75,75,75,75,75,75,75,75,75,75,75,75,75,75,75,75,75,75,75,75,75,75,75,75,75,75,75,75,75,75,75,75,75,75,75,75,75,75,75,75,75,80,80,80,80,80,80,80,80],"card_choices":[{"not_picked":["Lockon","Conserve Battery","Stack"],"picked":"SKIP","floor":1},{"not_picked":["Double Energy","BasicCrystalCard"],"picked":"Coolheaded","floor":3},{"not_picked":["Hologram","FTL"],"picked":"Electrodynamics","floor":6},{"not_picked":["Stack","BasicCrystalCard","ReplayTheSpireMod:GoodbyeWorld"],"picked":"SKIP","floor":8},{"not_picked":["Streamline","Sweeping Beam"],"picked":"Skim","floor":11},{"not_picked":["Lockon","ReplayTheSpireMod:Omega Cannon","Turbo"],"picked":"SKIP","floor":13},{"not_picked":["Sweeping Beam","Turbo","Time Bomb"],"picked":"SKIP","floor":14},{"not_picked":["ReplayRNGCard","Hyperbeam"],"picked":"Core Surge","floor":16},{"not_picked":["Gash","Cold Snap"],"picked":"White Noise","floor":18},{"not_picked":["Twin Strike+1","Gatherer:FlowerShield","Slice"],"picked":"SKIP","floor":21},{"not_picked":["Wireheading","Survey Options+1"],"picked":"Gatherer:ColorfulGarden","floor":22},{"not_picked":["Battle Trance","ReplayTheSpireMod:Strike From Hell"],"picked":"Gatherer:AlchemyTrial","floor":23},{"not_picked":["Toxin Wave","Gatherer:CollectorsShot"],"picked":"Heatsinks","floor":24},{"not_picked":["ClearTheMind","Gatherer:EchoOfNature"],"picked":"Loop+1","floor":27},{"not_picked":["Ball Lightning","Burning Pact"],"picked":"Gatherer:Snatch","floor":30},{"not_picked":["Footwork","SashWhip","Coolheaded+1"],"picked":"SKIP","floor":31},{"not_picked":["Scrawl","Gatherer:BomberForm"],"picked":"Gatherer:FinishingStrike","floor":33},{"not_picked":["Headbutt","Trip+1"],"picked":"Ball Lightning+1","floor":35},{"not_picked":["Havoc+1","Prostrate+1"],"picked":"Panic Button","floor":36},{"not_picked":["Poisoned Stab+1","Pommel Strike"],"picked":"ReplayTheSpireMod:Strike From Hell+1","floor":40},{"not_picked":["Escape Plan","Masterful Stab","Catalyst+1"],"picked":"SKIP","floor":42},{"not_picked":["Replay:Undeath\u0027s Touch","Conserve Battery+1"],"picked":"Sword Boomerang+1","floor":44},{"not_picked":["Weave","Gatherer:ScrollOfPurity"],"picked":"FTL+1","floor":46}],"player_experience":146951,"relics_obtained":[{"floor":6,"key":"Akabeko"},{"floor":7,"key":"Dota2Spire:OrchidMalevolence"},{"floor":8,"key":"Toy Ornithopter"},{"floor":9,"key":"War Paint"},{"floor":13,"key":"Replay:Accelerometer"},{"floor":19,"key":"PrismaticShard"},{"floor":23,"key":"aspiration:FetidBarrel"},{"floor":26,"key":"Lantern"},{"floor":39,"key":"Frozen Egg 2"},{"floor":40,"key":"Grinning Jar"},{"floor":42,"key":"Dota2Spire:ArmletOfMordiggian"},{"floor":43,"key":"Pet Ghost"},{"floor":44,"key":"Dota2Spire:EyeOfSkadi"},{"floor":46,"key":"PreservedInsect"}],"event_choices":[{"cards_removed":["Defend_B"],"damage_healed":0,"gold_gain":0,"player_choice":"Card Removal","damage_taken":0,"max_hp_gain":0,"max_hp_loss":0,"event_name":"Wheel of Change","floor":2,"gold_loss":0},{"damage_healed":0,"gold_gain":0,"player_choice":"Grow","damage_taken":0,"max_hp_gain":0,"max_hp_loss":0,"event_name":"Living Wall","floor":5,"gold_loss":0,"cards_upgraded":["Coolheaded"]},{"cards_removed":["Strike_B"],"damage_healed":0,"gold_gain":0,"player_choice":"Purged","damage_taken":0,"max_hp_gain":0,"max_hp_loss":0,"event_name":"Purifier","floor":37,"gold_loss":0},{"damage_healed":0,"gold_gain":0,"player_choice":"Fight","damage_taken":0,"max_hp_gain":0,"max_hp_loss":0,"event_name":"Mysterious Sphere","floor":44,"gold_loss":0}],"is_beta":false,"boss_relics":[{"not_picked":["SacredBark","aspiration:FutureDiary"],"picked":"aspiration:RunicSpoon"},{"not_picked":["Kintsugi","Velvet Choker"],"picked":"Ring of Chaos"}],"items_purged_floors":[20,38],"is_endless":false,"potions_floor_spawned":[1,3,14,18,21,23,30,33,40,42],"killed_by":"Awakened One","ascension_level":2}}