{"host":"00yob6u0fiu7ehgs","time":1609875575,"event":{"mods":["Act Like it!","Arknights The Spire","Art Attack!","BaseMod","Chen","Colored Powertips","Elementarium","Gensokyo","GifTheSpireLib","Infinite Spire","Jorbs\u0027s Wanderer Trilogy","Koishi","Marisa????????","Minty Spire (QoL Compilation)","Rare Cards Sparkle","Reimu??????","Remilia??????","Replay The Spire","StSLib","The Alterego","The Animator","The Cursed","The Forsaken","The Marked","The Servant 0.9.4","Wandering Minibosses","Yakumo Yukari mod"],"gold_per_floor":[111,124,91,103,117,117,201,201,227,252,311,327,327,374,374,470,470,486,501,400,340,340,340,369,382,382,382,382],"floor_reached":27,"playtime":1359,"items_purged":["theMarked:Strike"],"score":235,"play_id":"207e01b6-bc73-4f94-a9d2-884d55109b86","local_time":"20210105123935","is_ascension_mode":false,"campfire_choices":[{"data":"theMarked:EmpowerWeapon","floor":6,"key":"SMITH"},{"data":"theMarked:SoldierOfQuellstein","floor":8,"key":"SMITH"},{"floor":15,"key":"REST"},{"floor":23,"key":"REST"}],"circlet_count":0,"master_deck":["theMarked:Strike+1","theMarked:Strike+1","theMarked:Strike+1","theMarked:Strike+1","theMarked:Defend+1","theMarked:Defend+1","theMarked:Defend+1","theMarked:Defend+1","theMarked:SoldierOfQuellstein+1","theMarked:EmpowerWeapon+1","theMarked:SwordAndMagic","theMarked:Improvise+1","theMarked:WastefulAttack","theMarked:RogueSparks","theMarked:Indomitable","theMarked:ElementalBlade","theMarked:SummonStrength","theMarked:Aftermath+1","theMarked:TwofoldDefense","theMarked:Reabsorb","theMarked:EmpowerWeapon","theMarked:RepellingDischarge+1"],"relics":["theMarked:ArtifactOfAir","Blue Doll","Centennial Puzzle","theMarked:Eyepatch","Replay:Bottled Steam"],"acts_visited":["Exordium","TheCity"],"potions_floor_usage":[7,10,11,24,27,27],"damage_taken":[{"damage":1,"enemies":"Jaw Worm","floor":1,"turns":4},{"damage":1,"enemies":"2 Louse","floor":2,"turns":2},{"damage":0,"enemies":"Small Slimes","floor":4,"turns":3},{"damage":0,"enemies":"2 Fungi Beasts","floor":5,"turns":2},{"damage":7,"enemies":"Exordium Wildlife","floor":7,"turns":6},{"damage":11,"enemies":"Gremlin Nob","floor":10,"turns":3},{"damage":21,"enemies":"3 Sentries","floor":11,"turns":6},{"damage":5,"enemies":"Looter","floor":12,"turns":2},{"damage":16,"enemies":"Lots of Slimes","floor":14,"turns":5},{"damage":19,"enemies":"Fading Forest","floor":16,"turns":11},{"damage":25,"enemies":"Shell Parasite","floor":18,"turns":3},{"damage":10,"enemies":"Chosen","floor":19,"turns":3},{"damage":46,"enemies":"Book of Stabbing","floor":24,"turns":5},{"damage":10,"enemies":"Centurion and Healer","floor":25,"turns":6},{"damage":12,"enemies":"3 Cultists","floor":27,"turns":2}],"seed_played":"2946152024650142177","potions_obtained":[{"floor":1,"key":"EssenceOfSteel"},{"floor":2,"key":"FearPotion"},{"floor":7,"key":"Block Potion"},{"floor":11,"key":"MagicPotion:ReiMu"},{"floor":24,"key":"Dexterity Potion"},{"floor":25,"key":"LiquidBronze"}],"is_trial":false,"path_per_floor":["M","M","$","M","M","R","M","R","T","E","?","M","?","M","R","B",null,"M","M","$","?","?","R","E","M","T","M"],"character_chosen":"THE_DEFAULT","items_purchased":["theMarked:Improvise+1","theMarked:Reabsorb"],"campfire_rested":2,"item_purchase_floors":[3,20],"current_hp_per_floor":[76,75,75,75,75,75,68,68,68,57,36,31,56,40,63,54,77,52,42,42,42,42,65,19,9,9,0,0],"gold":382,"neow_bonus":"TEN_PERCENT_HP_BONUS","is_daily":false,"chose_seed":false,"campfire_upgraded":2,"win_rate":0.0,"timestamp":1609875575,"path_taken":["M","M","$","M","M","R","M","R","T","E","?","M","?","M","R","BOSS","M","M","$","?","?","R","E","M","T","M"],"items_purchased_type":["Card","Card"],"build_version":"2020-12-22","purchased_purges":1,"victory":false,"max_hp_per_floor":[77,77,77,77,77,77,77,77,77,77,77,77,77,77,77,77,77,77,77,77,77,77,77,77,77,77,77,77],"card_choices":[{"not_picked":["theMarked:Static","theMarked:ChainLightning"],"picked":"theMarked:EmpowerWeapon","floor":1},{"not_picked":["theMarked:TwofoldDefense","theMarked:WardOff"],"picked":"theMarked:SwordAndMagic","floor":2},{"not_picked":["theMarked:Opportunist","theMarked:PowerFlow"],"picked":"theMarked:WastefulAttack","floor":4},{"not_picked":["theMarked:ElectricStrings","theMarked:RepellingDischarge","theMarked:AttractMetal"],"picked":"SKIP","floor":5},{"not_picked":["theMarked:WardOff","theMarked:Frustration","theMarked:TunnelVision"],"picked":"SKIP","floor":7},{"not_picked":["theMarked:WardOff","theMarked:Opportunist"],"picked":"theMarked:RogueSparks","floor":10},{"not_picked":["theMarked:HeritageOfTheMarked","theMarked:Electrocute"],"picked":"theMarked:Indomitable","floor":11},{"not_picked":["theMarked:Challenge","theMarked:Electrocute","theMarked:MaelstromOfLightning"],"picked":"SKIP","floor":12},{"not_picked":["theMarked:Improvise","theMarked:Overthink"],"picked":"theMarked:ElementalBlade","floor":14},{"not_picked":["theMarked:Vacuum","theMarked:Levitate"],"picked":"theMarked:SummonStrength","floor":16},{"not_picked":["theMarked:Static","theMarked:ContemptForTheProud"],"picked":"theMarked:Aftermath+1","floor":18},{"not_picked":["theMarked:Aftermath","theMarked:TakeCover"],"picked":"theMarked:TwofoldDefense","floor":19},{"not_picked":["theMarked:Improvise","theMarked:BanishingStrike+1"],"picked":"theMarked:EmpowerWeapon","floor":24},{"not_picked":["theMarked:Generate","theMarked:Static"],"picked":"theMarked:RepellingDischarge+1","floor":25}],"player_experience":353907,"relics_obtained":[{"floor":10,"key":"Blue Doll"},{"floor":26,"key":"Replay:Bottled Steam"}],"event_choices":[{"damage_healed":0,"gold_gain":0,"player_choice":"Searched \u00272\u0027 times","damage_taken":0,"relics_obtained":["Centennial Puzzle"],"max_hp_gain":0,"max_hp_loss":0,"event_name":"Dead Adventurer","floor":11,"gold_loss":0},{"damage_healed":25,"gold_gain":0,"player_choice":"Banana","damage_taken":0,"max_hp_gain":0,"max_hp_loss":0,"event_name":"Big Fish","floor":13,"gold_loss":0},{"damage_healed":0,"gold_gain":0,"player_choice":"Simplicity","damage_taken":0,"max_hp_gain":0,"max_hp_loss":0,"event_name":"Back to Basics","floor":22,"gold_loss":0,"cards_upgraded":["theMarked:Strike","theMarked:Strike","theMarked:Strike","theMarked:Strike","theMarked:Defend","theMarked:Defend","theMarked:Defend","theMarked:Defend"]}],"is_beta":false,"boss_relics":[{"not_picked":["Fusion Hammer","Busted Crown"],"picked":"theMarked:Eyepatch"}],"items_purged_floors":[20],"is_endless":false,"potions_floor_spawned":[1,2,7,11,24,25],"killed_by":"3 Cultists","ascension_level":0}}