{"host":"8i4doyxqctgl5qb0","time":1609808396,"event":{"mods":["AchievementEnabler","BaseMod","Block Reminder","Colored Powertips","Downfall","Marisa£®ÏF”Í°°ƒß¿Ì…≥£©","Minty Spire (QoL Compilation)","Permanent Neow","Potion Indicator Mod","Rare Cards Sparkle","StSLib","SuperFastMode"],"gold_per_floor":[116,116,133,14,14,14,32,51,51,51,64,99,99,132,132,232,282,292,292,312,312,48,83,11,11,38,38,54,54,69,80,80,175,175,192,192,4,20,70,70,120,150,176,188,6,25,42,42,42,42],"floor_reached":51,"playtime":3952,"items_purged":["Pain","Strike_P"],"score":778,"play_id":"6b29d50f-1131-45ab-b018-319400248745","local_time":"20210105085956","is_ascension_mode":false,"campfire_choices":[{"data":"Prostrate","floor":6.0,"key":"SMITH"},{"data":"Eruption","floor":10.0,"key":"SMITH"},{"floor":15.0,"key":"REST"},{"data":"Study","floor":25.0,"key":"SMITH"},{"data":"BattleHymn","floor":27.0,"key":"SMITH"},{"floor":29.0,"key":"REST"},{"floor":32.0,"key":"REST"},{"floor":40.0,"key":"REST"},{"floor":44.0,"key":"REST"},{"data":"Blasphemy","floor":49,"key":"SMITH"}],"circlet_count":0,"master_deck":["Strike_P+1","Strike_P+1","Defend_P","Defend_P+1","Eruption+1","Vigilance","Prostrate+1","Protect","LikeWater","EmptyBody","JustLucky","Adaptation+1","BattleHymn+1","Worship","FearNoEvil","LessonLearned","Prostrate","EmptyFist","Brilliance","Meditate","Establishment","Evaluate","BowlingBash+1","Study+1","Consecrate+1","DeceiveReality","WaveOfTheHand","Blasphemy+1","CurseOfTheBell","FlyingSleeves+1","expansioncontent:DarkVoid+1","expansioncontent:DonusPower","Devotion","Prostrate","EmptyBody","JustLucky+1","Prostrate+1","CutThroughFate+1","DeusExMachina","Prostrate+1","Iron Wave+1"],"relics":["PureWater","Lantern","WarpedTongs","Smiling Mask","Tiny House","Molten Egg 2","Strawberry","Bag of Preparation","Calling Bell","Pen Nib","Pantograph","StoneCalendar","Shovel","FossilizedHelix","Boot","MawBank","Lee\u0027s Waffle"],"acts_visited":["Exordium","TheCity","TheBeyond"],"potions_floor_usage":[50,50],"damage_taken":[{"damage":0.0,"enemies":"2 Louse","floor":1.0,"turns":2.0},{"damage":0.0,"enemies":"Cultist","floor":3.0,"turns":2.0},{"damage":2.0,"enemies":"Jaw Worm","floor":7.0,"turns":3.0},{"damage":13.0,"enemies":"Exordium Thugs","floor":8.0,"turns":9.0},{"damage":0.0,"enemies":"Red Slaver","floor":11.0,"turns":5.0},{"damage":16.0,"enemies":"3 Sentries","floor":12.0,"turns":8.0},{"damage":3.0,"enemies":"Lagavulin","floor":14.0,"turns":4.0},{"damage":15.0,"enemies":"Slime Boss","floor":16.0,"turns":6.0},{"damage":14.0,"enemies":"3 Byrds","floor":18.0,"turns":4.0},{"damage":8.0,"enemies":"2 Thieves","floor":20.0,"turns":3.0},{"damage":17.0,"enemies":"Book of Stabbing","floor":23.0,"turns":3.0},{"damage":11.0,"enemies":"Snecko","floor":28.0,"turns":5.0},{"damage":14.0,"enemies":"Shelled Parasite and Fungi","floor":30.0,"turns":4.0},{"damage":0.0,"enemies":"Cultist and Chosen","floor":31.0,"turns":5.0},{"damage":26.0,"enemies":"Automaton","floor":33.0,"turns":8.0},{"damage":27.0,"enemies":"Orb Walker","floor":35.0,"turns":5.0},{"damage":40.0,"enemies":"3 Darklings","floor":38.0,"turns":5.0},{"damage":0.0,"enemies":"Mind Bloom Boss Battle","floor":39.0,"turns":3.0},{"damage":21.0,"enemies":"2 Orb Walkers","floor":41.0,"turns":3.0},{"damage":26.0,"enemies":"Giant Head","floor":42.0,"turns":7.0},{"damage":22.0,"enemies":"4 Shapes","floor":46.0,"turns":4.0},{"damage":0.0,"enemies":"Jaw Worm Horde","floor":47.0,"turns":3.0},{"damage":82,"enemies":"Awakened One","floor":50,"turns":11}],"seed_played":"-2876377608232261089","potions_obtained":[{"floor":0.0,"key":"PowerPotion"},{"floor":0.0,"key":"hexamod:EctoCoolerPotion"},{"floor":0.0,"key":"Regen Potion"},{"floor":7.0,"key":"BottledMiracle"},{"floor":16.0,"key":"Weak Potion"},{"floor":23.0,"key":"SpeedPotion"},{"floor":31.0,"key":"Strength Potion"},{"floor":33.0,"key":"Weak Potion"},{"floor":35.0,"key":"Dexterity Potion"},{"floor":38.0,"key":"LiquidMemories"},{"floor":42.0,"key":"Swift Potion"}],"is_trial":false,"path_per_floor":["M","?","M","$","$","R","M","M","T","R","M","E","?","E","R","B",null,"M","?","M","T","$","E","$","R","T","R","M","R","M","M","R","B",null,"M","?","$","M","?","R","?","E","T","R","$","M","M","?","R","B",null],"character_chosen":"WATCHER","items_purchased":["LikeWater","EmptyBody","Establishment","Evaluate","Study","Devotion","Prostrate","Lee\u0027s Waffle"],"campfire_rested":5,"item_purchase_floors":[4,4,22,22,24,37,37,45],"current_hp_per_floor":[72,72,72,72,72,72,70,57,57,57,57,41,41,38,59,44,77,63,63,55,55,55,45,45,45,45,45,34,59,45,45,70,44,84,57,52,52,12,37,62,41,15,15,40,91,69,69,69,69,23],"gold":42,"neow_bonus":"THREE_SMALL_POTIONS","is_daily":false,"chose_seed":false,"campfire_upgraded":5,"win_rate":0.0,"timestamp":1609808396,"path_taken":["M","?","M","?","$","R","?","M","T","R","M","E","?","E","R","BOSS","M","?","?","?","?","E","$","R","T","R","M","R","?","M","R","BOSS","M","?","$","M","?","R","?","E","T","R","$","M","M","?","R","BOSS"],"items_purchased_type":["Card","Card","Card","Card","Card","Card","Card","Relic"],"build_version":"2020-12-22","purchased_purges":2,"victory":true,"max_hp_per_floor":[72,72,72,72,72,72,72,72,72,72,72,72,72,72,72,72,77,77,77,77,77,77,84,84,84,84,84,84,84,84,84,84,84,84,84,84,84,84,84,84,84,84,84,84,91,91,91,91,91,91],"card_choices":[{"not_picked":["Fasting2","Protect"],"picked":"Prostrate","floor":1.0},{"not_picked":["ConjureBlade","FollowUp"],"picked":"Protect","floor":3.0},{"not_picked":["Protect","Halt"],"picked":"JustLucky","floor":7.0},{"not_picked":["Pray","Evaluate"],"picked":"Adaptation","floor":8.0},{"not_picked":["EmptyBody","Protect"],"picked":"BattleHymn","floor":11.0},{"not_picked":["Prostrate","CrushJoints"],"picked":"Worship","floor":12.0},{"not_picked":["FlurryOfBlows","Tantrum"],"picked":"FearNoEvil","floor":14.0},{"not_picked":["ConjureBlade","MasterReality"],"picked":"LessonLearned","floor":16.0},{"not_picked":["BowlingBash","EmptyFist"],"picked":"Prostrate","floor":17.0},{"not_picked":["CrushJoints","PathToVictory"],"picked":"EmptyFist","floor":18.0},{"not_picked":["Nirvana","EmptyFist"],"picked":"Meditate","floor":20.0},{"not_picked":["Protect","Establishment"],"picked":"BowlingBash+1","floor":23.0},{"not_picked":["ClearTheMind","BowlingBash+1"],"picked":"Consecrate+1","floor":28.0},{"not_picked":["ClearTheMind+1","CrushJoints+1"],"picked":"DeceiveReality","floor":30.0},{"not_picked":["FearNoEvil+1","Halt"],"picked":"WaveOfTheHand","floor":31.0},{"not_picked":["ConjureBlade","MasterReality"],"picked":"Blasphemy","floor":33.0},{"not_picked":["Protect","Consecrate+1"],"picked":"FlyingSleeves+1","floor":35.0},{"not_picked":["Dramatic Entrance+1","Madness"],"picked":"expansioncontent:DarkVoid+1","floor":36.0},{"not_picked":["Master of Strategy","Madness"],"picked":"expansioncontent:DonusPower","floor":36.0},{"not_picked":["WreathOfFlame","PathToVictory+1"],"picked":"EmptyBody","floor":38.0},{"not_picked":["Halt+1","ThirdEye"],"picked":"JustLucky+1","floor":39.0},{"not_picked":["Perseverance+1","WindmillStrike+1"],"picked":"Prostrate+1","floor":41.0},{"not_picked":["Weave+1","PathToVictory"],"picked":"CutThroughFate+1","floor":42.0},{"not_picked":["EmptyBody+1","CutThroughFate+1"],"picked":"DeusExMachina","floor":46.0},{"not_picked":["Evaluate","SashWhip+1"],"picked":"Prostrate+1","floor":47.0}],"player_experience":73205,"relics_obtained":[{"floor":12.0,"key":"Lantern"},{"floor":14.0,"key":"Smiling Mask"},{"floor":21.0,"key":"Molten Egg 2"},{"floor":23.0,"key":"Strawberry"},{"floor":26.0,"key":"Bag of Preparation"},{"floor":34.0,"key":"Pen Nib"},{"floor":34.0,"key":"Pantograph"},{"floor":34.0,"key":"StoneCalendar"},{"floor":39.0,"key":"Shovel"},{"floor":41.0,"key":"FossilizedHelix"},{"floor":42.0,"key":"Boot"},{"floor":43.0,"key":"MawBank"}],"event_choices":[{"cards_removed":["Defend_P"],"damage_healed":0.0,"max_hp_gain":0.0,"max_hp_loss":0.0,"gold_gain":0.0,"event_name":"Bonfire Elementals","player_choice":"Offered Basic","floor":2.0,"gold_loss":0.0,"damage_taken":0.0},{"damage_healed":0.0,"max_hp_gain":0.0,"max_hp_loss":0.0,"gold_gain":0.0,"event_name":"Accursed Blacksmith","player_choice":"Rummage","floor":13.0,"gold_loss":0.0,"damage_taken":0.0,"relics_obtained":["WarpedTongs"],"cards_obtained":["Pain"]},{"damage_healed":0.0,"max_hp_gain":0.0,"max_hp_loss":0.0,"gold_gain":0.0,"cards_transformed":["Strike_P"],"event_name":"Transmorgrifier","player_choice":"Transformed","floor":19.0,"gold_loss":0.0,"damage_taken":0.0,"cards_obtained":["Brilliance"]},{"damage_healed":0.0,"max_hp_gain":0.0,"max_hp_loss":0.0,"gold_gain":0.0,"event_name":"SensoryStone","player_choice":"Memory 2","floor":36.0,"gold_loss":0.0,"damage_taken":5.0},{"damage_healed":0.0,"max_hp_gain":0.0,"max_hp_loss":0.0,"gold_gain":0.0,"event_name":"MindBloom","player_choice":"Fight","floor":39.0,"gold_loss":0.0,"damage_taken":0.0},{"damage_healed":0.0,"max_hp_gain":0.0,"max_hp_loss":0.0,"gold_gain":0.0,"event_name":"Mysterious Sphere","player_choice":"Fight","floor":41.0,"gold_loss":0.0,"damage_taken":0.0},{"cards_removed":["Defend_P"],"damage_healed":0.0,"max_hp_gain":0.0,"max_hp_loss":0.0,"gold_gain":0.0,"event_name":"NoteForYourself","player_choice":"Took Card","floor":48.0,"gold_loss":0.0,"damage_taken":0.0,"cards_obtained":["Iron Wave"]}],"is_beta":false,"boss_relics":[{"not_picked":["Velvet Choker","Empty Cage"],"picked":"Tiny House"},{"not_picked":["Runic Pyramid","Sozu"],"picked":"Calling Bell"}],"items_purged_floors":[22,45],"is_endless":false,"potions_floor_spawned":[7,8,16,23,28,31,33,35,38,42,46],"ascension_level":0}}