{"host":"0m7uut7ws4kj19nt","time":1609848556,"event":{"mods":["AchievementEnabler","BaseMod","Minty Spire (QoL Compilation)","Replay The Spire","StSLib","The Cursed","The Necromancer"],"gold_per_floor":[119,46,127,127,147,174,174,206,257,257,288,288,320,339,339,444,544,561,561,486,486,510,510,538,557,557,587,603,615,625,650,650,745,745,759,770,820,521,536,566,579,606,606,637,637,637,665,665,665,665],"floor_reached":51,"playtime":2644,"items_purged":["Strike_G"],"score":1324,"play_id":"91f99947-09a2-47b7-b196-16232d824183","local_time":"20210105190916","is_ascension_mode":true,"campfire_choices":[{"data":"Neutralize","floor":7.0,"key":"SMITH"},{"data":"Footwork","floor":10.0,"key":"SMITH"},{"data":"A Thousand Cuts","floor":12.0,"key":"SMITH"},{"data":"Glass Knife","floor":23.0,"key":"SMITH"},{"data":"ReplayTheSpireMod:Speed Training","floor":32,"key":"SMITH"},{"data":"Calculated Gamble","floor":45,"key":"SMITH"},{"data":"ReplayTheSpireMod:Speed Training","floor":49,"key":"SMITH"}],"circlet_count":0,"master_deck":["Strike_G+1","Strike_G","Defend_G","Defend_G","Defend_G+1","Survivor","Neutralize+1","Footwork+1","ReplayTheSpireMod:Speed Training+1","Dash","Finisher+1","A Thousand Cuts+1","Glass Knife+1","Tools of the Trade","Blade Dance+1","Deflect+1","Unload","Well Laid Plans+1","Footwork+1","ReplayTheSpireMod:Scrap Shanks+1","Flechettes","Calculated Gamble+1","Infinite Blades","ReplayTheSpireMod:Speed Training+1","Malaise","Finesse","ReplayTheSpireMod:Speed Training+1"],"relics":["Painkiller Herb","Bag of Marbles","Tingsha","Potion Belt","Bag of Preparation","Simple Rune","Replay:Grab Bag","ChewingGum","Replay:Wanted Poster","Replay:Drink Me","Ancient Tea Set","Juzu Bracelet","Snack Pack","InkBottle","PreservedInsect","WristBlade","Thread and Needle","Strange Spoon","CaptainsWheel","Smiling Mask","Strawberry"],"acts_visited":["Exordium","TheCity","TheBeyond"],"potions_floor_usage":[33,44,50,50],"damage_taken":[{"damage":0.0,"enemies":"2 Louse","floor":1.0,"turns":3.0},{"damage":0.0,"enemies":"Small Slimes","floor":5.0,"turns":4.0},{"damage":22.0,"enemies":"3 Sentries","floor":6.0,"turns":12.0},{"damage":3.0,"enemies":"Lagavulin","floor":8.0,"turns":10.0},{"damage":11.0,"enemies":"3 Sentries","floor":11.0,"turns":10.0},{"damage":12.0,"enemies":"Gremlin Nob","floor":13.0,"turns":3.0},{"damage":0.0,"enemies":"Jaw Worm","floor":14.0,"turns":2.0},{"damage":26.0,"enemies":"Hexaghost","floor":16.0,"turns":12.0},{"damage":0.0,"enemies":"Shell Parasite","floor":18.0,"turns":3.0},{"damage":0.0,"enemies":"Book of Stabbing","floor":24.0,"turns":4.0},{"damage":0.0,"enemies":"Spheric Guardian","floor":25.0,"turns":2.0},{"damage":9.0,"enemies":"Slavers","floor":27.0,"turns":3.0},{"damage":6.0,"enemies":"Snake Plant","floor":28.0,"turns":3.0},{"damage":0.0,"enemies":"Shelled Parasite and Fungi","floor":29.0,"turns":4.0},{"damage":1.0,"enemies":"Centurion and Healer","floor":30.0,"turns":4.0},{"damage":0,"enemies":"Book of Stabbing","floor":31,"turns":3},{"damage":4,"enemies":"Automaton","floor":33,"turns":7},{"damage":9,"enemies":"3 Darklings","floor":35,"turns":3},{"damage":0,"enemies":"3 Shapes","floor":36,"turns":1},{"damage":0,"enemies":"Mind Bloom Boss Battle","floor":37,"turns":7},{"damage":0,"enemies":"Sphere and 2 Shapes","floor":39,"turns":3},{"damage":0,"enemies":"Reptomancer","floor":40,"turns":1},{"damage":0,"enemies":"Jaw Worm Horde","floor":41,"turns":2},{"damage":0,"enemies":"Giant Head","floor":42,"turns":4},{"damage":0,"enemies":"R_Hoarder","floor":44,"turns":3},{"damage":0,"enemies":"Giant Head","floor":47,"turns":3},{"damage":0,"enemies":"Awakened One","floor":50,"turns":9}],"seed_played":"-121351451478899096","potions_obtained":[{"floor":1.0,"key":"FearPotion"},{"floor":5.0,"key":"BlessingOfTheForge"},{"floor":11.0,"key":"Reflective Coating"},{"floor":16.0,"key":"Dexterity Potion"},{"floor":18.0,"key":"Block Potion"},{"floor":28.0,"key":"Death Potion"},{"floor":31,"key":"Block Potion"},{"floor":33,"key":"FearPotion"},{"floor":37,"key":"DistilledChaos"},{"floor":39,"key":"SteroidPotion"},{"floor":44,"key":"Reflective Coating"}],"is_trial":false,"path_per_floor":["?","T","?","?","?","E","T","E","T","T","E","T","E","?","T","B",null,"?","?","?","T","T","T","E","?","T","E","?","?","?","E","T","B",null,"?","?","?","T","?","E","?","E","T","E","T","?","E","?","T","B",null],"character_chosen":"THE_SILENT","items_purchased":["ReplayTheSpireMod:Speed Training","Strange Spoon","Flechettes"],"campfire_rested":0,"item_purchase_floors":[2,38,38],"current_hp_per_floor":[70,70,42,65,65,43,43,40,40,40,29,29,17,17,38,12,43,43,35,35,35,35,35,35,35,35,30,26,30,33,39,39,53,57,49,53,58,58,58,58,58,58,58,65,65,65,65,65,65,65],"gold":665,"neow_bonus":"BOSS_RELIC","is_daily":false,"chose_seed":false,"campfire_upgraded":7,"win_rate":0.0,"timestamp":1609848556,"path_taken":["?","T","?","?","?","E","T","E","T","T","E","T","E","?","T","BOSS","?","?","?","T","?","T","E","?","T","E","?","?","?","E","T","BOSS","?","?","?","T","?","E","?","E","T","E","T","?","E","?","T","BOSS"],"items_purchased_type":["Card","Relic","Card"],"build_version":"2020-12-22","purchased_purges":1,"victory":true,"max_hp_per_floor":[70,70,70,70,70,70,70,70,70,70,70,70,70,70,70,70,53,53,58,58,58,58,58,58,58,58,58,58,58,58,58,58,58,58,58,58,58,58,58,58,58,58,58,65,65,65,65,65,65,65],"card_choices":[{"not_picked":["Dagger Spray","Slice"],"picked":"Footwork","floor":1.0},{"not_picked":["Accuracy","Expertise"],"picked":"Dash","floor":3.0},{"not_picked":["Flechettes","ReplayTheSpireMod:Tripwire"],"picked":"Finisher","floor":5.0},{"not_picked":["Wraith Form v2","Deflect","Bouncing Flask"],"picked":"SKIP","floor":6.0},{"not_picked":["Backflip","Blade Dance","Poisoned Stab"],"picked":"SKIP","floor":8.0},{"not_picked":["Cloak And Dagger","Outmaneuver"],"picked":"A Thousand Cuts","floor":11.0},{"not_picked":["Finisher","Hidden Blade","Caltrops"],"picked":"SKIP","floor":13.0},{"not_picked":["Deflect","Hidden Blade","Dagger Throw"],"picked":"SKIP","floor":14.0},{"not_picked":["ReplayTheSpireMod:Necrosis","Corpse Explosion"],"picked":"Glass Knife","floor":16.0},{"not_picked":["Flying Knee","Deflect","Poisoned Stab+1"],"picked":"SKIP","floor":18.0},{"not_picked":["Cloak And Dagger","Flying Knee","Skewer+1"],"picked":"SKIP","floor":24.0},{"not_picked":["Hidden Blade","PiercingWail","Cloak And Dagger"],"picked":"SKIP","floor":25.0},{"not_picked":["Backflip","Choke"],"picked":"Tools of the Trade","floor":27.0},{"not_picked":["Acrobatics","Skewer+1","Dodge and Roll"],"picked":"SKIP","floor":28.0},{"not_picked":["Backstab","Sneak Up"],"picked":"Backflip+1","floor":29.0},{"not_picked":["Bane+1","Poisoned Stab"],"picked":"Blade Dance+1","floor":30.0},{"not_picked":["Bouncing Flask+1","Quick Slash"],"picked":"Deflect+1","floor":31},{"not_picked":["Envenom","Die Die Die"],"picked":"Unload","floor":33},{"not_picked":["Outmaneuver+1","Fluid Movement"],"picked":"Well Laid Plans+1","floor":35},{"not_picked":["Flying Knee","Hidden Blade"],"picked":"Footwork+1","floor":36},{"not_picked":["Sucker Punch","Dagger Spray"],"picked":"ReplayTheSpireMod:Scrap Shanks+1","floor":37},{"not_picked":["PiercingWail+1","Caltrops"],"picked":"Calculated Gamble","floor":39},{"not_picked":["Doppelganger","Glass Knife"],"picked":"Infinite Blades","floor":40},{"not_picked":["Sucker Punch","Underhanded Strike+1"],"picked":"ReplayTheSpireMod:Speed Training","floor":41},{"not_picked":["ReplayTheSpireMod:Necrosis","Deadly Poison+1","Backflip"],"picked":"SKIP","floor":42},{"not_picked":["Blade Dance","Distraction+1"],"picked":"Malaise","floor":44},{"not_picked":["Violence","Swift Strike"],"picked":"Finesse","floor":46},{"not_picked":["Underhanded Strike","Riddle With Holes"],"picked":"ReplayTheSpireMod:Speed Training+1","floor":47}],"player_experience":131224,"relics_obtained":[{"floor":6.0,"key":"Bag of Marbles"},{"floor":8.0,"key":"Tingsha"},{"floor":9.0,"key":"Potion Belt"},{"floor":11.0,"key":"Bag of Preparation"},{"floor":13.0,"key":"Simple Rune"},{"floor":22.0,"key":"Ancient Tea Set"},{"floor":24.0,"key":"Juzu Bracelet"},{"floor":26.0,"key":"Snack Pack"},{"floor":27.0,"key":"InkBottle"},{"floor":31,"key":"PreservedInsect"},{"floor":37,"key":"Thread and Needle"},{"floor":40,"key":"CaptainsWheel"},{"floor":42,"key":"Smiling Mask"},{"floor":44,"key":"Strawberry"}],"event_choices":[{"damage_healed":23.0,"max_hp_gain":0.0,"max_hp_loss":0.0,"gold_gain":0.0,"event_name":"Big Fish","player_choice":"Banana","floor":4.0,"gold_loss":0.0,"damage_taken":0.0},{"damage_healed":0.0,"max_hp_gain":5.0,"max_hp_loss":0.0,"gold_gain":0.0,"event_name":"Forgotten Altar","player_choice":"Shed Blood","floor":19.0,"gold_loss":0.0,"damage_taken":13.0},{"cards_removed":["Strike_G"],"damage_healed":0.0,"max_hp_gain":0.0,"max_hp_loss":0.0,"gold_gain":0.0,"event_name":"Beggar","player_choice":"Gave Gold","floor":20.0,"gold_loss":75.0,"damage_taken":0.0},{"damage_healed":0,"gold_gain":0,"player_choice":"Fight","damage_taken":0,"max_hp_gain":0,"max_hp_loss":0,"event_name":"MindBloom","floor":37,"gold_loss":0},{"damage_healed":0,"gold_gain":0,"player_choice":"Memory 1","damage_taken":0,"max_hp_gain":0,"max_hp_loss":0,"event_name":"SensoryStone","floor":46,"gold_loss":0},{"cards_removed":["Backflip"],"damage_healed":0,"gold_gain":0,"player_choice":"Removed Skill","damage_taken":0,"max_hp_gain":0,"max_hp_loss":0,"event_name":"Falling","floor":48,"gold_loss":0}],"is_beta":false,"boss_relics":[{"not_picked":["Sozu","Snecko Eye"],"picked":"Replay:Grab Bag"},{"not_picked":["Replay:Bronze Core","Coffee Dripper"],"picked":"ChewingGum"},{"not_picked":["Ectoplasm","Philosopher\u0027s Stone"],"picked":"Replay:Wanted Poster"},{"not_picked":["SlaversCollar","Ring of Chaos"],"picked":"Replay:Drink Me"},{"not_picked":["Replay:Ancient Bell","Velvet Choker"],"picked":"WristBlade"}],"items_purged_floors":[38],"is_endless":false,"potions_floor_spawned":[1,5,11,16,18,28,31,33,37,39,41,44],"ascension_level":5}}