{"host":"ewfe3cr33ktd9xzj","time":1609828959,"event":{"mods":["AchievementEnabler","BaseMod","Colored Map","Custom Start","DeckTracker","Minty Spire (QoL Compilation)","Rare Cards Sparkle","StSLib","everything is the same but u backflip on backflip"],"gold_per_floor":[119,129,129,129,129,160,179,213,213,213,213,213,213,253,253,348,348,363,11,26,26,26,26],"floor_reached":22,"playtime":420,"items_purged":["Strike_B"],"score":450,"play_id":"b635464b-00e7-41d1-8449-c131c5d266ee","local_time":"20210105154239","is_ascension_mode":true,"campfire_choices":[{"floor":10.0,"key":"REST"},{"data":"Consume","floor":13.0,"key":"SMITH"},{"data":"Darkness","floor":15.0,"key":"SMITH"}],"circlet_count":0,"master_deck":["AscendersBane","Strike_B","Defend_B","Defend_B","Defend_B","Defend_B","Zap","Dualcast","Sweeping Beam+1","Rip and Tear+1","Consume+1","Loop","Darkness+1","Core Surge+1","Rebound+1","Self Repair","Dualcast"],"relics":["Cracked Core","NeowsBlessing","Molten Egg 2","Golden Idol","Symbiotic Virus","Shovel","Shuriken","Dream Catcher","Runic Pyramid","Tiny Chest"],"acts_visited":["Exordium","TheCity"],"potions_floor_usage":[16],"damage_taken":[{"damage":0.0,"enemies":"Jaw Worm","floor":1.0,"turns":1.0},{"damage":0.0,"enemies":"2 Louse","floor":2.0,"turns":1.0},{"damage":0.0,"enemies":"3 Sentries","floor":6.0,"turns":2.0},{"damage":5.0,"enemies":"Small Slimes","floor":7.0,"turns":3.0},{"damage":20.0,"enemies":"Lagavulin","floor":8.0,"turns":6.0},{"damage":30.0,"enemies":"3 Sentries","floor":14.0,"turns":5.0},{"damage":15,"enemies":"Slime Boss","floor":16,"turns":7},{"damage":8,"enemies":"Chosen","floor":18,"turns":4},{"damage":26,"enemies":"3 Byrds","floor":20,"turns":4},{"damage":18,"enemies":"Centurion and Healer","floor":22,"turns":2}],"seed_played":"8425451459543047561","potions_obtained":[{"floor":2.0,"key":"SteroidPotion"},{"floor":16,"key":"DuplicationPotion"}],"is_trial":false,"path_per_floor":["M","M","?","?","?","E","M","E","T","R","?","?","R","E","R","B",null,"M","$","M","?","M"],"character_chosen":"DEFECT","items_purchased":["Rebound+1","Self Repair","Tiny Chest"],"campfire_rested":1,"item_purchase_floors":[19,19,19],"current_hp_per_floor":[64,64,59,35,28,28,23,3,3,24,24,47,47,17,17,2,54,46,46,27,27,9,9],"gold":26,"neow_bonus":"THREE_ENEMY_KILL","is_daily":false,"chose_seed":false,"campfire_upgraded":2,"win_rate":0.0,"timestamp":1609828959,"path_taken":["M","M","?","?","?","E","?","E","T","R","?","?","R","E","R","BOSS","M","$","M","?","M"],"items_purchased_type":["Card","Card","Relic"],"build_version":"2020-12-22","purchased_purges":1,"victory":false,"max_hp_per_floor":[71,71,71,71,71,71,71,71,71,71,71,71,71,71,71,71,71,71,71,71,71,71,71],"card_choices":[{"not_picked":["Rip and Tear","Rebound"],"picked":"Sweeping Beam","floor":1.0},{"not_picked":["Leap","Blizzard"],"picked":"Sweeping Beam","floor":2.0},{"not_picked":["Capacitor","Aggregate"],"picked":"Sweeping Beam+1","floor":6.0},{"not_picked":["Leap","Lockon+1"],"picked":"Rip and Tear+1","floor":7.0},{"not_picked":["Cold Snap+1","Conserve Battery"],"picked":"Consume","floor":8.0},{"not_picked":["Tempest","Barrage+1"],"picked":"Darkness","floor":14.0},{"not_picked":["Buffer","Thunder Strike+1"],"picked":"Core Surge+1","floor":16},{"not_picked":["Steam+1","Force Field","Storm"],"picked":"SKIP","floor":18},{"not_picked":["Go for the Eyes+1","Chaos","Beam Cell+1"],"picked":"SKIP","floor":20}],"player_experience":19096,"relics_obtained":[{"floor":6.0,"key":"Symbiotic Virus"},{"floor":8.0,"key":"Shovel"},{"floor":9.0,"key":"Shuriken"},{"floor":14.0,"key":"Dream Catcher"}],"event_choices":[{"damage_healed":0.0,"max_hp_gain":0.0,"max_hp_loss":0.0,"gold_gain":0.0,"event_name":"Scrap Ooze","player_choice":"Success","floor":3.0,"gold_loss":0.0,"damage_taken":5.0,"relics_obtained":["Molten Egg 2"]},{"damage_healed":0.0,"max_hp_gain":0.0,"max_hp_loss":0.0,"gold_gain":0.0,"event_name":"Golden Idol","player_choice":"Take Damage","floor":4.0,"gold_loss":0.0,"damage_taken":24.0,"relics_obtained":["Golden Idol"]},{"cards_removed":["Strike_B"],"damage_healed":0.0,"max_hp_gain":0.0,"max_hp_loss":0.0,"gold_gain":0.0,"event_name":"Golden Wing","player_choice":"Card Removal","floor":5.0,"gold_loss":0.0,"damage_taken":7.0},{"damage_healed":0.0,"max_hp_gain":0.0,"max_hp_loss":0.0,"gold_gain":0.0,"cards_transformed":["Strike_B"],"event_name":"Living Wall","player_choice":"Change","floor":11.0,"gold_loss":0.0,"damage_taken":0.0,"cards_obtained":["Loop"]},{"damage_healed":23.0,"max_hp_gain":0.0,"max_hp_loss":0.0,"gold_gain":0.0,"event_name":"Big Fish","player_choice":"Banana","floor":12.0,"gold_loss":0.0,"damage_taken":0.0},{"damage_healed":0,"gold_gain":0,"player_choice":"Copied","damage_taken":0,"max_hp_gain":0,"max_hp_loss":0,"event_name":"Duplicator","floor":21,"gold_loss":0,"cards_obtained":["Dualcast"]}],"is_beta":false,"boss_relics":[{"not_picked":["Nuclear Battery","Fusion Hammer"],"picked":"Runic Pyramid"}],"items_purged_floors":[19],"is_endless":false,"potions_floor_spawned":[2,16],"killed_by":"Centurion and Healer","ascension_level":20}}