{"host":"sz8c8ni79nvzjmmg","time":1609860932,"event":{"mods":["AchievementEnabler","BaseMod","DeckTracker","Keyboard Shortcuts","Minty Spire (QoL Compilation)","SuperFastMode"],"gold_per_floor":[114,114,264,264,264,299,299,341,341,341,364,404,427,281,281,386,386,413,435,485,57,80,80,96,129,174,202,232,232,83,173,173,262,262,286,302,103,131,81,81,31,65,65,109,139,157,107,132,132,132,132,132,132,1,1,1],"floor_reached":55,"playtime":2011,"items_purged":["Strike_R","Strike_R","Strike_R","Strike_R","Strike_R","Defend_R","Hemokinesis+1","Bash+1"],"score":1955,"play_id":"5175af0d-fd68-49eb-9787-fdc427b1847e","local_time":"20210106003532","is_ascension_mode":true,"campfire_choices":[{"data":"Hemokinesis","floor":7.0,"key":"SMITH"},{"data":"Blood for Blood","floor":10.0,"key":"SMITH"},{"data":"Bash","floor":15.0,"key":"SMITH"},{"data":"Armaments","floor":23.0,"key":"SMITH"},{"data":"Dual Wield","floor":29.0,"key":"SMITH"},{"floor":32,"key":"REST"},{"floor":40,"key":"RECALL"},{"floor":49,"key":"REST"},{"floor":53,"key":"REST"}],"circlet_count":0,"master_deck":["AscendersBane","Defend_R","Defend_R","Defend_R","Fire Breathing+1","Blood for Blood+1","Second Wind","Battle Trance","Rupture+1","Brutality+1","Armaments+1","Dual Wield+1","Shrug It Off+1","Feel No Pain+1","Flash of Steel","Reaper","Disarm","Barricade+1","True Grit+1","Dark Embrace+1"],"relics":["Burning Blood","NeowsBlessing","Golden Idol","Oddly Smooth Stone","Frozen Egg 2","CeramicFish","Eternal Feather","Runic Pyramid","Gambling Chip","Blue Candle","Smiling Mask","Fusion Hammer","Ornamental Fan","Bottled Tornado","Kunai"],"acts_visited":["Exordium","TheCity","TheBeyond","TheEnding"],"potions_floor_usage":[38,38,51,55],"damage_taken":[{"damage":0.0,"enemies":"Small Slimes","floor":1.0,"turns":1.0},{"damage":0.0,"enemies":"3 Sentries","floor":6.0,"turns":1.0},{"damage":0.0,"enemies":"Lagavulin","floor":8.0,"turns":1.0},{"damage":2.0,"enemies":"Jaw Worm","floor":11.0,"turns":1.0},{"damage":34.0,"enemies":"Gremlin Nob","floor":12.0,"turns":4.0},{"damage":2.0,"enemies":"2 Louse","floor":13.0,"turns":2.0},{"damage":32.0,"enemies":"Hexaghost","floor":16.0,"turns":6.0},{"damage":4.0,"enemies":"Spheric Guardian","floor":18.0,"turns":3.0},{"damage":23.0,"enemies":"3 Byrds","floor":19.0,"turns":5.0},{"damage":5.0,"enemies":"Centurion and Healer","floor":22.0,"turns":4.0},{"damage":4.0,"enemies":"Sentry and Sphere","floor":24.0,"turns":3.0},{"damage":57.0,"enemies":"Gremlin Leader","floor":25.0,"turns":5.0},{"damage":6.0,"enemies":"Cultist and Chosen","floor":27.0,"turns":4.0},{"damage":6.0,"enemies":"3 Cultists","floor":28.0,"turns":4.0},{"damage":33,"enemies":"Collector","floor":33,"turns":6},{"damage":3,"enemies":"Orb Walker","floor":35,"turns":3},{"damage":15,"enemies":"3 Darklings","floor":36,"turns":3},{"damage":54,"enemies":"Transient","floor":38,"turns":6},{"damage":44,"enemies":"Nemesis","floor":42,"turns":7},{"damage":52,"enemies":"Giant Head","floor":44,"turns":6},{"damage":21,"enemies":"Jaw Worm Horde","floor":45,"turns":5},{"damage":25,"enemies":"Sphere and 2 Shapes","floor":46,"turns":6},{"damage":7,"enemies":"Maw","floor":48,"turns":6},{"damage":62,"enemies":"Time Eater","floor":50,"turns":9},{"damage":166,"enemies":"Awakened One","floor":51,"turns":11},{"damage":107,"enemies":"Shield and Spear","floor":55,"turns":6}],"seed_played":"7350750587609303678","potions_obtained":[{"floor":1.0,"key":"PowerPotion"},{"floor":12.0,"key":"EssenceOfSteel"},{"floor":18.0,"key":"Weak Potion"},{"floor":25.0,"key":"LiquidMemories"},{"floor":33,"key":"LiquidMemories"},{"floor":42,"key":"Swift Potion"},{"floor":46,"key":"SteroidPotion"}],"is_trial":false,"path_per_floor":["M","?","?","?","T","E","R","E","T","R","M","E","M","$","R","B",null,"M","M","?","$","M","R","M","E","T","M","M","R","$","?","R","B",null,"M","M","$","M","$","R","$","E","T","E","M","M","$","M","R","B","B",null,"R","$","E"],"character_chosen":"IRONCLAD","items_purchased":["Rupture+1","Gambling Chip","Flash of Steel","Reaper","Dark Embrace+1"],"campfire_rested":3,"item_purchase_floors":[14,21,30,37,54],"current_hp_per_floor":[74,48,48,48,48,54,54,60,60,60,64,36,40,40,49,23,62,64,47,47,47,48,57,59,8,8,8,8,20,20,2,36,9,59,62,53,53,75,75,75,75,75,75,75,75,71,71,75,75,75,75,75,75,75,0,0],"gold":1,"neow_bonus":"THREE_ENEMY_KILL","is_daily":false,"chose_seed":false,"campfire_upgraded":5,"win_rate":0.0,"timestamp":1609860932,"path_taken":["M","?","?","?","?","E","R","E","T","R","M","E","?","$","R","BOSS","M","?","?","$","M","R","M","E","T","M","M","R","$","?","R","BOSS","M","?","$","M","?","R","$","E","T","E","M","M","$","M","R","BOSS","BOSS","R","$","E"],"items_purchased_type":["Card","Relic","Card","Card","Card"],"build_version":"2020-12-22","purchased_purges":8,"victory":false,"max_hp_per_floor":[75,75,75,75,75,75,75,75,75,75,75,75,75,75,75,75,75,75,75,75,75,75,75,75,75,75,75,75,75,75,75,75,75,75,75,75,75,75,75,75,75,75,75,75,75,75,75,75,75,75,75,75,75,75,75,75],"card_choices":[{"not_picked":["Wild Strike","Heavy Blade"],"picked":"Hemokinesis","floor":1.0},{"not_picked":["Perfected Strike","Sentinel"],"picked":"Fire Breathing+1","floor":6.0},{"not_picked":["Thunderclap","Battle Trance"],"picked":"Blood for Blood","floor":8.0},{"not_picked":["Clash","Wild Strike"],"picked":"Second Wind","floor":11.0},{"not_picked":["Clothesline","Impervious","Perfected Strike"],"picked":"SKIP","floor":12.0},{"not_picked":["Flex","Sword Boomerang"],"picked":"Battle Trance","floor":13.0},{"not_picked":["Berserk+1","Impervious"],"picked":"Brutality+1","floor":16.0},{"not_picked":["Body Slam","Rupture+1"],"picked":"Armaments","floor":18.0},{"not_picked":["Hemokinesis","Clothesline"],"picked":"Dual Wield","floor":19.0},{"not_picked":["Blood for Blood","Clash","Havoc"],"picked":"SKIP","floor":22.0},{"not_picked":["Warcry","Rampage","Body Slam"],"picked":"SKIP","floor":24.0},{"not_picked":["Flex","Clash+1","Limit Break"],"picked":"SKIP","floor":25.0},{"not_picked":["Twin Strike","Warcry"],"picked":"Shrug It Off+1","floor":27.0},{"not_picked":["Sentinel","Twin Strike"],"picked":"Feel No Pain+1","floor":28.0},{"not_picked":["Iron Wave","Armaments+1","Sentinel"],"picked":"SKIP","floor":35},{"not_picked":["Disarm","Carnage","Intimidate"],"picked":"SKIP","floor":36},{"not_picked":["Wild Strike","Flex"],"picked":"Disarm","floor":38},{"not_picked":["Wild Strike","Body Slam","Dropkick+1"],"picked":"SKIP","floor":42},{"not_picked":["Pommel Strike","Spot Weakness+1"],"picked":"Barricade+1","floor":44},{"not_picked":["Searing Blow","Shrug It Off+1"],"picked":"True Grit+1","floor":45},{"not_picked":["Anger","Cleave","Clothesline"],"picked":"SKIP","floor":46},{"not_picked":["Wild Strike+1","Heavy Blade","Havoc"],"picked":"SKIP","floor":48}],"player_experience":1221755,"relics_obtained":[{"floor":5.0,"key":"Oddly Smooth Stone"},{"floor":6.0,"key":"Frozen Egg 2"},{"floor":8.0,"key":"CeramicFish"},{"floor":12.0,"key":"Eternal Feather"},{"floor":25.0,"key":"Blue Candle"},{"floor":26.0,"key":"Smiling Mask"},{"floor":42,"key":"Ornamental Fan"},{"floor":43,"key":"Bottled Tornado"},{"floor":44,"key":"Kunai"}],"event_choices":[{"damage_healed":0.0,"max_hp_gain":0.0,"max_hp_loss":0.0,"gold_gain":0.0,"event_name":"Golden Idol","player_choice":"Take Damage","floor":2.0,"gold_loss":0.0,"damage_taken":26.0,"relics_obtained":["Golden Idol"]},{"damage_healed":0.0,"max_hp_gain":0.0,"max_hp_loss":0.0,"gold_gain":150.0,"event_name":"Liars Game","player_choice":"AGREE","floor":3.0,"gold_loss":0.0,"damage_taken":0.0,"cards_obtained":["Doubt"]},{"cards_removed":["Doubt"],"damage_healed":0.0,"max_hp_gain":0.0,"max_hp_loss":0.0,"gold_gain":0.0,"event_name":"Living Wall","player_choice":"Forget","floor":4.0,"gold_loss":0.0,"damage_taken":0.0},{"damage_healed":0.0,"max_hp_gain":0.0,"max_hp_loss":0.0,"gold_gain":50.0,"event_name":"Nest","player_choice":"Stole From Cult","floor":20.0,"gold_loss":0.0,"damage_taken":0.0},{"damage_healed":0,"gold_gain":90,"player_choice":"GOLD POTION ","damage_taken":18,"max_hp_gain":0,"max_hp_loss":0,"event_name":"Knowing Skull","floor":31,"potions_obtained":["Fire Potion"],"gold_loss":0,"cards_obtained":[]}],"is_beta":false,"boss_relics":[{"not_picked":["Busted Crown","Velvet Choker"],"picked":"Runic Pyramid"},{"not_picked":["Philosopher\u0027s Stone","Tiny House"],"picked":"Fusion Hammer"}],"items_purged_floors":[14,21,30,37,39,41,47,54],"is_endless":false,"potions_floor_spawned":[1,12,18,25,33,36,42,46],"killed_by":"Shield and Spear","ascension_level":20}}