{"host":"appz8zkad29u9482","time":1609887449,"event":{"mods":["2.2 Compatiblity","Act Like it!","Aspiration","BaseMod","Beaked The Cultist","Better Altar","Better Match","Better Note","Better Skull","Better Third Choice","BetterRewards","CapriCore","Conspire","Disable Question Mark Monsters","Energized Spire","Gensokyo","GifTheSpireLib","Gold Saver","Halation","Hermit","Hubris","Infinite Spire","Jedi Mod","Jorbs\u0027s Wanderer Trilogy","Koishi","Marisa????????","Minty Spire (QoL Compilation)","Permanent Neow","Reimu??????","Replay The Spire","Spicy Shops","StSLib","Strawberry Spire","Stuff the Spire","The Administrix","The Cursed","The Hierophant","The Immortal","The Marked","The Servant 0.9.4","yUi"],"gold_per_floor":[109,184,266,5,16,50,68,94,94,94,123,123,133,168,168,272,272,287,287,287,287,307,307,307,335,335,335,335,353,384,394,394,493,493,504,504,522,522,522,522,522,522],"floor_reached":41,"playtime":3790,"items_purged":[],"score":478,"play_id":"1ad1bc2c-74b9-4ee3-ae26-c714e57c191e","local_time":"20210105125729","is_ascension_mode":true,"campfire_choices":[{"floor":12,"key":"REST"},{"data":"strawberrySpire:AngeryBot","floor":15,"key":"SMITH"},{"floor":23,"key":"REST"},{"floor":28,"key":"REST"},{"floor":32,"key":"REST"},{"data":"StuffTheSpire:ShieldGenerator","floor":40,"key":"SMITH"}],"circlet_count":0,"master_deck":["Strike_B","Strike_B","Strike_B","Defend_B","Defend_B","Defend_B","Defend_B","Zap","Dualcast","strawberrySpire:AngeryBot+1","Gash","Gash","Skim","Pot Of Greed","Pot Of Greed","StuffTheSpire:ShieldGenerator+1","Coolheaded","Burn","strawberrySpire:SearchEngine","Rebound","Coolheaded","Seek","Gash","StuffTheSpire:WarGroove","Replay:Fractal Strike","Pot Of Greed","Dark Shackles+1","Rebound","Reprogram","Skim","hubris:DoWhile","Reinforced Body+1","conspire:Rain","hubris:NaturalOne"],"relics":["Cracked Core","Blue Candle","halation:PeacePiece","Lantern","Grinning Jar","Regal Pillow","StuffTheSpire:Rhapsscallions","aspiration:ChemicalBlood","Bottled Lightning","hubris:Backtick","Quantum Egg","jedi:zontanonomicon","HandDrill","energizedSpire:UnstableMolecules","aspiration:Stabinomicon","Blood Vial","Replay:PocketPolymizer","Runic Dome","hubris:Icosahedron","Ornamental Fan"],"acts_visited":["Exordium","TheCity","TheBeyond"],"potions_floor_usage":[11,13,14,22,22,25,30,30,30,33,33,33,35,37],"damage_taken":[{"damage":6,"enemies":"Jaw Worm","floor":1,"turns":4},{"damage":0,"enemies":"Cultist","floor":5,"turns":2},{"damage":13,"enemies":"Lagavulin","floor":6,"turns":5},{"damage":5,"enemies":"Small Slimes","floor":7,"turns":3},{"damage":3,"enemies":"Gremlin Nob","floor":8,"turns":4},{"damage":24,"enemies":"3 Sentries","floor":11,"turns":8},{"damage":5,"enemies":"3 Louse","floor":13,"turns":2},{"damage":27,"enemies":"Gremlin Nob","floor":14,"turns":7},{"damage":10,"enemies":"Hexaghost","floor":16,"turns":11},{"damage":3,"enemies":"Spheric Guardian","floor":18,"turns":4},{"damage":13,"enemies":"Shell Parasite","floor":22,"turns":4},{"damage":28,"enemies":"Book of Stabbing","floor":25,"turns":5},{"damage":0,"enemies":"3 Cultists","floor":29,"turns":5},{"damage":46,"enemies":"Slavers","floor":30,"turns":5},{"damage":3,"enemies":"Chosen and Byrds","floor":31,"turns":7},{"damage":39,"enemies":"Collector","floor":33,"turns":5},{"damage":23,"enemies":"3 Darklings","floor":35,"turns":5},{"damage":0,"enemies":"Orb Walker","floor":37,"turns":4},{"damage":64,"enemies":"4 Shapes","floor":41,"turns":3}],"seed_played":"6689301964113797036","potions_obtained":[{"floor":6,"key":"PotionOfCapacity"},{"floor":11,"key":"Explosive Potion"},{"floor":13,"key":"FocusPotion"},{"floor":22,"key":"Block Potion"},{"floor":22,"key":"PotionOfCapacity"},{"floor":31,"key":"jedi:wingpotion"},{"floor":33,"key":"AttackPotion"},{"floor":35,"key":"CultistPotion"},{"floor":35,"key":"Block Potion"}],"is_trial":false,"path_per_floor":["M","?","T","$","M","E","M","E","T","?","E","R","M","E","R","B",null,"M","?","?","?","M","R","AVR","E","T","?","R","M","E","M","R","B",null,"M","?","M","?","T","R","M"],"character_chosen":"DEFECT","items_purchased":["Gash","halation:PeacePiece","Lantern"],"campfire_rested":4,"item_purchase_floors":[4,4,4],"current_hp_per_floor":[69,58,58,58,58,45,40,37,40,40,16,54,49,22,22,12,78,75,55,36,20,7,45,45,17,17,17,55,57,13,12,50,13,78,55,55,57,57,57,57,0,0],"gold":522,"neow_bonus":"THREE_CARDS","is_daily":false,"chose_seed":false,"campfire_upgraded":2,"win_rate":0.0,"timestamp":1609887449,"path_taken":["M","?","?","$","?","E","M","E","T","?","E","R","M","E","R","BOSS","M","?","?","?","M","R","AVR","E","T","?","R","M","E","?","R","BOSS","M","?","M","?","?","R","?"],"items_purchased_type":["Card","Relic","Relic"],"build_version":"2020-12-22","purchased_purges":0,"victory":false,"max_hp_per_floor":[75,75,75,75,75,75,75,75,78,78,78,78,78,78,78,78,78,78,78,78,78,78,78,78,78,78,78,78,78,78,78,78,78,78,78,78,78,78,78,78,78,78],"card_choices":[{"not_picked":["Hologram","Redo"],"picked":"strawberrySpire:AngeryBot","floor":0},{"not_picked":["StuffTheSpire:NuclearReactor","StuffTheSpire:Plugnplay"],"picked":"Gash","floor":1},{"not_picked":["Panic Button","Coolheaded"],"picked":"Skim","floor":5},{"not_picked":["StuffTheSpire:NuclearReactor","Streamline","Rip and Tear"],"picked":"SKIP","floor":6},{"not_picked":["jedi:blockon","Conserve Battery"],"picked":"StuffTheSpire:ShieldGenerator","floor":7},{"not_picked":["StuffTheSpire:NuclearReactor","BootSequence"],"picked":"Coolheaded","floor":8},{"not_picked":["jedi:sharpshooter","jedi:BurstLightning"],"picked":"strawberrySpire:SearchEngine","floor":11},{"not_picked":["jedi:BurstLightning","Tempest"],"picked":"Rebound","floor":13},{"not_picked":["ReplayTheSpireMod:GoodbyeWorld","Redo"],"picked":"Coolheaded","floor":14},{"not_picked":["hubris:Prefetch","Thunder Strike"],"picked":"Seek","floor":16},{"not_picked":["Stack","Sweeping Beam"],"picked":"Gash","floor":18},{"not_picked":["ReplayTheSpireMod:Chaos Vortex","ReplayTheSpireMod:Echoes of Time"],"picked":"Replay:Fractal Strike","floor":20},{"not_picked":["strawberrySpire:Adapter","StuffTheSpire:Plugnplay","Sweeping Beam"],"picked":"SKIP","floor":22},{"not_picked":["Sweeping Beam","strawberrySpire:Adapter+1","hubris:Ukulele"],"picked":"SKIP","floor":25},{"not_picked":["PanicButton+1","Swift Strike+1"],"picked":"Dark Shackles+1","floor":27},{"not_picked":["strawberrySpire:NeonFlight","ReplayTheSpireMod:Omega Cannon"],"picked":"Rebound","floor":29},{"not_picked":["ReplayTheSpireMod:Reroute Power","StuffTheSpire:CleanHardDrive+1"],"picked":"Reprogram","floor":30},{"not_picked":["strawberrySpire:HateBit","Stack"],"picked":"Skim","floor":31},{"not_picked":["jedi:BurstDark","Buffer"],"picked":"hubris:DoWhile","floor":33},{"not_picked":["strawberrySpire:Adapter","Streamline"],"picked":"Reinforced Body+1","floor":35},{"not_picked":["strawberrySpire:THEL","Stack+1"],"picked":"conspire:Rain","floor":37}],"player_experience":482864,"relics_obtained":[{"floor":3,"key":"Blue Candle"},{"floor":6,"key":"Grinning Jar"},{"floor":8,"key":"Regal Pillow"},{"floor":9,"key":"StuffTheSpire:Rhapsscallions"},{"floor":11,"key":"aspiration:ChemicalBlood"},{"floor":14,"key":"Bottled Lightning"},{"floor":21,"key":"jedi:zontanonomicon"},{"floor":25,"key":"aspiration:Stabinomicon"},{"floor":26,"key":"Blood Vial"},{"floor":30,"key":"Replay:PocketPolymizer"},{"floor":39,"key":"Ornamental Fan"}],"event_choices":[{"damage_healed":0,"gold_gain":75,"player_choice":"Gold","damage_taken":11,"max_hp_gain":0,"max_hp_loss":0,"event_name":"betterThird:BetterGoop","floor":2,"gold_loss":0},{"damage_healed":40,"gold_gain":0,"player_choice":"Embrace Burn","damage_taken":0,"max_hp_gain":0,"max_hp_loss":78,"event_name":"betterThird:BetterShining","floor":10,"gold_loss":0},{"damage_healed":0,"gold_gain":0,"player_choice":"Obtained Book","damage_taken":16,"max_hp_gain":0,"max_hp_loss":0,"event_name":"Cursed Tome","floor":21,"gold_loss":0},{"damage_healed":0,"gold_gain":0,"player_choice":"2","damage_taken":0,"max_hp_gain":0,"max_hp_loss":0,"event_name":"betterMatch:BetterMatch","floor":27,"gold_loss":0,"cards_obtained":["betterMatch:ColorlessUncommonCard"]},{"damage_healed":0,"gold_gain":0,"player_choice":"Ignored","damage_taken":0,"max_hp_gain":0,"max_hp_loss":0,"event_name":"Tomb of Lord Red Mask","floor":36,"gold_loss":0}],"is_beta":false,"boss_relics":[{"not_picked":["halation:PlatinumPhoenix","halation:LoveArrow"],"picked":"hubris:Backtick"},{"not_picked":["Tiny House","halation:CatFaceCupcake"],"picked":"Runic Dome"}],"items_purged_floors":[],"is_endless":false,"potions_floor_spawned":[6,11,13,22,31,33,35],"killed_by":"4 Shapes","ascension_level":1}}