{"host":"1u4zr9vl8my47i07","time":1609861781,"event":{"mods":["AchievementEnabler","BaseMod","DeckTracker","Highlight Path","Keyboard Shortcuts","Minty Spire (QoL Compilation)","Relic Stats","StSLib","SuperFastMode","The Animator","Uncapped","Waifu the Spire","everything is the same but u backflip on backflip"],"gold_per_floor":[115,128,30,30,30,56,70,70,94,110,120,137,137,147,147,242,242,255,267,267,111,129,2,20,120,120,131,156,166,177,8,8,107,107,122,122,135,155,155,155,187,206,261,274,35,35,135,150,150,150,150,150,39,70,70,70],"floor_reached":55,"playtime":3913,"items_purged":["Strike_G","Strike_G","Strike_G","Strike_G","Unload+1","Corpse Explosion+1"],"score":1251,"play_id":"fa100768-978d-4dd8-bd74-4d2b111aac45","local_time":"20210106004941","is_ascension_mode":true,"campfire_choices":[{"floor":13.0,"key":"REST"},{"data":"Dagger Spray","floor":15.0,"key":"SMITH"},{"floor":32.0,"key":"REST"},{"floor":40.0,"key":"DIG"},{"floor":46.0,"key":"DIG"},{"floor":49.0,"key":"RECALL"},{"floor":52.0,"key":"DIG"}],"circlet_count":0,"master_deck":["AscendersBane","Survivor","Neutralize+1","Dagger Throw","Dagger Spray+1","Quick Slash","Acrobatics+1","Deadly Poison+1","Crippling Poison+1","Backstab","Catalyst+1","CurseOfTheBell","Backflip+1","Catalyst+1","PiercingWail+1","Footwork","Blur+1","Calculated Gamble+1","Calculated Gamble+1","Tools of the Trade","Leg Sweep+1","Corpse Explosion+1","Terror+1","PiercingWail+1","Backflip+1","Deadly Poison+1","Terror+1","Night Terror+1","Concentrate+1","Well Laid Plans","Footwork","Prepared+1","Blur+1","Escape Plan+1"],"relics":["Ring of the Snake","NeowsBlessing","Toxic Egg 2","Smiling Mask","Vajra","Calling Bell","Akabeko","The Courier","Shovel","Molten Egg 2","Bag of Preparation","DollysMirror","Tough Bandages","Pandora\u0027s Box","Potion Belt","Girya","Mango","White Beast Statue","Strawberry"],"acts_visited":["Exordium","TheCity","TheBeyond","TheEnding"],"potions_floor_usage":[54,55],"damage_taken":[{"damage":0.0,"enemies":"Cultist","floor":1.0,"turns":1.0},{"damage":0.0,"enemies":"Jaw Worm","floor":2.0,"turns":1.0},{"damage":0.0,"enemies":"Gremlin Nob","floor":6.0,"turns":1.0},{"damage":7.0,"enemies":"Small Slimes","floor":7.0,"turns":3.0},{"damage":15.0,"enemies":"Exordium Thugs","floor":10.0,"turns":6.0},{"damage":10.0,"enemies":"Gremlin Gang","floor":11.0,"turns":4.0},{"damage":8.0,"enemies":"Large Slime","floor":12.0,"turns":5.0},{"damage":5.0,"enemies":"Exordium Thugs","floor":14.0,"turns":5.0},{"damage":21.0,"enemies":"Slime Boss","floor":16.0,"turns":6.0},{"damage":3.0,"enemies":"Chosen","floor":18.0,"turns":3.0},{"damage":6.0,"enemies":"Spheric Guardian","floor":19.0,"turns":3.0},{"damage":0.0,"enemies":"3 Cultists","floor":22.0,"turns":2.0},{"damage":18.0,"enemies":"Snake Plant","floor":24.0,"turns":4.0},{"damage":11.0,"enemies":"Snecko","floor":27.0,"turns":4.0},{"damage":7.0,"enemies":"Gremlin Leader","floor":28.0,"turns":3.0},{"damage":10.0,"enemies":"Centurion and Healer","floor":29.0,"turns":3.0},{"damage":8.0,"enemies":"Shelled Parasite and Fungi","floor":30.0,"turns":4.0},{"damage":0.0,"enemies":"Champ","floor":33.0,"turns":11.0},{"damage":0.0,"enemies":"3 Darklings","floor":35.0,"turns":3.0},{"damage":0.0,"enemies":"3 Shapes","floor":37.0,"turns":6.0},{"damage":0.0,"enemies":"Transient","floor":38.0,"turns":5.0},{"damage":9.0,"enemies":"Nemesis","floor":41.0,"turns":5.0},{"damage":10.0,"enemies":"Spire Growth","floor":42.0,"turns":2.0},{"damage":0.0,"enemies":"Sphere and 2 Shapes","floor":44.0,"turns":4.0},{"damage":1.0,"enemies":"Maw","floor":48.0,"turns":6.0},{"damage":2.0,"enemies":"Time Eater","floor":50.0,"turns":8.0},{"damage":47,"enemies":"Shield and Spear","floor":54,"turns":9},{"damage":45,"enemies":"The Heart","floor":55,"turns":9}],"seed_played":"-7216019622233863157","potions_obtained":[{"floor":1.0,"key":"ColorlessPotion"},{"floor":7.0,"key":"Poison Potion"},{"floor":12.0,"key":"Fire Potion"},{"floor":16.0,"key":"PowerPotion"},{"floor":28.0,"key":"ColorlessPotion"},{"floor":29.0,"key":"EssenceOfSteel"},{"floor":35.0,"key":"AttackPotion"},{"floor":41.0,"key":"Poison Potion"},{"floor":54,"key":"Energy Potion"}],"is_trial":false,"path_per_floor":["M","M","$","?","T","E","M","?","T","M","M","M","R","M","R","B",null,"M","M","?","$","M","$","M","?","T","M","E","M","M","$","R","B",null,"M","?","M","M","?","R","E","M","T","M","$","R","?","M","R","B",null,"R","$","E","B"],"character_chosen":"THE_SILENT","items_purchased":["Dagger Spray","PiercingWail+1","Footwork","Fruit Juice","DollysMirror","Well Laid Plans","Footwork","Prepared+1","Blur+1","Escape Plan+1"],"campfire_rested":2,"item_purchase_floors":[3,21,21,23,31,45,45,45,45,53],"current_hp_per_floor":[63,63,63,68,68,68,61,61,61,46,36,28,50,45,45,24,62,59,53,53,53,53,58,40,40,40,29,22,12,4,4,28,28,67,67,67,67,67,67,67,58,48,48,48,48,62,62,61,61,59,85,85,85,45,0,0],"gold":70,"neow_bonus":"THREE_ENEMY_KILL","is_daily":false,"chose_seed":false,"campfire_upgraded":1,"win_rate":0.0,"timestamp":1609861781,"path_taken":["M","M","$","?","?","E","M","?","T","M","?","?","R","M","R","BOSS","M","M","?","?","M","$","M","?","T","?","E","M","M","$","R","BOSS","M","?","M","?","?","R","E","?","T","M","$","R","?","M","R","BOSS","R","$","E","BOSS"],"items_purchased_type":["Card","Card","Card","Potion","Relic","Card","Card","Card","Card","Card"],"build_version":"2020-12-22","purchased_purges":6,"victory":false,"max_hp_per_floor":[70,70,70,75,75,75,75,75,75,75,75,75,75,75,75,75,75,75,75,75,75,75,80,80,80,80,80,80,80,80,80,80,80,80,80,80,80,80,80,80,80,80,80,80,80,94,94,94,94,94,94,94,94,101,101,101],"relic_stats":{"Tough Bandages":[840],"Shovel":3,"counters":[28,126],"Pandora\u0027s Box":["Leg Sweep","Storm of Steel","Corpse Explosion","Unload","Terror","Poisoned Stab"],"Bag of Preparation":[26],"Smiling Mask":350,"obtain_stats":[{"Potion Belt":40,"Girya":41,"NeowsBlessing":0,"Vajra":9,"Mango":46,"The Courier":17,"Bag of Preparation":28,"Smiling Mask":6,"Akabeko":17,"White Beast Statue":52,"Calling Bell":17,"Tough Bandages":33,"Shovel":17,"DollysMirror":31,"Strawberry":54,"Molten Egg 2":26,"Pandora\u0027s Box":34,"Toxic Egg 2":5,"Ring of the Snake":0},{"Potion Belt":21,"Girya":22,"NeowsBlessing":0,"Vajra":4,"Mango":24,"The Courier":9,"Bag of Preparation":15,"Smiling Mask":3,"Akabeko":9,"White Beast Statue":26,"Calling Bell":9,"Tough Bandages":18,"Shovel":9,"DollysMirror":17,"Strawberry":27,"Molten Egg 2":13,"Pandora\u0027s Box":18,"Toxic Egg 2":2,"Ring of the Snake":0},{"Potion Belt":83,"Girya":88,"NeowsBlessing":0,"Vajra":6,"Mango":94,"The Courier":32,"Bag of Preparation":51,"Smiling Mask":3,"Akabeko":32,"White Beast Statue":108,"Calling Bell":32,"Tough Bandages":59,"Shovel":32,"DollysMirror":58,"Strawberry":117,"Molten Egg 2":44,"Pandora\u0027s Box":69,"Toxic Egg 2":2,"Ring of the Snake":0}],"Ring of the Snake":[56]},"card_choices":[{"not_picked":["Predator","Choke","Distraction"],"picked":"SKIP","floor":1.0},{"not_picked":["Outmaneuver","Prepared"],"picked":"Dagger Throw","floor":2.0},{"not_picked":["Outmaneuver+1","Eviscerate"],"picked":"Quick Slash","floor":6.0},{"not_picked":["Sucker Punch","Bane"],"picked":"Acrobatics+1","floor":7.0},{"not_picked":["Blur+1","Finisher"],"picked":"Deadly Poison+1","floor":10.0},{"not_picked":["Dodge and Roll+1","Deflect+1"],"picked":"Crippling Poison+1","floor":11.0},{"not_picked":["Infinite Blades","Slice"],"picked":"Backstab","floor":12.0},{"not_picked":["Poisoned Stab","Caltrops"],"picked":"Catalyst+1","floor":14.0},{"not_picked":["Malaise+1","Die Die Die"],"picked":"Corpse Explosion+1","floor":16.0},{"not_picked":["Outmaneuver+1","Skewer","Dagger Spray"],"picked":"SKIP","floor":18.0},{"not_picked":["Skewer","Poisoned Stab"],"picked":"Backflip+1","floor":19.0},{"not_picked":["Flying Knee","Bane+1","Underhanded Strike"],"picked":"SKIP","floor":22.0},{"not_picked":["Envenom","Deflect+1","Blade Dance+1"],"picked":"SKIP","floor":24.0},{"not_picked":["Catalyst+1","Skewer+1","Deflect+1"],"picked":"SKIP","floor":27.0},{"not_picked":["Unload+1","Slice+1"],"picked":"Blur+1","floor":28.0},{"not_picked":["Dodge and Roll+1","Slice+1","Outmaneuver+1"],"picked":"SKIP","floor":29.0},{"not_picked":["Underhanded Strike+1","A Thousand Cuts"],"picked":"Calculated Gamble+1","floor":30.0},{"not_picked":["Unload+1","Malaise+1"],"picked":"Tools of the Trade","floor":33.0},{"not_picked":["Poisoned Stab+1","Deflect+1"],"picked":"PiercingWail+1","floor":35.0},{"not_picked":["Accuracy","Deflect+1"],"picked":"Backflip+1","floor":37.0},{"not_picked":["Flying Knee+1","Deflect+1"],"picked":"Deadly Poison+1","floor":38.0},{"not_picked":["Deadly Poison+1","Dagger Spray+1"],"picked":"Night Terror+1","floor":41.0},{"not_picked":["Masterful Stab+1","Setup+1"],"picked":"Concentrate+1","floor":42.0},{"not_picked":["All Out Attack+1","PiercingWail+1","Outmaneuver+1"],"picked":"SKIP","floor":44.0},{"not_picked":["Dagger Throw+1","Slice+1","Blade Dance+1"],"picked":"SKIP","floor":48.0},{"not_picked":["Deadly Poison+1","Concentrate+1","Underhanded Strike+1"],"picked":"SKIP","floor":54}],"player_experience":289201,"relics_obtained":[{"floor":5.0,"key":"Toxic Egg 2"},{"floor":6.0,"key":"Smiling Mask"},{"floor":9.0,"key":"Vajra"},{"floor":17.0,"key":"Akabeko"},{"floor":17.0,"key":"The Courier"},{"floor":17.0,"key":"Shovel"},{"floor":26.0,"key":"Molten Egg 2"},{"floor":28.0,"key":"Bag of Preparation"},{"floor":40.0,"key":"Potion Belt"},{"floor":41.0,"key":"Girya"},{"floor":46.0,"key":"Mango"},{"floor":52.0,"key":"White Beast Statue"},{"floor":54,"key":"Strawberry"}],"event_choices":[{"damage_healed":0.0,"max_hp_gain":5.0,"max_hp_loss":0.0,"gold_gain":0.0,"event_name":"Big Fish","player_choice":"Donut","floor":4.0,"gold_loss":0.0,"damage_taken":0.0},{"damage_healed":0.0,"max_hp_gain":0.0,"max_hp_loss":0.0,"gold_gain":0.0,"event_name":"Upgrade Shrine","player_choice":"Upgraded","floor":8.0,"gold_loss":0.0,"damage_taken":0.0,"cards_upgraded":["Neutralize"]},{"damage_healed":0.0,"max_hp_gain":0.0,"max_hp_loss":0.0,"gold_gain":0.0,"event_name":"Duplicator","player_choice":"Copied","floor":20.0,"gold_loss":0.0,"damage_taken":0.0,"cards_obtained":["Catalyst"]},{"damage_healed":0.0,"max_hp_gain":0.0,"max_hp_loss":0.0,"gold_gain":100.0,"event_name":"Golden Shrine","player_choice":"Pray","floor":25.0,"gold_loss":0.0,"damage_taken":0.0},{"cards_removed":["Storm of Steel"],"damage_healed":0.0,"max_hp_gain":0.0,"max_hp_loss":0.0,"gold_gain":0.0,"event_name":"Purifier","player_choice":"Purged","floor":36.0,"gold_loss":0.0,"damage_taken":0.0},{"damage_healed":0.0,"max_hp_gain":0.0,"max_hp_loss":0.0,"gold_gain":0.0,"cards_transformed":["Poisoned Stab"],"event_name":"Transmorgrifier","player_choice":"Transformed","floor":39.0,"gold_loss":0.0,"damage_taken":0.0,"cards_obtained":["Terror"]},{"damage_healed":0.0,"max_hp_gain":0.0,"max_hp_loss":0.0,"gold_gain":100.0,"event_name":"Golden Shrine","player_choice":"Pray","floor":47.0,"gold_loss":0.0,"damage_taken":0.0}],"is_beta":false,"boss_relics":[{"not_picked":["Busted Crown","Snecko Eye"],"picked":"Calling Bell"},{"not_picked":["Runic Dome","Black Star"],"picked":"Pandora\u0027s Box"}],"items_purged_floors":[3,21,23,31,45,53],"is_endless":false,"potions_floor_spawned":[1,7,12,16,18,28,29,35,41,54],"killed_by":"The Heart","ascension_level":11}}