{"host":"dh8vptmequbrae31","time":1609872488,"event":{"mods":["2.2 Compatiblity","AchievementEnabler","BaseMod","Colored Map","Evolution","Minty Spire (QoL Compilation)","Td1madao Mod"],"gold_per_floor":[119,47,47,47,47,47,64,93,93,123,123,139,172,188,188,291,291,305,12,12,31,41,41,72,82,82,101,127,142,142,172,172,271,271,285,300,300,300,300,300,328,328,328,355,385,399,399,421,421,421,421],"floor_reached":50,"playtime":6771,"items_purged":["Regret"],"score":869,"play_id":"ebd721f3-8617-46b7-a16b-f9e7b671918d","local_time":"20210105134808","is_ascension_mode":true,"campfire_choices":[{"data":"JustLucky","floor":6.0,"key":"SMITH"},{"data":"Perseverance","floor":15.0,"key":"SMITH"},{"floor":23.0,"key":"RECALL"},{"floor":30.0,"key":"REST"},{"floor":32.0,"key":"REST"},{"data":"ClearTheMind","floor":40,"key":"SMITH"},{"data":"Good Instincts","floor":42,"key":"SMITH"},{"floor":49,"key":"REST"}],"circlet_count":0,"master_deck":["SashWhip","CrushJoints+1","BowlingBash+1","FollowUp","ThirdEye+1","Defend_P","Defend_P","Eruption+1","Vigilance","Consecrate+1","PathToVictory+1","JustLucky+1","PathToVictory+1","Tantrum","Nirvana","CutThroughFate","Perseverance+1","LessonLearned","TalkToTheHand+1","Wallop+1","Crescendo+1","CarveReality+1","ClearTheMind+1","DeusExMachina","EmptyFist+1","Good Instincts+1","Nirvana+1","Study+1","CutThroughFate+1"],"relics":["PureWater","EVO:Axolotl","Matryoshka","HornCleat","Orichalcum","White Beast Statue","Bird Faced Urn","Shuriken","The Courier","Black Star","Whetstone","PreservedInsect","Gremlin Horn","Lantern","Ginger","Frozen Egg 2","Molten Egg 2","Potion Belt","Tiny Chest","Pantograph","Philosopher\u0027s Stone","StoneCalendar","Art of War","CeramicFish","Boot","Mercury Hourglass","Letter Opener"],"acts_visited":["Exordium","TheCity","TheBeyond"],"potions_floor_usage":[41,45,46,48,50,50,50],"damage_taken":[{"damage":0.0,"enemies":"Cultist","floor":1.0,"turns":2.0},{"damage":0.0,"enemies":"2 Louse","floor":7.0,"turns":1.0},{"damage":10.0,"enemies":"Gremlin Nob","floor":8.0,"turns":3.0},{"damage":20.0,"enemies":"3 Sentries","floor":10.0,"turns":5.0},{"damage":0.0,"enemies":"Small Slimes","floor":12.0,"turns":3.0},{"damage":0.0,"enemies":"Lagavulin","floor":13.0,"turns":3.0},{"damage":5.0,"enemies":"Looter","floor":14.0,"turns":4.0},{"damage":19.0,"enemies":"The Guardian","floor":16.0,"turns":6.0},{"damage":12.0,"enemies":"Spheric Guardian","floor":18.0,"turns":4.0},{"damage":3.0,"enemies":"Chosen","floor":21.0,"turns":4.0},{"damage":26.0,"enemies":"Centurion and Healer","floor":22.0,"turns":4.0},{"damage":3.0,"enemies":"Book of Stabbing","floor":24.0,"turns":5.0},{"damage":0.0,"enemies":"Snecko","floor":25.0,"turns":2.0},{"damage":18.0,"enemies":"Chosen and Byrds","floor":27.0,"turns":5.0},{"damage":8.0,"enemies":"Slavers","floor":28.0,"turns":3.0},{"damage":7.0,"enemies":"Cultist and Chosen","floor":29.0,"turns":8.0},{"damage":0.0,"enemies":"Book of Stabbing","floor":31.0,"turns":3.0},{"damage":22.0,"enemies":"Collector","floor":33.0,"turns":5.0},{"damage":0.0,"enemies":"Orb Walker","floor":35.0,"turns":3.0},{"damage":31,"enemies":"3 Shapes","floor":36,"turns":3},{"damage":7,"enemies":"Reptomancer","floor":41,"turns":4},{"damage":0,"enemies":"Transient","floor":44,"turns":5},{"damage":15,"enemies":"Nemesis","floor":45,"turns":3},{"damage":18,"enemies":"4 Shapes","floor":46,"turns":4},{"damage":1,"enemies":"Maw","floor":48,"turns":5},{"damage":107,"enemies":"Awakened One","floor":50,"turns":8}],"seed_played":"1672531367563185346","potions_obtained":[{"floor":8.0,"key":"ColorlessPotion"},{"floor":10.0,"key":"SteroidPotion"},{"floor":12.0,"key":"SteroidPotion"},{"floor":13.0,"key":"EssenceOfSteel"},{"floor":14.0,"key":"Ancient Potion"},{"floor":16.0,"key":"Fruit Juice"},{"floor":18.0,"key":"SpeedPotion"},{"floor":21.0,"key":"StancePotion"},{"floor":22.0,"key":"PowerPotion"},{"floor":24.0,"key":"FairyPotion"},{"floor":25.0,"key":"Ancient Potion"},{"floor":27.0,"key":"EntropicBrew"},{"floor":28.0,"key":"Weak Potion"},{"floor":29.0,"key":"SteroidPotion"},{"floor":31.0,"key":"Explosive Potion"},{"floor":33.0,"key":"SkillPotion"},{"floor":35.0,"key":"PowerPotion"},{"floor":36,"key":"StancePotion"},{"floor":41,"key":"Weak Potion"},{"floor":44,"key":"SkillPotion"},{"floor":45,"key":"Strength Potion"},{"floor":46,"key":"Energy Potion"},{"floor":48,"key":"BottledMiracle"}],"is_trial":false,"path_per_floor":["M","$","?","?","?","R","M","E","T","E","T","M","E","M","R","B",null,"M","$","?","M","M","R","E","M","T","M","E","M","R","E","R","B",null,"M","M","?","?","?","R","E","R","T","M","E","M","T","M","R","B"],"character_chosen":"WATCHER","items_purchased":["JustLucky","PathToVictory","Whetstone","PreservedInsect"],"campfire_rested":3,"item_purchase_floors":[2,2,19,19],"current_hp_per_floor":[72,72,72,72,72,72,72,62,62,42,42,44,44,41,41,29,77,65,65,65,64,38,38,37,37,37,21,13,8,31,33,56,59,77,77,48,48,48,48,48,45,45,45,49,38,26,26,29,52,0,0],"gold":421,"neow_bonus":"TRANSFORM_CARD","is_daily":false,"chose_seed":false,"campfire_upgraded":4,"win_rate":0.0,"timestamp":1609872488,"path_taken":["M","$","?","?","?","R","M","E","T","E","?","M","E","M","R","BOSS","M","$","?","M","M","R","E","?","T","M","E","M","R","E","R","BOSS","M","M","?","?","?","R","E","R","T","M","E","M","?","M","R","BOSS"],"items_purchased_type":["Card","Card","Relic","Relic"],"build_version":"2020-12-22","purchased_purges":1,"victory":false,"max_hp_per_floor":[72,72,72,72,72,72,72,72,72,72,72,72,72,72,72,77,77,77,77,77,77,77,77,77,77,77,77,77,77,77,77,77,77,77,77,77,77,77,77,77,77,77,77,77,77,77,77,77,77,77,77],"card_choices":[{"not_picked":["EmptyFist","Crescendo"],"picked":"PathToVictory","floor":1.0},{"not_picked":["WheelKick","ThirdEye"],"picked":"Tantrum","floor":7.0},{"not_picked":["SashWhip","ThirdEye"],"picked":"Nirvana","floor":8.0},{"not_picked":["Wireheading","Perseverance"],"picked":"CutThroughFate","floor":10.0},{"not_picked":["Prostrate","FlurryOfBlows","Wish"],"picked":"SKIP","floor":12.0},{"not_picked":["ThirdEye","Protect"],"picked":"Perseverance","floor":13.0},{"not_picked":["EmptyBody","FollowUp","SashWhip"],"picked":"SKIP","floor":14.0},{"not_picked":["Omniscience","Wish"],"picked":"LessonLearned","floor":16.0},{"not_picked":["CrushJoints","FollowUp"],"picked":"TalkToTheHand+1","floor":18.0},{"not_picked":["WreathOfFlame","PathToVictory+1","CutThroughFate"],"picked":"SKIP","floor":21.0},{"not_picked":["FearNoEvil+1","Crescendo"],"picked":"Wallop","floor":22.0},{"not_picked":["PathToVictory+1","MentalFortress"],"picked":"Crescendo+1","floor":24.0},{"not_picked":["Crescendo","FlyingSleeves"],"picked":"CarveReality+1","floor":25.0},{"not_picked":["WheelKick","Vengeance"],"picked":"ClearTheMind","floor":27.0},{"not_picked":["EmptyBody","ThirdEye"],"picked":"DeusExMachina","floor":28.0},{"not_picked":["Crescendo","Protect"],"picked":"EmptyFist+1","floor":29.0},{"not_picked":["CutThroughFate+1","Crescendo"],"picked":"Alpha","floor":31.0},{"not_picked":["PathToVictory","Crescendo+1","BowlingBash+1"],"picked":"SKIP","floor":35.0},{"not_picked":["FlyingSleeves+1","CrushJoints+1","SashWhip+1"],"picked":"SKIP","floor":36},{"not_picked":["Purity","Secret Technique"],"picked":"Good Instincts","floor":39},{"not_picked":["Collect","FlyingSleeves+1"],"picked":"Nirvana+1","floor":41},{"not_picked":["WaveOfTheHand","ThirdEye+1"],"picked":"Study+1","floor":44},{"not_picked":["InnerPeace+1","Evaluate","ThirdEye"],"picked":"SKIP","floor":45},{"not_picked":["EmptyFist+1","Crescendo","Swivel"],"picked":"SKIP","floor":46},{"not_picked":["Prostrate","WheelKick+1"],"picked":"CutThroughFate+1","floor":48}],"player_experience":217469,"relics_obtained":[{"floor":8.0,"key":"HornCleat"},{"floor":9.0,"key":"Orichalcum"},{"floor":9.0,"key":"White Beast Statue"},{"floor":10.0,"key":"Bird Faced Urn"},{"floor":11.0,"key":"Shuriken"},{"floor":13.0,"key":"The Courier"},{"floor":24.0,"key":"Lantern"},{"floor":24.0,"key":"Ginger"},{"floor":26.0,"key":"Frozen Egg 2"},{"floor":28.0,"key":"Molten Egg 2"},{"floor":28.0,"key":"Potion Belt"},{"floor":31.0,"key":"Tiny Chest"},{"floor":31.0,"key":"Pantograph"},{"floor":41,"key":"StoneCalendar"},{"floor":41,"key":"Art of War"},{"floor":43,"key":"CeramicFish"},{"floor":45,"key":"Boot"},{"floor":45,"key":"Mercury Hourglass"},{"floor":47,"key":"Letter Opener"}],"event_choices":[{"damage_healed":0.0,"max_hp_gain":0.0,"max_hp_loss":0.0,"gold_gain":0.0,"event_name":"Big Fish","player_choice":"Box","floor":3.0,"gold_loss":0.0,"damage_taken":0.0,"relics_obtained":["Matryoshka"],"cards_obtained":["Regret"]},{"damage_healed":0.0,"max_hp_gain":0.0,"max_hp_loss":0.0,"gold_gain":0.0,"event_name":"Liars Game","player_choice":"Ignored","floor":4.0,"gold_loss":0.0,"damage_taken":0.0},{"damage_healed":0.0,"max_hp_gain":0.0,"max_hp_loss":0.0,"gold_gain":0.0,"event_name":"Living Wall","player_choice":"Grow","floor":5.0,"gold_loss":0.0,"damage_taken":0.0,"cards_upgraded":["Eruption"]},{"damage_healed":0.0,"max_hp_gain":0.0,"max_hp_loss":0.0,"gold_gain":0.0,"event_name":"WeMeetAgain","player_choice":"Gave Potion","floor":20.0,"gold_loss":0.0,"damage_taken":0.0,"relics_obtained":["Gremlin Horn"]},{"cards_removed":["Alpha"],"damage_healed":0,"gold_gain":0,"player_choice":"Removed Skill","damage_taken":0,"max_hp_gain":0,"max_hp_loss":0,"event_name":"Falling","floor":37,"gold_loss":0},{"damage_healed":0,"gold_gain":0,"player_choice":"Ignored","damage_taken":0,"max_hp_gain":0,"max_hp_loss":0,"event_name":"Tomb of Lord Red Mask","floor":38,"gold_loss":0},{"damage_healed":0,"gold_gain":0,"player_choice":"Memory 1","damage_taken":0,"max_hp_gain":0,"max_hp_loss":0,"event_name":"SensoryStone","floor":39,"gold_loss":0}],"is_beta":false,"boss_relics":[{"not_picked":["Astrolabe","Pandora\u0027s Box"],"picked":"Black Star"},{"not_picked":["Snecko Eye","Runic Pyramid"],"picked":"Philosopher\u0027s Stone"}],"items_purged_floors":[19],"is_endless":false,"potions_floor_spawned":[8,10,12,13,14,16,18,21,22,24,25,27,28,29,31,33,35,36,41,44,45,46,48],"killed_by":"Awakened One","ascension_level":1}}