{"host":"qswkx8hggytna0kc","time":1609838513,"event":{"mods":["Aspiration","BaseMod","BetterRewards","Colored Map","Colored Powertips","Highlight Path","Hubris","Mimic Mod","Minty Spire (QoL Compilation)","Quick Restart","Replay The Spire","StSLib","SuperFastMode"],"gold_per_floor":[118,136,149,166,186,186,200,217,255,255,32,60,79,116,116,220,220,231,248,248,248],"floor_reached":20,"playtime":658,"items_purged":["Pain"],"score":234,"play_id":"00887972-01d7-4b40-9b4a-2f2e972c89be","local_time":"20210105172153","is_ascension_mode":true,"campfire_choices":[{"data":"Zap","floor":6.0,"key":"SMITH"},{"floor":15.0,"key":"REST"}],"circlet_count":0,"master_deck":["Strike_B","Strike_B","Strike_B","Strike_B","Defend_B","Defend_B","Defend_B","Defend_B","Zap+1","Dualcast","Dramatic Entrance","Recycle","Turbo","Go for the Eyes","Gash","Stack","Self Repair","Beam Cell","All For One","Double Energy","Panic Button+1","Gash","Hologram","Genetic Algorithm"],"relics":["Cracked Core","Bag of Preparation","WarpedTongs","Vajra","hubris:OldNail","Tiny Chest","aspiration:FutureDiary","Prayer Wheel"],"acts_visited":["Exordium","TheCity"],"potions_floor_usage":[20],"damage_taken":[{"damage":0.0,"enemies":"Cultist","floor":1.0,"turns":2.0},{"damage":2.0,"enemies":"Small Slimes","floor":2.0,"turns":2.0},{"damage":2.0,"enemies":"Jaw Worm","floor":3.0,"turns":3.0},{"damage":8.0,"enemies":"Blue Slaver","floor":4.0,"turns":2.0},{"damage":1.0,"enemies":"Exordium Thugs","floor":5.0,"turns":4.0},{"damage":4.0,"enemies":"3 Louse","floor":7.0,"turns":3.0},{"damage":7.0,"enemies":"Looter","floor":8.0,"turns":3.0},{"damage":8.0,"enemies":"Red Slaver","floor":9.0,"turns":6.0},{"damage":30.0,"enemies":"3 Sentries","floor":12.0,"turns":7.0},{"damage":6.0,"enemies":"Red Slaver","floor":13.0,"turns":3.0},{"damage":0.0,"enemies":"Blue Slaver","floor":14.0,"turns":3.0},{"damage":19.0,"enemies":"Hexaghost","floor":16.0,"turns":7.0},{"damage":25.0,"enemies":"Spheric Guardian","floor":18.0,"turns":4.0},{"damage":10.0,"enemies":"3 Byrds","floor":19.0,"turns":3.0},{"damage":52,"enemies":"3 Cultists","floor":20,"turns":4}],"seed_played":"-7014837334426142458","potions_obtained":[{"floor":2.0,"key":"Adrenaline Potion"},{"floor":7.0,"key":"FocusPotion"},{"floor":12.0,"key":"GamblersBrew"},{"floor":16.0,"key":"Milkshake"},{"floor":19.0,"key":"Flashbang"}],"is_trial":false,"path_per_floor":["M","M","M","M","M","R","M","M","MIM","?","$","E","M","MIM","R","B",null,"M","M","M"],"character_chosen":"DEFECT","items_purchased":["Vajra"],"campfire_rested":1,"item_purchase_floors":[11],"current_hp_per_floor":[68,66,64,56,55,55,51,44,36,36,36,13,14,21,43,31,64,49,46,0,0],"gold":248,"neow_bonus":"RANDOM_COLORLESS","is_daily":false,"chose_seed":false,"campfire_upgraded":1,"win_rate":0.0,"timestamp":1609838513,"path_taken":["M","M","M","M","M","R","?","M","MIM","?","?","E","M","?","R","BOSS","M","M","M"],"items_purchased_type":["Relic"],"build_version":"2020-12-22","purchased_purges":1,"victory":false,"max_hp_per_floor":[75,75,75,75,75,75,75,75,75,75,75,75,75,75,75,75,75,75,75,75,75],"card_choices":[{"not_picked":["Impatience","Forethought"],"picked":"Dramatic Entrance","floor":0.0},{"not_picked":["Rebound","Cold Snap","Leap"],"picked":"SKIP","floor":1.0},{"not_picked":["Hello World","Compile Driver"],"picked":"Recycle","floor":2.0},{"not_picked":["Barrage","Panic Button"],"picked":"Turbo","floor":3.0},{"not_picked":["Fusion","Steam"],"picked":"Go for the Eyes","floor":4.0},{"not_picked":["Streamline","Coolheaded","Lockon"],"picked":"SKIP","floor":5.0},{"not_picked":["Rebound","Double Energy"],"picked":"Gash","floor":7.0},{"not_picked":["BasicCrystalCard","Double Energy"],"picked":"Stack","floor":8.0},{"not_picked":["Time Bomb","Tempest"],"picked":"Self Repair","floor":9.0},{"not_picked":["Ball Lightning","Double Energy"],"picked":"Beam Cell","floor":12.0},{"not_picked":["Consume","Cold Snap"],"picked":"All For One","floor":13.0},{"not_picked":["Steam","Coolheaded"],"picked":"Double Energy","floor":14.0},{"not_picked":["hubris:DoWhile","Electrodynamics"],"picked":"ReplayTheSpireMod:Fabricate Wheel","floor":16.0},{"not_picked":["ReplayTheSpireMod:Reroute Power","Beam Cell"],"picked":"Panic Button+1","floor":18.0},{"not_picked":["Barrage","aspiration:Polymerization"],"picked":"Gash","floor":18.0},{"not_picked":["ReplayTheSpireMod:GoodbyeWorld","Panic Button"],"picked":"Hologram","floor":19.0},{"not_picked":["ReplayTheSpireMod:Reroute Power","Aggregate+1"],"picked":"Genetic Algorithm","floor":19.0}],"player_experience":227441,"relics_obtained":[{"floor":9.0,"key":"Bag of Preparation"},{"floor":12.0,"key":"hubris:OldNail"},{"floor":14.0,"key":"Tiny Chest"}],"event_choices":[{"damage_healed":0.0,"max_hp_gain":0.0,"max_hp_loss":0.0,"gold_gain":0.0,"event_name":"Accursed Blacksmith","player_choice":"Rummage","floor":10.0,"gold_loss":0.0,"damage_taken":0.0,"relics_obtained":["WarpedTongs"],"cards_obtained":["Pain"]}],"is_beta":false,"boss_relics":[{"not_picked":["hubris:GrandSneckoEye","FrozenCore"],"picked":"aspiration:FutureDiary"}],"items_purged_floors":[11],"is_endless":false,"potions_floor_spawned":[2,7,12,16,19],"killed_by":"3 Cultists","ascension_level":6}}