{"host":"6he3f0ic6yesrium","time":1609876027,"event":{"mods":["BaseMod","Better Altar","Better Match","Better Note","Better Sensory Stone","Better Skull","Better Third Choice","Colored Map","Conspire","Hubris","Marisa????????","Minty Spire (QoL Compilation)","Replay The Spire","Shade Mod","StSLib","The Alterego","The Mystic","The Necromancer","The Runesmith"],"gold_per_floor":[115,131,144,144,157,157,175,188,188,203,221,244,258,275,275,378,378,390,390,96,109,109,109,109,109,109,109,29,82,93,107,107,106,106,117,117,117,117,131,162,162,180,203,203,203],"floor_reached":44,"playtime":1899,"items_purged":["Overencumbered"],"score":459,"play_id":"6219e400-bc43-4368-a3ba-f837f8995492","local_time":"20210105144707","is_ascension_mode":false,"campfire_choices":[{"data":"Runesmith:Firestorm","floor":6.0,"key":"SMITH"},{"floor":15.0,"key":"REST"},{"data":"Master of Strategy","floor":24.0,"key":"SMITH"},{"data":"Runesmith:RunicBlueprint","floor":32.0,"key":"SMITH"},{"data":"Replay:BasicMightCard","floor":41,"key":"SMITH"}],"circlet_count":0,"master_deck":["Runesmith:Strike_RS","Runesmith:Strike_RS+1","Runesmith:Strike_RS","Runesmith:Strike_RS+1","Runesmith:Defend_RS","Runesmith:Defend_RS","Runesmith:Defend_RS","Runesmith:Defend_RS","Runesmith:CraftFirestone","Runesmith:Fortify","Runesmith:RunicBlueprint+1","Runesmith:OneForEveryone","Runesmith:Firestorm+1","Runesmith:ChiselStab","Runesmith:CraftIncendium","Runesmith:CraftMagma","Runesmith:Superposition","Runesmith:CreatorForm","Runesmith:Firestorm+1","Runesmith:Reinforce+1","Master of Strategy+1","Runesmith:RuneHurl","ReplayTheSpireMod:IOU","Runesmith:HeatExchange","Flash of Steel","Replay:BasicMightCard+1","Runesmith:Firestorm"],"relics":["Runesmith:BrokenRuby","hubris:PeanutButter","Whetstone","hubris:GrandSneckoEye","ReplayTheSpireMod:CursedCoin","Nunchaku","hubris:Towel","alterego_mod:FleetingLove","Meat on the Bone","Boot","Replay:Wax Seal","conspire:TreasureMap","hubris:Backtick","Du-Vu Doll","hubris:Icosahedron","PreservedInsect","Runesmith:AutoHammer"],"acts_visited":["Exordium","TheCity","TheBeyond"],"potions_floor_usage":[40,44],"damage_taken":[{"damage":0.0,"enemies":"conspire:RoseBush","floor":1.0,"turns":2.0},{"damage":2.0,"enemies":"Cultist","floor":2.0,"turns":4.0},{"damage":6.0,"enemies":"Jaw Worm","floor":3.0,"turns":3.0},{"damage":0.0,"enemies":"Large Slime","floor":5.0,"turns":6.0},{"damage":22.0,"enemies":"Lots of Slimes","floor":7.0,"turns":3.0},{"damage":21.0,"enemies":"Exordium Wildlife","floor":8.0,"turns":4.0},{"damage":0.0,"enemies":"Large Slime","floor":10.0,"turns":6.0},{"damage":4.0,"enemies":"2 Fungi Beasts","floor":11.0,"turns":4.0},{"damage":2.0,"enemies":"Looter","floor":13.0,"turns":3.0},{"damage":3.0,"enemies":"3 Louse","floor":14.0,"turns":5.0},{"damage":8.0,"enemies":"Hexaghost","floor":16.0,"turns":6.0},{"damage":0.0,"enemies":"2 Thieves","floor":18.0,"turns":2.0},{"damage":0.0,"enemies":"Shell Parasite","floor":21.0,"turns":2.0},{"damage":0.0,"enemies":"Snake Plant","floor":30.0,"turns":3.0},{"damage":0.0,"enemies":"Centurion and Healer","floor":31.0,"turns":4.0},{"damage":35.0,"enemies":"Champ","floor":33.0,"turns":9.0},{"damage":21.0,"enemies":"3 Shapes","floor":35.0,"turns":3.0},{"damage":0.0,"enemies":"3 Darklings","floor":39.0,"turns":4.0},{"damage":6,"enemies":"Nemesis","floor":40,"turns":6},{"damage":6,"enemies":"Writhing Mass","floor":42,"turns":5},{"damage":53,"enemies":"Reptomancer","floor":44,"turns":2}],"seed_played":"4576522050848728560","potions_obtained":[{"floor":0.0,"key":"SmokeBomb"},{"floor":0.0,"key":"SmokeBomb"},{"floor":0.0,"key":"Explosive Potion"},{"floor":1.0,"key":"Death Potion"},{"floor":5.0,"key":"Languid Potion"},{"floor":8.0,"key":"SteroidPotion"},{"floor":16.0,"key":"Dexterity Potion"},{"floor":18.0,"key":"FearPotion"},{"floor":21.0,"key":"BlessingOfTheForge"},{"floor":31.0,"key":"PowerPotion"},{"floor":39.0,"key":"Swift Potion"},{"floor":42,"key":"Fire Potion"}],"is_trial":false,"path_per_floor":["M","M","M","?","M","R","M","M","T","M","M","T","M","M","R","B",null,"M","?","$","M","?","?","R","?","T","T","$","$","M","M","R","B",null,"M","?","?","?","M","E","R","M","T","E"],"character_chosen":"RUNESMITH_CLASS","items_purchased":["ReplayTheSpireMod:CursedCoin","Runesmith:Reinforce+1","Master of Strategy","Nunchaku","Replay:Wax Seal","conspire:TreasureMap"],"campfire_rested":1,"item_purchase_floors":[20,20,20,20,28,29],"current_hp_per_floor":[70,68,62,62,62,62,40,19,19,19,15,15,13,10,31,23,70,70,70,70,70,70,70,70,70,70,70,70,70,70,70,70,47,70,49,49,49,49,49,44,44,38,38,0,0],"gold":203,"neow_bonus":"THREE_SMALL_POTIONS","is_daily":false,"chose_seed":false,"campfire_upgraded":4,"win_rate":0.0,"timestamp":1609876027,"path_taken":["M","M","M","?","M","R","?","M","T","M","?","?","M","M","R","BOSS","M","?","$","?","?","?","R","?","T","?","?","$","?","M","R","BOSS","M","?","?","?","M","E","R","M","T","E"],"items_purchased_type":["Relic","Card","Card","Relic","Relic","Relic"],"build_version":"2020-12-22","purchased_purges":1,"victory":false,"max_hp_per_floor":[70,70,70,70,70,70,70,70,70,70,70,70,70,70,70,70,70,70,70,70,70,70,70,70,70,70,70,70,70,70,70,70,70,70,70,70,70,70,70,70,70,70,70,70,70],"card_choices":[{"not_picked":["Runesmith:EarthShield","Runesmith:MakeshiftArmor"],"picked":"Runesmith:RunicBlueprint","floor":1.0},{"not_picked":["Runesmith:UnstableHammer","Runesmith:EarthShield"],"picked":"Runesmith:OneForEveryone","floor":2.0},{"not_picked":["Runesmith:LightningRod","Runesmith:StaticCage"],"picked":"Runesmith:Firestorm","floor":3.0},{"not_picked":["Runesmith:Accelerate","Runesmith:Refine"],"picked":"Runesmith:ChiselStab","floor":5.0},{"not_picked":["Runesmith:Prism","Runesmith:WhiteBalance"],"picked":"Runesmith:CraftIncendium","floor":7.0},{"not_picked":["Runesmith:WhiteBalance","Runesmith:NanitesCloud"],"picked":"Runesmith:CraftMagma","floor":8.0},{"not_picked":["Runesmith:CraftObretio","Runesmith:Grindstone"],"picked":"Runesmith:Superposition","floor":10.0},{"not_picked":["Runesmith:Repurpose","Runesmith:MakeshiftArmor","Runesmith:Permafrost"],"picked":"SKIP","floor":11.0},{"not_picked":["Runesmith:StaticCage","Runesmith:HammerAndChisel","Runesmith:ShiftingStrike"],"picked":"SKIP","floor":13.0},{"not_picked":["Runesmith:HeatedChisel","Runesmith:Electrocute","Runesmith:ChargedHammer"],"picked":"SKIP","floor":14.0},{"not_picked":["Runesmith:Duplicate","Runesmith:Supernova"],"picked":"Runesmith:CreatorForm","floor":16.0},{"not_picked":["Runesmith:CraftMagma","Runesmith:Grindstone","Runesmith:HeatedChisel"],"picked":"SKIP","floor":18.0},{"not_picked":["Runesmith:EarthShield+1","Runesmith:Refine"],"picked":"Runesmith:RuneHurl","floor":21.0},{"not_picked":["Runesmith:Refine+1","Runesmith:GoWithTheFlow"],"picked":"Runesmith:HeatExchange","floor":30.0},{"not_picked":["Runesmith:HammerThrow","Runesmith:HammerTime","Runesmith:Overpower"],"picked":"SKIP","floor":31.0},{"not_picked":["Runesmith:OneForEveryone","Runesmith:Augment","Runesmith:Grindstone"],"picked":"SKIP","floor":35.0},{"not_picked":["Mind Blast","Chrysalis"],"picked":"Flash of Steel","floor":38.0},{"not_picked":["ReplayUltimateDefense","Forethought"],"picked":"Replay:BasicMightCard","floor":38.0},{"not_picked":["Runesmith:HammerTime+1","Runesmith:HeatedChisel+1"],"picked":"Runesmith:Firestorm","floor":39.0},{"not_picked":["Runesmith:RunicBlueprint","Runesmith:DoubleUp","Runesmith:CraftProtectio"],"picked":"SKIP","floor":40},{"not_picked":["Runesmith:Grindstone","Runesmith:UnstableHammer+1","Runesmith:Refine"],"picked":"SKIP","floor":42}],"player_experience":297513,"relics_obtained":[{"floor":9.0,"key":"hubris:PeanutButter"},{"floor":12.0,"key":"Whetstone"},{"floor":26.0,"key":"Meat on the Bone"},{"floor":27.0,"key":"Boot"},{"floor":40,"key":"PreservedInsect"},{"floor":43,"key":"Runesmith:AutoHammer"}],"event_choices":[{"cards_removed":["Runesmith:Defend_RS"],"damage_healed":0.0,"max_hp_gain":0.0,"max_hp_loss":0.0,"gold_gain":0.0,"event_name":"betterNote:BetterNote","player_choice":"Give","floor":4.0,"gold_loss":0.0,"damage_taken":0.0,"cards_obtained":["Doubt"]},{"damage_healed":0.0,"max_hp_gain":0.0,"max_hp_loss":0.0,"gold_gain":0.0,"event_name":"Duplicator","player_choice":"Copied","floor":19.0,"gold_loss":0.0,"damage_taken":0.0,"cards_obtained":["Runesmith:Firestorm"]},{"damage_healed":0.0,"max_hp_gain":0.0,"max_hp_loss":0.0,"gold_gain":0.0,"event_name":"Secret Garden","player_choice":"Choice 1","floor":25.0,"gold_loss":0.0,"damage_taken":0.0,"relics_obtained":["alterego_mod:FleetingLove"]},{"damage_healed":0.0,"max_hp_gain":0.0,"max_hp_loss":0.0,"gold_gain":0.0,"event_name":"conspire:Investor","player_choice":"Leave","floor":37.0,"gold_loss":0.0,"damage_taken":0.0},{"damage_healed":0.0,"max_hp_gain":0.0,"max_hp_loss":0.0,"gold_gain":3.0,"event_name":"betterStone:BetterStone","player_choice":"1","floor":38.0,"gold_loss":0.0,"damage_taken":0.0}],"is_beta":false,"boss_relics":[{"not_picked":["hubris:RunicObelisk","hubris:VirtuousBlindfold"],"picked":"hubris:GrandSneckoEye"},{"not_picked":["SacredBark","Runesmith:PocketReactor"],"picked":"hubris:Backtick"}],"items_purged_floors":[20],"is_endless":false,"potions_floor_spawned":[1,5,8,10,13,16,18,21,31,39,42],"killed_by":"Reptomancer","ascension_level":0}}