{"host":"msa0wxqjs3jv1k3j","time":1609858098,"event":{"mods":["BaseMod","BetterRewards","Colored Map","Highlight Path","KOR Keyword Fix","Keyboard Shortcuts","Minty Spire (QoL Compilation)","Quick Restart","SuperFastMode","everything is the same but u backflip on backflip"],"gold_per_floor":[114,46,61,61,88,116,116,40,40,59,94,106,106,120,120,225,225,236,247,266,266,121,121,156,176,201,201,215,230,330,350,350,455,455,466,294,294,312,322,322,350,365,388,408,25,25,37,55,55,55],"floor_reached":51,"playtime":2975,"items_purged":["Strike_B"],"score":813,"play_id":"65fee2ba-ea18-4af7-be60-d93be9860982","local_time":"20210105234818","is_ascension_mode":false,"campfire_choices":[{"data":"Barrage","floor":7.0,"key":"SMITH"},{"data":"Fusion","floor":13.0,"key":"SMITH"},{"floor":15.0,"key":"REST"},{"floor":23.0,"key":"REST"},{"data":"Redo","floor":32.0,"key":"SMITH"},{"data":"Electrodynamics","floor":40.0,"key":"SMITH"},{"data":"Go for the Eyes","floor":46,"key":"SMITH"},{"data":"Compile Driver","floor":49,"key":"SMITH"}],"circlet_count":0,"master_deck":["Strike_B","Strike_B","Strike_B","Defend_B+1","Defend_B+1","Defend_B","Zap","Dualcast+1","Barrage+1","Chill","Conserve Battery","Electrodynamics+1","Fusion+1","Self Repair+1","Go for the Eyes+1","Fusion+1","Cold Snap","Biased Cognition+1","Compile Driver+1","Coolheaded","Self Repair+1","Redo+1","Dualcast+1","Skim+1","Storm+1","Aggregate+1","Creative AI+1","PanicButton+1","Defend_G+1","Capacitor+1","Auto Shields+1","Double Energy+1","White Noise+1","Machine Learning+1","Fusion+1"],"relics":["Cracked Core","NeowsBlessing","Anchor","Toy Ornithopter","Frozen Egg 2","Pear","Runic Pyramid","HandDrill","Toxic Egg 2","Omamori","Calipers","Meat on the Bone","Calling Bell","MealTicket","Eternal Feather","Unceasing Top","HornCleat","War Paint","Mummified Hand","Happy Flower"],"acts_visited":["Exordium","TheCity","TheBeyond"],"potions_floor_usage":[41,41,48,50],"damage_taken":[{"damage":0.0,"enemies":"2 Louse","floor":1.0,"turns":1.0},{"damage":0.0,"enemies":"Jaw Worm","floor":3.0,"turns":1.0},{"damage":0.0,"enemies":"Lagavulin","floor":6.0,"turns":1.0},{"damage":0.0,"enemies":"Cultist","floor":10.0,"turns":3.0},{"damage":35.0,"enemies":"Gremlin Nob","floor":11.0,"turns":5.0},{"damage":15.0,"enemies":"Gremlin Gang","floor":12.0,"turns":5.0},{"damage":2.0,"enemies":"2 Fungi Beasts","floor":14.0,"turns":3.0},{"damage":45.0,"enemies":"The Guardian","floor":16.0,"turns":14.0},{"damage":0.0,"enemies":"Chosen","floor":18.0,"turns":5.0},{"damage":0.0,"enemies":"3 Byrds","floor":19.0,"turns":2.0},{"damage":41.0,"enemies":"Snake Plant","floor":20.0,"turns":5.0},{"damage":24.0,"enemies":"Slavers","floor":24.0,"turns":4.0},{"damage":2.0,"enemies":"Centurion and Healer","floor":25.0,"turns":6.0},{"damage":5.0,"enemies":"Chosen and Byrds","floor":28.0,"turns":4.0},{"damage":4.0,"enemies":"Snecko","floor":29.0,"turns":6.0},{"damage":30.0,"enemies":"Colosseum Slavers","floor":30.0,"turns":3.0},{"damage":13.0,"enemies":"Colosseum Nobs","floor":30.0,"turns":4.0},{"damage":17.0,"enemies":"Sentry and Sphere","floor":31.0,"turns":5.0},{"damage":39.0,"enemies":"Automaton","floor":33.0,"turns":9.0},{"damage":4.0,"enemies":"3 Shapes","floor":35.0,"turns":2.0},{"damage":30.0,"enemies":"3 Darklings","floor":38.0,"turns":4.0},{"damage":15.0,"enemies":"4 Shapes","floor":39.0,"turns":3.0},{"damage":56,"enemies":"Giant Head","floor":41,"turns":10},{"damage":51,"enemies":"Sphere and 2 Shapes","floor":42,"turns":6},{"damage":22,"enemies":"Spire Growth","floor":44,"turns":5},{"damage":0,"enemies":"Maw","floor":47,"turns":6},{"damage":0,"enemies":"Transient","floor":48,"turns":5},{"damage":0,"enemies":"Donu and Deca","floor":50,"turns":5}],"seed_played":"-6991490929791791102","potions_obtained":[{"floor":6.0,"key":"Strength Potion"},{"floor":11.0,"key":"FocusPotion"},{"floor":14.0,"key":"AttackPotion"},{"floor":16.0,"key":"Energy Potion"},{"floor":31.0,"key":"LiquidMemories"},{"floor":33.0,"key":"Ancient Potion"},{"floor":48,"key":"Swift Potion"}],"is_trial":false,"path_per_floor":["M","$","M","?","T","E","R","$","T","M","E","M","R","M","R","B",null,"M","M","M","?","$","R","E","M","T","?","M","M","?","M","R","B",null,"M","$","?","M","M","R","E","M","T","M","$","R","M","M","R","B",null],"character_chosen":"DEFECT","items_purchased":["Chill","Fusion","HandDrill","PanicButton+1","Mummified Hand","Happy Flower"],"campfire_rested":2,"item_purchase_floors":[2,8,22,36,45,45],"current_hp_per_floor":[75,75,75,60,60,60,60,60,60,60,45,40,40,48,73,38,85,85,85,54,54,54,79,75,85,85,85,85,85,72,75,75,73,85,81,85,85,75,60,78,64,45,45,55,70,85,85,85,85,85],"gold":55,"neow_bonus":"THREE_ENEMY_KILL","is_daily":false,"chose_seed":false,"campfire_upgraded":6,"win_rate":0.0,"timestamp":1609858098,"path_taken":["M","$","M","?","?","E","R","$","T","M","E","?","R","M","R","BOSS","M","?","M","?","$","R","E","M","T","?","?","?","?","M","R","BOSS","M","$","?","?","M","R","E","?","T","M","$","R","M","M","R","BOSS"],"items_purchased_type":["Card","Card","Relic","Card","Relic","Relic"],"build_version":"2020-12-22","purchased_purges":1,"victory":true,"max_hp_per_floor":[75,75,75,75,75,75,75,75,75,75,85,85,85,85,85,85,85,85,85,85,85,85,85,85,85,85,85,85,85,85,85,85,85,85,85,85,85,85,85,85,85,85,85,85,85,85,85,85,85,85],"card_choices":[{"not_picked":["Steam","Storm"],"picked":"Barrage","floor":1.0},{"not_picked":["Compile Driver","Hologram"],"picked":"Conserve Battery","floor":3.0},{"not_picked":["Stack","All For One"],"picked":"Electrodynamics","floor":6.0},{"not_picked":["Stack","Darkness"],"picked":"Self Repair+1","floor":10.0},{"not_picked":["Tempest","Self Repair+1"],"picked":"Go for the Eyes","floor":11.0},{"not_picked":["Leap","Hologram"],"picked":"Fusion","floor":12.0},{"not_picked":["Scrape","Streamline"],"picked":"Cold Snap","floor":14.0},{"not_picked":["Fission","Rainbow"],"picked":"Biased Cognition+1","floor":16.0},{"not_picked":["Hologram","Barrage"],"picked":"Compile Driver","floor":18.0},{"not_picked":["Streamline","Conserve Battery"],"picked":"Coolheaded","floor":19.0},{"not_picked":["Beam Cell+1","Cold Snap"],"picked":"Self Repair+1","floor":20.0},{"not_picked":["Reinforced Body+1","Hologram+1","Gash+1"],"picked":"SKIP","floor":24.0},{"not_picked":["Go for the Eyes","Cold Snap","Coolheaded+1"],"picked":"SKIP","floor":25.0},{"not_picked":["Streamline","Cold Snap+1"],"picked":"Skim+1","floor":28.0},{"not_picked":["Steam+1","Leap+1"],"picked":"Storm+1","floor":29.0},{"not_picked":["Reboot+1","Compile Driver"],"picked":"Aggregate+1","floor":31.0},{"not_picked":["Buffer+1","Fission+1"],"picked":"Creative AI+1","floor":33.0},{"not_picked":["Beam Cell+1","Hologram+1","Scrape"],"picked":"SKIP","floor":35.0},{"not_picked":["Coolheaded+1","Tempest+1","Genetic Algorithm+1"],"picked":"SKIP","floor":38.0},{"not_picked":["Blizzard+1","Skim+1"],"picked":"Capacitor+1","floor":39.0},{"not_picked":["Stack+1","Barrage+1"],"picked":"Auto Shields+1","floor":41},{"not_picked":["Fusion+1","Conserve Battery+1"],"picked":"Double Energy+1","floor":42},{"not_picked":["Barrage","Sweeping Beam"],"picked":"White Noise+1","floor":44},{"not_picked":["Ball Lightning","Hello World+1"],"picked":"Machine Learning+1","floor":47},{"not_picked":["Go for the Eyes","Skim+1"],"picked":"Fusion+1","floor":48}],"player_experience":26726,"relics_obtained":[{"floor":5.0,"key":"Anchor"},{"floor":6.0,"key":"Toy Ornithopter"},{"floor":9.0,"key":"Frozen Egg 2"},{"floor":11.0,"key":"Pear"},{"floor":24.0,"key":"Toxic Egg 2"},{"floor":26.0,"key":"Omamori"},{"floor":30.0,"key":"Calipers"},{"floor":30.0,"key":"Meat on the Bone"},{"floor":34.0,"key":"MealTicket"},{"floor":34.0,"key":"Eternal Feather"},{"floor":34.0,"key":"Unceasing Top"},{"floor":41,"key":"HornCleat"},{"floor":43,"key":"War Paint"}],"event_choices":[{"damage_healed":0.0,"max_hp_gain":0.0,"max_hp_loss":0.0,"gold_gain":0.0,"event_name":"Shining Light","player_choice":"Entered Light","floor":4.0,"gold_loss":0.0,"damage_taken":15.0,"cards_upgraded":["Dualcast","Defend_B"]},{"damage_healed":0.0,"max_hp_gain":0.0,"max_hp_loss":0.0,"gold_gain":0.0,"event_name":"The Library","player_choice":"Read","floor":21.0,"gold_loss":0.0,"damage_taken":0.0,"cards_obtained":["Redo"]},{"damage_healed":0.0,"max_hp_gain":0.0,"max_hp_loss":0.0,"gold_gain":0.0,"event_name":"Duplicator","player_choice":"Copied","floor":27.0,"gold_loss":0.0,"damage_taken":0.0,"cards_obtained":["Dualcast"]},{"damage_healed":0.0,"max_hp_gain":0.0,"max_hp_loss":0.0,"gold_gain":0.0,"event_name":"Colosseum","player_choice":"Fight","floor":30.0,"gold_loss":0.0,"damage_taken":0.0},{"damage_healed":0.0,"max_hp_gain":0.0,"max_hp_loss":0.0,"gold_gain":0.0,"event_name":"Colosseum","player_choice":"Fought Nobs","floor":30.0,"gold_loss":0.0,"damage_taken":0.0},{"cards_removed":["Defend_B"],"damage_healed":0.0,"max_hp_gain":0.0,"max_hp_loss":0.0,"gold_gain":0.0,"event_name":"NoteForYourself","player_choice":"Took Card","floor":37.0,"gold_loss":0.0,"damage_taken":0.0,"cards_obtained":["Defend_G"]}],"is_beta":false,"boss_relics":[{"not_picked":["Philosopher\u0027s Stone","FrozenCore"],"picked":"Runic Pyramid"},{"not_picked":["Snecko Eye","SlaversCollar"],"picked":"Calling Bell"}],"items_purged_floors":[36],"is_endless":false,"potions_floor_spawned":[6,11,14,16,25,28,29,30,31,33,35,39,47,48],"ascension_level":0}}