{"host":"aaqofma31c3gm2hj","time":1609836298,"event":{"mods":["BaseMod","Minty Spire (QoL Compilation)","Replay The Spire","Spicy Shops","StSLib"],"gold_per_floor":[116,146,146,15,26,55,55,70,124,143,143,143,143,43,43,43,43],"floor_reached":16,"playtime":210,"items_purged":["Strike_G","Strike_G"],"score":246,"play_id":"3ba88b18-be29-440b-abed-458be67c8d5f","local_time":"20210105164458","is_ascension_mode":true,"campfire_choices":[{"data":"Blade Dance","floor":7.0,"key":"SMITH"},{"data":"Prepared","floor":12,"key":"SMITH"},{"data":"Neutralize","floor":15,"key":"SMITH"}],"circlet_count":0,"master_deck":["AscendersBane","Strike_G","Strike_G","Strike_G","Defend_G","Defend_G","Defend_G","Defend_G","Survivor","Neutralize+1","Prepared+1","Acrobatics","Blade Dance+1","Acrobatics","PiercingWail"],"relics":["Ring of the Snake","NeowsBlessing","Mummified Hand","Pet Ghost","Tiny Chest"],"acts_visited":["Exordium"],"potions_floor_usage":[16],"damage_taken":[{"damage":0.0,"enemies":"Jaw Worm","floor":1.0,"turns":1.0},{"damage":0.0,"enemies":"2 Louse","floor":5.0,"turns":1.0},{"damage":0.0,"enemies":"Replay:BlueRogue","floor":6.0,"turns":1.0},{"damage":4.0,"enemies":"Small Slimes","floor":8.0,"turns":4.0},{"damage":2.0,"enemies":"2 Fungi Beasts","floor":10.0,"turns":4.0},{"damage":0,"enemies":"Fading Forest","floor":16,"turns":2}],"seed_played":"771311459419207889","potions_obtained":[{"floor":1.0,"key":"GhostInAJar"},{"floor":2.0,"key":"Toxic Potion"},{"floor":6.0,"key":"SkillPotion"}],"is_trial":false,"path_per_floor":["M","?","?","$","M","E","R","M","T","M","?","R","?","$","R","B"],"character_chosen":"THE_SILENT","items_purchased":["Blade Dance"],"campfire_rested":0,"item_purchase_floors":[4],"current_hp_per_floor":[59,38,38,38,38,38,38,34,34,32,32,32,32,32,32,32,32],"gold":43,"neow_bonus":"THREE_ENEMY_KILL","is_daily":false,"chose_seed":false,"campfire_upgraded":3,"win_rate":0.0,"timestamp":1609836298,"path_taken":["M","?","?","?","M","E","R","M","T","M","?","R","?","$","R","BOSS"],"items_purchased_type":["Card"],"build_version":"2020-12-22","purchased_purges":2,"victory":false,"max_hp_per_floor":[66,66,66,66,66,66,66,66,66,66,66,66,66,66,66,66,66],"card_choices":[{"not_picked":["Replay:Poison Smokescreen","PiercingWail"],"picked":"Prepared","floor":1.0},{"not_picked":["Bane","Quick Slash"],"picked":"Acrobatics","floor":2.0},{"not_picked":["Backflip","Slice"],"picked":"Acrobatics","floor":5.0},{"not_picked":["Underhanded Strike","Distraction","Bane"],"picked":"SKIP","floor":6.0},{"not_picked":["Backstab","Endless Agony","Cloak And Dagger"],"picked":"SKIP","floor":8.0},{"not_picked":["Heel Hook","Deadly Poison"],"picked":"PiercingWail","floor":10.0}],"player_experience":554893,"relics_obtained":[{"floor":6.0,"key":"Mummified Hand"},{"floor":9.0,"key":"Pet Ghost"}],"event_choices":[{"damage_healed":0,"gold_gain":0,"player_choice":"Searched \u00271\u0027 times","damage_taken":0,"relics_obtained":["Tiny Chest"],"max_hp_gain":0,"max_hp_loss":0,"event_name":"Dead Adventurer","floor":11,"gold_loss":0}],"is_beta":false,"boss_relics":[],"items_purged_floors":[4,14],"is_endless":false,"potions_floor_spawned":[1,6,8],"killed_by":"Fading Forest","ascension_level":20}}