{"host":"6bsan6hkua32tfq7","time":1609882143,"event":{"mods":["BaseMod","Better Third Choice","Colored Map","Highlight Path","Minty Spire (QoL Compilation)","StSLib"],"gold_per_floor":[112,128,140,157,157,186,186,215,215,229,242,242,242,242,242,242,242],"floor_reached":16,"playtime":384,"items_purged":[],"score":324,"play_id":"7fcac719-7d3d-40f7-a24d-9db21129e5f8","local_time":"20210105222903","is_ascension_mode":true,"campfire_choices":[{"floor":7,"key":"REST"},{"data":"Dualcast","floor":12,"key":"SMITH"},{"floor":15,"key":"REST"}],"circlet_count":0,"master_deck":["AscendersBane","Strike_B","Strike_B","Strike_B","Strike_B+1","Defend_B","Defend_B","Defend_B","Zap","Dualcast+1","Go for the Eyes","Ball Lightning","Sunder","Darkness+1","Doom and Gloom+1","Seek","Beam Cell+1"],"relics":["Cracked Core","Omamori","Molten Egg 2","Frozen Egg 2","StrikeDummy","Pen Nib"],"acts_visited":["Exordium"],"potions_floor_usage":[10,16,16],"damage_taken":[{"damage":0,"enemies":"2 Louse","floor":1,"turns":1},{"damage":7,"enemies":"Small Slimes","floor":2,"turns":3},{"damage":4,"enemies":"Jaw Worm","floor":3,"turns":3},{"damage":4,"enemies":"Looter","floor":4,"turns":3},{"damage":6,"enemies":"Gremlin Nob","floor":6,"turns":3},{"damage":20,"enemies":"Lagavulin","floor":8,"turns":4},{"damage":4,"enemies":"Exordium Wildlife","floor":10,"turns":2},{"damage":1,"enemies":"Exordium Thugs","floor":11,"turns":3}],"seed_played":"8914289790517973399","potions_obtained":[{"floor":3,"key":"LiquidMemories"},{"floor":8,"key":"DistilledChaos"},{"floor":10,"key":"DistilledChaos"}],"is_trial":false,"path_per_floor":["M","M","M","M","?","E","R","E","T","M","M","R","?","?","R","B"],"character_chosen":"DEFECT","items_purchased":[],"campfire_rested":2,"item_purchase_floors":[],"current_hp_per_floor":[64,57,53,49,42,36,57,37,37,33,32,32,27,6,27,0,0],"gold":242,"neow_bonus":"RANDOM_COMMON_RELIC","is_daily":false,"chose_seed":false,"campfire_upgraded":1,"win_rate":0.0,"timestamp":1609882143,"path_taken":["M","M","M","M","?","E","R","E","T","M","M","R","?","?","R","BOSS"],"items_purchased_type":[],"build_version":"2020-12-22","purchased_purges":0,"victory":false,"max_hp_per_floor":[71,71,71,71,71,71,71,71,71,71,71,71,71,71,71,71,71],"card_choices":[{"not_picked":["Gash","Hologram"],"picked":"Go for the Eyes","floor":1},{"not_picked":["BootSequence","Gash"],"picked":"Ball Lightning","floor":2},{"not_picked":["Fusion","Stack"],"picked":"Sunder","floor":3},{"not_picked":["Turbo","Darkness","Stack"],"picked":"SKIP","floor":4},{"not_picked":["Turbo","Stack"],"picked":"Darkness","floor":4},{"not_picked":["Cold Snap+1","Barrage+1"],"picked":"Doom and Gloom+1","floor":6},{"not_picked":["Seek","Stack","Turbo"],"picked":"SKIP","floor":8},{"not_picked":["Stack","Turbo"],"picked":"Seek","floor":8},{"not_picked":["Stack","Hologram"],"picked":"Beam Cell+1","floor":10},{"not_picked":["Gash+1","Rebound+1","Aggregate"],"picked":"SKIP","floor":11}],"player_experience":5261675,"relics_obtained":[{"floor":6,"key":"Molten Egg 2"},{"floor":8,"key":"Frozen Egg 2"},{"floor":9,"key":"StrikeDummy"}],"event_choices":[{"cards_removed":["Defend_B"],"damage_healed":0,"gold_gain":0,"player_choice":"Card Removal","damage_taken":7,"max_hp_gain":0,"max_hp_loss":0,"event_name":"Golden Wing","floor":5,"gold_loss":0},{"damage_healed":0,"gold_gain":0,"player_choice":"Relic ","damage_taken":5,"max_hp_gain":0,"max_hp_loss":0,"event_name":"betterThird:BetterScrap","floor":13,"gold_loss":0,"cards_obtained":["Sentinel"]},{"damage_healed":27,"gold_gain":0,"player_choice":"Upgrade","damage_taken":21,"max_hp_gain":0,"max_hp_loss":71,"event_name":"betterThird:BetterShining","floor":14,"gold_loss":0,"cards_upgraded":["Strike_B","Darkness"]}],"is_beta":false,"boss_relics":[],"items_purged_floors":[],"is_endless":false,"potions_floor_spawned":[3,8,10,11],"killed_by":"The Guardian","ascension_level":20}}