{"host":"sxnl403xm2xmiyj1","time":1609836305,"event":{"mods":["BaseMod","Colored Map","Keyboard Shortcuts","Lobotomy","Minty Spire (QoL Compilation)","Quick Restart","StSLib","SuperFastMode"],"gold_per_floor":[13,13,27,41,54,54,75,114,114,114,114,114],"floor_reached":11,"playtime":330,"items_purged":[],"score":75,"play_id":"4acef530-ea78-429d-8b23-58f0e8837619","local_time":"20210105174505","is_ascension_mode":false,"campfire_choices":[],"circlet_count":0,"master_deck":["SpecialBullet","SpecialBullet","SpecialBullet","SpecialBullet","SpecialBullet","SpecialBullet","SpecialBullet","SpecialBullet","InformationCode","SecurityCode","ExtractionCode","VoidDream","Ecstasy","Regret_ego","Murderer","GreenStem","GalaxyChild","ShedSkin","CherryBlossom","WallGazer","WristCuter","BlackSwan_ego","MagicBullet","FourthMatchFlame","Bloodbath","BloodyDesire"],"relics":["CogitoBucket","Golden Idol","Ancient Tea Set","Bronze Scales"],"acts_visited":["Exordium"],"potions_floor_usage":[],"damage_taken":[{"damage":0,"enemies":"Small Slimes","floor":1,"turns":2},{"damage":7,"enemies":"2 Louse","floor":3,"turns":3},{"damage":6,"enemies":"Cultist","floor":4,"turns":3},{"damage":20,"enemies":"3 Louse","floor":5,"turns":3},{"damage":29,"enemies":"Lots of Slimes","floor":7,"turns":6},{"damage":20,"enemies":"Lagavulin","floor":8,"turns":8},{"damage":35,"enemies":"3 Sentries","floor":11,"turns":3}],"seed_played":"1828975386615164040","potions_obtained":[],"is_trial":false,"path_per_floor":["M","?","M","M","M","R","M","E","T","R","E"],"character_chosen":"Angela","items_purchased":[],"campfire_rested":0,"item_purchase_floors":[],"current_hp_per_floor":[84,63,64,66,54,54,36,30,30,30,0,0],"gold":114,"neow_bonus":"TWENTY_PERCENT_HP_BONUS","is_daily":false,"chose_seed":false,"campfire_upgraded":0,"win_rate":0.0,"timestamp":1609836305,"path_taken":["M","?","M","M","M","R","M","E","T","R","E"],"items_purchased_type":[],"build_version":"2020-12-22","purchased_purges":0,"victory":false,"max_hp_per_floor":[84,84,84,84,84,84,84,84,84,84,84,84],"card_choices":[{"not_picked":["BeautyBeast","FairyFestival"],"picked":"VoidDream","floor":1},{"not_picked":["RapturousDream"],"picked":"Ecstasy","floor":1},{"not_picked":["Penitence"],"picked":"Regret_ego","floor":3},{"not_picked":["SingingMachine","BeautyBeast"],"picked":"Murderer","floor":3},{"not_picked":["Laetitia_ego"],"picked":"GreenStem","floor":3},{"not_picked":["UniverseFragment","MHz"],"picked":"GalaxyChild","floor":4},{"not_picked":["RapturousDream"],"picked":"ShedSkin","floor":4},{"not_picked":["Noise","Galaxy"],"picked":"SKIP","floor":4},{"not_picked":["Wingbeat"],"picked":"CherryBlossom","floor":5},{"not_picked":["SpiderBud","OSAHOGD"],"picked":"WallGazer","floor":5},{"not_picked":["CrimsonScar"],"picked":"WristCuter","floor":5},{"not_picked":["RedEyes"],"picked":"BlackSwan_ego","floor":7},{"not_picked":["Penitence"],"picked":"MagicBullet","floor":7},{"not_picked":["Beak"],"picked":"FourthMatchFlame","floor":8},{"not_picked":["PunishingBird","Mercenary"],"picked":"Bloodbath","floor":8},{"not_picked":["Hornet"],"picked":"BloodyDesire","floor":8}],"player_experience":189535,"relics_obtained":[{"floor":8,"key":"Ancient Tea Set"},{"floor":9,"key":"Bronze Scales"}],"event_choices":[{"damage_healed":0,"gold_gain":0,"player_choice":"Take Damage","damage_taken":21,"relics_obtained":["Golden Idol"],"max_hp_gain":0,"max_hp_loss":0,"event_name":"Golden Idol","floor":2,"gold_loss":0}],"is_beta":false,"boss_relics":[],"items_purged_floors":[],"is_endless":false,"potions_floor_spawned":[],"killed_by":"3 Sentries","ascension_level":0}}