{"host":"x3lqeik2a5qeoft8","time":1609872115,"event":{"mods":["AchievementEnabler","BaseMod","Minty Spire (QoL Compilation)","SuperFastMode"],"gold_per_floor":[114,129,54,69,69,69,107,282,282,301,376,395,414,64,64,189,189,208,227,227,227],"floor_reached":20,"playtime":866,"items_purged":["Alpha","Doubt"],"score":201,"play_id":"d42892ab-252e-4bfb-97b8-fdefd241c8d0","local_time":"20210105194155","daily_mods":["Shiny","Red Cards","Night Terrors"],"is_ascension_mode":false,"campfire_choices":[{"data":"Omniscience","floor":6.0,"key":"SMITH"},{"data":"Blasphemy","floor":15.0,"key":"SMITH"}],"circlet_count":0,"master_deck":["Double Tap","Demon Form","Bludgeon","Feed","Limit Break","Corruption","Barricade","Fiend Fire","Berserk","Impervious","Juggernaut","Brutality","Reaper","Exhume","Offering","Immolate","Judgement","ConjureBlade","MasterReality","Brilliance","Devotion","Blasphemy+1","Ragnarok","LessonLearned","Scrawl","Vault","Wish","Omniscience+1","Establishment","SpiritShield","DevaForm","DeusExMachina","Conclude","WheelKick","Injury","Whirlwind","Flex","Ragnarok"],"relics":["PureWater","Golden Idol","MealTicket","Kunai","Ornamental Fan","Frozen Egg 2","Philosopher\u0027s Stone"],"acts_visited":["Exordium","TheCity"],"potions_floor_usage":[19],"damage_taken":[{"damage":0.0,"enemies":"Small Slimes","floor":1.0,"turns":2.0},{"damage":0.0,"enemies":"Jaw Worm","floor":2.0,"turns":1.0},{"damage":0.0,"enemies":"2 Louse","floor":4.0,"turns":1.0},{"damage":6.0,"enemies":"Gremlin Nob","floor":7.0,"turns":3.0},{"damage":18.0,"enemies":"Exordium Wildlife","floor":10.0,"turns":4.0},{"damage":0.0,"enemies":"3 Louse","floor":12.0,"turns":1.0},{"damage":0.0,"enemies":"Gremlin Gang","floor":13.0,"turns":2.0},{"damage":35.0,"enemies":"Slime Boss","floor":16.0,"turns":5.0},{"damage":0,"enemies":"2 Thieves","floor":18,"turns":1},{"damage":19,"enemies":"Shell Parasite","floor":19,"turns":5},{"damage":100011,"enemies":"Cultist and Chosen","floor":20,"turns":5}],"seed_played":"-8136925521176778862","potions_obtained":[{"floor":7.0,"key":"Ancient Potion"},{"floor":12.0,"key":"LiquidMemories"},{"floor":13.0,"key":"SteroidPotion"},{"floor":16.0,"key":"Regen Potion"}],"is_trial":false,"path_per_floor":["M","M","$","M","?","R","E","?","T","M","T","M","M","$","R","B",null,"M","M","M"],"character_chosen":"WATCHER","items_purchased":["Frozen Egg 2"],"campfire_rested":0,"item_purchase_floors":[14],"current_hp_per_floor":[72,72,72,72,72,72,66,66,66,48,48,72,72,72,72,37,72,72,58,0,0],"gold":227,"neow_bonus":"","is_daily":true,"chose_seed":false,"campfire_upgraded":2,"win_rate":0.0,"timestamp":1609872115,"path_taken":["M","M","$","M","?","R","E","?","T","M","?","M","M","$","R","BOSS","M","M","M"],"items_purchased_type":["Relic"],"build_version":"2020-12-22","purchased_purges":2,"victory":false,"max_hp_per_floor":[72,72,72,72,72,72,72,72,72,72,72,72,72,72,72,72,72,72,72,72,72],"card_choices":[{"not_picked":["Headbutt","Armaments","Clothesline"],"picked":"SKIP","floor":1.0},{"not_picked":["JustLucky","MasterReality"],"picked":"Conclude","floor":2.0},{"not_picked":["Pray","MentalFortress"],"picked":"WheelKick","floor":4.0},{"not_picked":["FlyingSleeves","Havoc","Bloodletting"],"picked":"SKIP","floor":7.0},{"not_picked":["Indignation","FlyingSleeves"],"picked":"Whirlwind","floor":10.0},{"not_picked":["Wallop","Spot Weakness","Indignation"],"picked":"SKIP","floor":12.0},{"not_picked":["FollowUp","Intimidate"],"picked":"Flex","floor":13.0},{"not_picked":["Juggernaut+1","Alpha"],"picked":"Ragnarok","floor":16.0},{"not_picked":["EmptyFist+1","TalkToTheHand","Clash"],"picked":"SKIP","floor":18},{"not_picked":["Hemokinesis","TalkToTheHand","Halt+1"],"picked":"SKIP","floor":19}],"player_experience":115454,"relics_obtained":[{"floor":7.0,"key":"MealTicket"},{"floor":9.0,"key":"Kunai"},{"floor":11.0,"key":"Ornamental Fan"}],"event_choices":[{"damage_healed":0.0,"max_hp_gain":0.0,"max_hp_loss":0.0,"gold_gain":0.0,"event_name":"Golden Idol","player_choice":"Take Wound","floor":5.0,"gold_loss":0.0,"damage_taken":0.0,"relics_obtained":["Golden Idol"],"cards_obtained":["Injury"]},{"damage_healed":0.0,"max_hp_gain":0.0,"max_hp_loss":0.0,"gold_gain":175.0,"event_name":"Liars Game","player_choice":"AGREE","floor":8.0,"gold_loss":0.0,"damage_taken":0.0,"cards_obtained":["Doubt"]}],"is_beta":false,"boss_relics":[{"not_picked":["Astrolabe","Snecko Eye"],"picked":"Philosopher\u0027s Stone"}],"items_purged_floors":[3,14],"is_endless":false,"potions_floor_spawned":[7,12,13,16],"killed_by":"Cultist and Chosen","ascension_level":0}}