{"host":"vsdszi3rnxsdp24p","time":1609865861,"event":{"mods":["AchievementEnabler","BaseMod","Bestiary","Colored Map","Colored Powertips","Curses Come First","DeckTracker","Hermit","Highlight Path","Minty Spire (QoL Compilation)","Quick Restart","Relic Sorter","Relic Stats","StSLib","SuperFastMode","Synergy Search","The Cursed","The Mystic"],"gold_per_floor":[209,2,16,16,36,36,70,0,25,300,319,269,297,312,312,416,416,436,12,12,22,32,32,42,60,87,87,101,101,101,117,117,117,117],"floor_reached":33,"playtime":1163,"items_purged":["Defend_B"],"score":334,"play_id":"4c2a013e-a98c-4eea-aead-b43c090feda2","local_time":"20210105175741","is_ascension_mode":false,"campfire_choices":[{"data":"Storm","floor":6,"key":"SMITH"},{"floor":15,"key":"REST"},{"data":"Apotheosis","floor":23,"key":"SMITH"},{"floor":29,"key":"REST"},{"floor":32,"key":"REST"}],"circlet_count":0,"master_deck":["Strike_B","Strike_B","Strike_B","Strike_B","Defend_B","Defend_B","Defend_B","Zap","Dualcast","BootSequence","Storm+1","Doom and Gloom","Leap","Multi-Cast","Rebound","Flash of Steel","Doom and Gloom","Turbo","Self Repair","Heatsinks","Conserve Battery","Hello World","Electrodynamics","Leap","Apotheosis+1","Leap","Machine Learning","Writhe","Ball Lightning+1","Leap+1","Redo","Clumsy","Necronomicurse","Chill","Normality","Cold Snap"],"relics":["Cracked Core","PreservedInsect","Happy Flower","Toy Ornithopter","Cursed Key","Shuriken","Bag of Marbles","Necronomicon","Ice Cream"],"acts_visited":["Exordium","TheCity"],"potions_floor_usage":[],"damage_taken":[{"damage":6,"enemies":"Jaw Worm","floor":1,"turns":3},{"damage":8,"enemies":"Cultist","floor":3,"turns":5},{"damage":0,"enemies":"Small Slimes","floor":5,"turns":3},{"damage":41,"enemies":"Lagavulin","floor":7,"turns":7},{"damage":0,"enemies":"3 Louse","floor":11,"turns":3},{"damage":0,"enemies":"Gremlin Nob","floor":13,"turns":3},{"damage":10,"enemies":"Looter","floor":14,"turns":3},{"damage":41,"enemies":"The Guardian","floor":16,"turns":9},{"damage":10,"enemies":"Chosen","floor":18,"turns":4},{"damage":22,"enemies":"2 Thieves","floor":21,"turns":3},{"damage":25,"enemies":"Shelled Parasite and Fungi","floor":22,"turns":4},{"damage":17,"enemies":"Cultist and Chosen","floor":24,"turns":5},{"damage":30,"enemies":"Centurion and Healer","floor":25,"turns":5},{"damage":0,"enemies":"Snake Plant","floor":28,"turns":3},{"damage":32,"enemies":"Shelled Parasite and Fungi","floor":31,"turns":3},{"damage":39,"enemies":"Automaton","floor":33,"turns":6}],"seed_played":"-2390200140570043915","potions_obtained":[{"floor":3,"key":"FairyPotion"},{"floor":5,"key":"GamblersBrew"},{"floor":16,"key":"FocusPotion"}],"is_trial":false,"path_per_floor":["M","$","M","?","M","R","E","$","T","?","M","?","E","M","R","B",null,"M","$","?","M","M","R","M","M","T","?","M","R","T","M","R","B"],"character_chosen":"DEFECT","items_purchased":["Storm","Doom and Gloom","Leap","Self Repair","Apotheosis","Leap","Machine Learning"],"campfire_rested":3,"item_purchase_floors":[2,2,2,8,19,19,19],"current_hp_per_floor":[69,69,61,61,61,61,20,20,20,20,20,20,27,24,46,12,75,72,72,72,57,42,42,25,32,32,16,16,38,38,13,35,0,0],"gold":117,"neow_bonus":"HUNDRED_GOLD","is_daily":false,"chose_seed":false,"campfire_upgraded":2,"win_rate":0.0,"timestamp":1609865861,"path_taken":["M","$","M","?","M","R","E","?","T","?","?","?","E","M","R","BOSS","M","$","?","M","M","R","M","M","T","?","M","R","?","?","R","BOSS"],"items_purchased_type":["Card","Card","Card","Card","Card","Card","Card"],"build_version":"2020-12-22","purchased_purges":1,"victory":false,"max_hp_per_floor":[75,75,75,75,75,75,75,75,75,75,75,75,75,75,75,75,75,75,75,75,75,75,75,75,75,75,75,75,75,75,75,75,75,75],"relic_stats":{"Happy Flower":[17],"counters":[16,69],"Shuriken":[4],"PreservedInsect":22,"Necronomicon":[4],"Cursed Key":2,"obtain_stats":[{"Ice Cream":30,"Happy Flower":9,"Shuriken":20,"PreservedInsect":7,"Bag of Marbles":26,"Necronomicon":27,"Cracked Core":0,"Cursed Key":17,"Toy Ornithopter":13},{"Ice Cream":14,"Happy Flower":4,"Shuriken":9,"PreservedInsect":4,"Bag of Marbles":13,"Necronomicon":13,"Cracked Core":0,"Cursed Key":8,"Toy Ornithopter":6},{"Ice Cream":60,"Happy Flower":18,"Shuriken":40,"PreservedInsect":18,"Bag of Marbles":57,"Necronomicon":57,"Cracked Core":0,"Cursed Key":36,"Toy Ornithopter":24}],"Toy Ornithopter":0},"card_choices":[{"not_picked":["Stack","Compile Driver"],"picked":"BootSequence","floor":1},{"not_picked":["Gash","Steam","FTL"],"picked":"SKIP","floor":3},{"not_picked":["Ball Lightning","Gash"],"picked":"Doom and Gloom","floor":5},{"not_picked":["Cold Snap","Rebound"],"picked":"Turbo","floor":7},{"not_picked":["Barrage","Beam Cell"],"picked":"Heatsinks","floor":11},{"not_picked":["Steam","Beam Cell"],"picked":"Conserve Battery","floor":13},{"not_picked":["Undo","Skim"],"picked":"Hello World","floor":14},{"not_picked":["Thunder Strike","Meteor Strike"],"picked":"Electrodynamics","floor":16},{"not_picked":["Genetic Algorithm","Compile Driver+1"],"picked":"Leap","floor":18},{"not_picked":["Rebound","Turbo"],"picked":"Ball Lightning+1","floor":21},{"not_picked":["Reboot","Rebound"],"picked":"Leap+1","floor":22},{"not_picked":["Sweeping Beam","Blizzard+1"],"picked":"Redo","floor":24},{"not_picked":["Barrage","Steam","Sweeping Beam"],"picked":"SKIP","floor":25},{"not_picked":["Beam Cell+1","Gash"],"picked":"Chill","floor":28},{"not_picked":["Leap","Sweeping Beam"],"picked":"Cold Snap","floor":31}],"player_experience":139204,"relics_obtained":[{"floor":7,"key":"PreservedInsect"},{"floor":9,"key":"Happy Flower"},{"floor":13,"key":"Toy Ornithopter"},{"floor":26,"key":"Bag of Marbles"},{"floor":27,"key":"Necronomicon"},{"floor":30,"key":"Ice Cream"}],"event_choices":[{"damage_healed":0,"gold_gain":0,"player_choice":"3 cards matched","damage_taken":0,"max_hp_gain":0,"max_hp_loss":0,"event_name":"Match and Keep!","floor":4,"gold_loss":0,"cards_obtained":["Multi-Cast","Rebound","Flash of Steel"]},{"damage_healed":0,"gold_gain":275,"player_choice":"Desecrate","damage_taken":0,"max_hp_gain":0,"max_hp_loss":0,"event_name":"Golden Shrine","floor":10,"gold_loss":0,"cards_obtained":["Regret"]},{"cards_removed":["Regret"],"damage_healed":0,"gold_gain":0,"player_choice":"Card Removal","damage_taken":0,"max_hp_gain":0,"max_hp_loss":0,"event_name":"The Cleric","floor":12,"gold_loss":50},{"damage_healed":0,"gold_gain":0,"player_choice":"Opened","damage_taken":0,"relics_obtained":["Shuriken"],"max_hp_gain":0,"max_hp_loss":0,"event_name":"The Mausoleum","floor":20,"gold_loss":0,"cards_obtained":["Writhe"]},{"damage_healed":0,"gold_gain":0,"player_choice":"Obtained Book","damage_taken":16,"max_hp_gain":0,"max_hp_loss":0,"event_name":"Cursed Tome","floor":27,"gold_loss":0}],"is_beta":false,"boss_relics":[{"not_picked":["Runic Dome","Velvet Choker"],"picked":"Cursed Key"}],"items_purged_floors":[19],"is_endless":false,"potions_floor_spawned":[3,5,16,21,22,24],"killed_by":"Automaton","ascension_level":0}}