{"host":"Rich","time":1609814998,"event":{"mods":["AchievementEnabler","BaseMod","Highlight Path","Minty Spire (QoL Compilation)","Relic Stats"],"gold_per_floor":[118,118,118,118,137,162,162,76,121,138,154,188,238,254,254,333,333,344,344,344,344],"floor_reached":20,"playtime":504,"items_purged":[],"score":464,"play_id":"ba10800b-2445-41f2-a9b1-f27d819841d0","local_time":"20210104214958","is_ascension_mode":true,"campfire_choices":[{"data":"CutThroughFate","floor":7.0,"key":"SMITH"},{"data":"Tantrum","floor":15.0,"key":"SMITH"}],"circlet_count":0,"master_deck":["AscendersBane","Strike_P","Strike_P","Strike_P","Defend_P","Defend_P","Defend_P","Eruption","Vigilance","EmptyFist","EmptyBody","BowlingBash","CutThroughFate+1","Halt","CutThroughFate","CutThroughFate","Tantrum+1","Adaptation","DevaForm","Vault","WheelKick+1"],"relics":["PureWater","NeowsBlessing","Bronze Scales","Toy Ornithopter","Dead Branch","Snecko Eye"],"acts_visited":["Exordium","TheCity"],"potions_floor_usage":[20,20],"damage_taken":[{"damage":0.0,"enemies":"Small Slimes","floor":1.0,"turns":1.0},{"damage":0.0,"enemies":"2 Louse","floor":5.0,"turns":1.0},{"damage":0.0,"enemies":"3 Sentries","floor":6.0,"turns":2.0},{"damage":0.0,"enemies":"Cultist","floor":10.0,"turns":2.0},{"damage":6.0,"enemies":"Exordium Wildlife","floor":11.0,"turns":2.0},{"damage":0.0,"enemies":"Gremlin Nob","floor":12.0,"turns":3.0},{"damage":13.0,"enemies":"Gremlin Gang","floor":14.0,"turns":3.0},{"damage":24.0,"enemies":"The Guardian","floor":16.0,"turns":9.0},{"damage":32.0,"enemies":"2 Thieves","floor":18.0,"turns":4.0},{"damage":20,"enemies":"3 Byrds","floor":20,"turns":2}],"seed_played":"237538922733716903","potions_obtained":[{"floor":6.0,"key":"Block Potion"},{"floor":11.0,"key":"Ancient Potion"},{"floor":12.0,"key":"FearPotion"},{"floor":16.0,"key":"SkillPotion"},{"floor":18.0,"key":"Ancient Potion"}],"is_trial":false,"path_per_floor":["M","?","?","?","M","E","R","$","T","M","M","E","?","M","R","B",null,"M","?","M"],"character_chosen":"WATCHER","items_purchased":["Halt","CutThroughFate"],"campfire_rested":0,"item_purchase_floors":[8,8],"current_hp_per_floor":[61,61,54,54,54,54,54,54,54,54,48,53,47,34,34,15,55,28,9,0,0],"gold":344,"neow_bonus":"THREE_ENEMY_KILL","is_daily":false,"chose_seed":false,"campfire_upgraded":2,"win_rate":0.0,"timestamp":1609814998,"path_taken":["M","?","?","?","?","E","R","$","T","M","M","E","?","?","R","BOSS","M","?","M"],"items_purchased_type":["Card","Card"],"build_version":"2020-12-18","purchased_purges":0,"victory":false,"max_hp_per_floor":[68,68,68,68,68,68,68,68,68,68,68,68,68,68,68,68,68,68,73,73,73],"relic_stats":{"counters":[10,29],"Bronze Scales":[84],"Dead Branch":[13],"Snecko Eye":[7,9,16,12],"obtain_stats":[{"NeowsBlessing":0,"Bronze Scales":6,"Dead Branch":12,"Snecko Eye":17,"PureWater":0,"Toy Ornithopter":9},{"NeowsBlessing":0,"Bronze Scales":3,"Dead Branch":6,"Snecko Eye":8,"PureWater":0,"Toy Ornithopter":3},{"NeowsBlessing":0,"Bronze Scales":4,"Dead Branch":11,"Snecko Eye":23,"PureWater":0,"Toy Ornithopter":4}],"Toy Ornithopter":25},"card_choices":[{"not_picked":["Perseverance","Meditate"],"picked":"EmptyFist","floor":1.0},{"not_picked":["Sanctity","CarveReality"],"picked":"BowlingBash","floor":5.0},{"not_picked":["Conclude","CarveReality"],"picked":"CutThroughFate","floor":6.0},{"not_picked":["MasterReality","EmptyMind"],"picked":"CutThroughFate","floor":10.0},{"not_picked":["CrushJoints","FollowUp"],"picked":"Tantrum","floor":11.0},{"not_picked":["BowlingBash","SashWhip"],"picked":"Adaptation","floor":12.0},{"not_picked":["ThirdEye","EmptyBody"],"picked":"DevaForm","floor":14.0},{"not_picked":["Scrawl","Establishment"],"picked":"Vault","floor":16.0},{"not_picked":["Prostrate","Evaluate"],"picked":"WheelKick+1","floor":18.0}],"player_experience":1963257,"relics_obtained":[{"floor":6.0,"key":"Bronze Scales"},{"floor":9.0,"key":"Toy Ornithopter"},{"floor":12.0,"key":"Dead Branch"}],"event_choices":[{"damage_healed":0.0,"max_hp_gain":0.0,"max_hp_loss":0.0,"gold_gain":0.0,"cards_transformed":["Strike_P"],"event_name":"Living Wall","player_choice":"Change","floor":2.0,"gold_loss":0.0,"damage_taken":0.0,"cards_obtained":["EmptyBody"]},{"cards_removed":["Defend_P"],"damage_healed":0.0,"max_hp_gain":0.0,"max_hp_loss":0.0,"gold_gain":0.0,"event_name":"Golden Wing","player_choice":"Card Removal","floor":3.0,"gold_loss":0.0,"damage_taken":7.0},{"damage_healed":0.0,"max_hp_gain":0.0,"max_hp_loss":0.0,"gold_gain":0.0,"event_name":"Match and Keep!","player_choice":"0 cards matched","floor":4.0,"gold_loss":0.0,"damage_taken":0.0,"cards_obtained":[]},{"damage_healed":0.0,"max_hp_gain":0.0,"max_hp_loss":0.0,"gold_gain":50.0,"event_name":"FaceTrader","player_choice":"Touch","floor":13.0,"gold_loss":0.0,"damage_taken":6.0},{"damage_healed":0.0,"max_hp_gain":5.0,"max_hp_loss":0.0,"gold_gain":0.0,"event_name":"Forgotten Altar","player_choice":"Shed Blood","floor":19.0,"gold_loss":0.0,"damage_taken":24.0}],"is_beta":true,"boss_relics":[{"not_picked":["Velvet Choker","Astrolabe"],"picked":"Snecko Eye"}],"items_purged_floors":[],"is_endless":false,"potions_floor_spawned":[6,11,12,14,16,18],"killed_by":"3 Byrds","ascension_level":20}}