{"host":"g01l53quoe6lrer0","time":1609877800,"event":{"mods":["2.2 Compatiblity","AchievementEnabler","BaseMod","Colored Map","Highlight Path","Keyboard Shortcuts","Minty Spire (QoL Compilation)","Permanent Neow","Quick Restart","StSLib","SuperFastMode","everything is the same but u backflip on backflip"],"gold_per_floor":[363,383,1,1,21,21,52,52,52,52,2,19,19,34,34,34,34],"floor_reached":16,"playtime":377,"items_purged":["Decay","Strike_R"],"score":140,"play_id":"d4273eca-fbb3-43f6-92d0-9220f394f527","local_time":"20210106051640","is_ascension_mode":true,"campfire_choices":[{"data":"Clash","floor":6,"key":"SMITH"},{"data":"Inflame","floor":8,"key":"SMITH"},{"data":"Pummel","floor":15,"key":"SMITH"}],"circlet_count":0,"master_deck":["Strike_R","Strike_R","Strike_R","Strike_R","Defend_R","Defend_R+1","Defend_R+1","Defend_R","Bash","Clash+1","Bloodletting+1","Pummel+1","Inflame+1","Thunderclap","Swivel"],"relics":["Burning Blood","PrismaticShard","Oddly Smooth Stone","Bottled Flame","The Courier","Smiling Mask"],"acts_visited":["Exordium"],"potions_floor_usage":[7,16],"damage_taken":[{"damage":8.0,"enemies":"Cultist","floor":1.0,"turns":4.0},{"damage":1,"enemies":"2 Louse","floor":2,"turns":3},{"damage":6,"enemies":"Small Slimes","floor":5,"turns":4},{"damage":30,"enemies":"3 Sentries","floor":7,"turns":11},{"damage":5,"enemies":"3 Louse","floor":12,"turns":2},{"damage":6,"enemies":"Lots of Slimes","floor":14,"turns":4},{"damage":11,"enemies":"The Guardian","floor":16,"turns":5}],"seed_played":"1880190989324419813","potions_obtained":[{"floor":1.0,"key":"DuplicationPotion"},{"floor":7,"key":"Explosive Potion"},{"floor":14,"key":"PowerPotion"}],"is_trial":false,"path_per_floor":["M","M","$","T","M","R","E","R","T","?","$","M","?","M","R","B"],"character_chosen":"IRONCLAD","items_purchased":["PrismaticShard","Oddly Smooth Stone"],"campfire_rested":0,"item_purchase_floors":[3,3],"current_hp_per_floor":[70,75,75,75,75,75,51,51,51,35,35,36,36,36,36,25,25],"gold":34,"neow_bonus":"TWO_FIFTY_GOLD","is_daily":false,"chose_seed":false,"campfire_upgraded":3,"win_rate":0.0,"timestamp":1609877800,"path_taken":["M","?","$","?","M","R","E","R","T","?","$","M","?","M","R","BOSS"],"items_purchased_type":["Relic","Relic"],"build_version":"2020-12-22","purchased_purges":2,"victory":false,"max_hp_per_floor":[80,80,80,80,80,80,80,80,80,80,80,80,80,80,80,80,80],"card_choices":[{"not_picked":["Pommel Strike","Armaments"],"picked":"Clash","floor":1.0},{"not_picked":["Pummel","True Grit"],"picked":"Bloodletting","floor":2},{"not_picked":["Blade Dance","Cold Snap"],"picked":"Pummel","floor":5},{"not_picked":["CutThroughFate","Infinite Blades"],"picked":"Inflame","floor":7},{"not_picked":["Cleave","Underhanded Strike"],"picked":"Thunderclap","floor":12},{"not_picked":["Dodge and Roll","ReachHeaven"],"picked":"Swivel","floor":14}],"player_experience":83605,"relics_obtained":[{"floor":4,"key":"Bottled Flame"},{"floor":7,"key":"The Courier"},{"floor":9,"key":"Smiling Mask"}],"event_choices":[{"damage_healed":0,"gold_gain":0,"player_choice":"Entered Light","damage_taken":16,"max_hp_gain":0,"max_hp_loss":0,"event_name":"Shining Light","floor":10,"gold_loss":0,"cards_upgraded":["Defend_R","Defend_R"]},{"damage_healed":0,"gold_gain":0,"player_choice":"Forge","damage_taken":0,"max_hp_gain":0,"max_hp_loss":0,"event_name":"Accursed Blacksmith","floor":13,"gold_loss":0,"cards_upgraded":["Bloodletting"]}],"is_beta":false,"boss_relics":[],"items_purged_floors":[3,11],"is_endless":false,"potions_floor_spawned":[1,7,14],"killed_by":"The Guardian","ascension_level":8}}