{"host":"dgf4n6lo35jtjz0c","time":1609834736,"event":{"mods":["AchievementEnabler","BaseMod","Bestiary","Colored Powertips","Minty Spire (QoL Compilation)"],"gold_per_floor":[114,128,138,138,138,138,172,172,172,202,212,247,264,22,22,118,118,135,149,149,68,134,134,159,209,209,220,289,289,306,17,17,17,17],"floor_reached":33,"playtime":2582,"items_purged":["Regret"],"score":277,"play_id":"d6ac6b34-fca1-4c5d-9c5c-f52d6d450cd4","local_time":"20210105191856","is_ascension_mode":false,"campfire_choices":[{"floor":6.0,"key":"REST"},{"floor":8.0,"key":"REST"},{"floor":15.0,"key":"REST"},{"floor":23.0,"key":"REST"},{"floor":29,"key":"REST"},{"floor":32,"key":"REST"}],"circlet_count":0,"master_deck":["Strike_G","Strike_G","Strike_G","Strike_G","Strike_G","Defend_G","Defend_G","Defend_G","Defend_G","Defend_G","Survivor","Neutralize","Caltrops","Deflect","Backstab","Dodge and Roll","Flying Knee","Well Laid Plans","Accuracy","A Thousand Cuts","Dodge and Roll+1","Dodge and Roll+1","Dramatic Entrance","Footwork","A Thousand Cuts","Decay","Terror","Deflect","Dash","Backstab"],"relics":["Fusion Hammer","FossilizedHelix","Nunchaku","Snake Skull","Meat on the Bone","Mummified Hand","Kunai","Sozu","SsserpentHead","Toy Ornithopter","Pear","Dream Catcher"],"acts_visited":["Exordium","TheCity"],"potions_floor_usage":[24],"damage_taken":[{"damage":0.0,"enemies":"Cultist","floor":1.0,"turns":4.0},{"damage":0.0,"enemies":"Jaw Worm","floor":2.0,"turns":5.0},{"damage":0.0,"enemies":"2 Louse","floor":3.0,"turns":3.0},{"damage":30.0,"enemies":"3 Sentries","floor":7.0,"turns":12.0},{"damage":1.0,"enemies":"Lots of Slimes","floor":11.0,"turns":5.0},{"damage":9.0,"enemies":"Gremlin Nob","floor":12.0,"turns":4.0},{"damage":14.0,"enemies":"Large Slime","floor":13.0,"turns":8.0},{"damage":41.0,"enemies":"Slime Boss","floor":16.0,"turns":23.0},{"damage":22.0,"enemies":"Spheric Guardian","floor":18.0,"turns":5.0},{"damage":18.0,"enemies":"Chosen","floor":19.0,"turns":8.0},{"damage":9.0,"enemies":"3 Cultists","floor":22.0,"turns":7.0},{"damage":16,"enemies":"Gremlin Leader","floor":24,"turns":11},{"damage":35,"enemies":"Shelled Parasite and Fungi","floor":27,"turns":8},{"damage":5,"enemies":"Sentry and Sphere","floor":28,"turns":8},{"damage":46,"enemies":"Cultist and Chosen","floor":30,"turns":9},{"damage":77,"enemies":"Collector","floor":33,"turns":6}],"seed_played":"8413672637780643948","potions_obtained":[{"floor":3.0,"key":"Weak Potion"},{"floor":11.0,"key":"FearPotion"},{"floor":13.0,"key":"Swift Potion"},{"floor":16.0,"key":"Strength Potion"}],"is_trial":false,"path_per_floor":["M","M","M","?","?","R","E","R","T","?","M","E","M","$","R","B",null,"M","M","?","$","M","R","E","?","T","M","M","R","M","$","R","B"],"character_chosen":"THE_SILENT","items_purchased":["Kunai","Dramatic Entrance","Dream Catcher","Dash"],"campfire_rested":6,"item_purchase_floors":[14,21,31,31],"current_hp_per_floor":[70,70,70,70,67,70,40,61,61,61,60,51,37,37,58,29,70,48,42,42,42,45,66,50,50,60,37,44,68,34,34,58,0,0],"gold":17,"neow_bonus":"BOSS_RELIC","is_daily":false,"chose_seed":false,"campfire_upgraded":0,"win_rate":0.0,"timestamp":1609834736,"path_taken":["M","M","M","?","?","R","E","R","T","?","M","E","M","$","R","BOSS","M","M","?","$","?","R","E","?","T","M","?","R","M","$","R","BOSS"],"items_purchased_type":["Relic","Card","Relic","Card"],"build_version":"2020-12-22","purchased_purges":1,"victory":false,"max_hp_per_floor":[70,70,70,70,70,70,70,70,70,70,70,70,70,70,70,70,70,70,70,70,70,70,70,70,70,80,80,80,80,80,80,80,80,80],"card_choices":[{"not_picked":["Bane","Well Laid Plans"],"picked":"Caltrops","floor":1.0},{"not_picked":["Crippling Poison","Slice"],"picked":"Deflect","floor":2.0},{"not_picked":["Underhanded Strike","Endless Agony"],"picked":"Backstab","floor":3.0},{"not_picked":["Dash","Bane"],"picked":"Dodge and Roll","floor":7.0},{"not_picked":["Deadly Poison","Underhanded Strike"],"picked":"Flying Knee","floor":11.0},{"not_picked":["Distraction","Night Terror"],"picked":"Well Laid Plans","floor":12.0},{"not_picked":["PiercingWail","Heel Hook"],"picked":"Accuracy","floor":13.0},{"not_picked":["Malaise","Storm of Steel"],"picked":"A Thousand Cuts","floor":16.0},{"not_picked":["Choke","Quick Slash"],"picked":"Dodge and Roll+1","floor":18.0},{"not_picked":["Deflect","Acrobatics+1"],"picked":"Dodge and Roll+1","floor":19.0},{"not_picked":["Prepared+1","Blur"],"picked":"Footwork","floor":22.0},{"not_picked":["Bane+1","Catalyst"],"picked":"A Thousand Cuts","floor":24},{"not_picked":["Dagger Throw","Prepared+1"],"picked":"Terror","floor":27},{"not_picked":["Bane","Acrobatics","Crippling Poison"],"picked":"SKIP","floor":28},{"not_picked":["Reflex+1","Flying Knee"],"picked":"Deflect","floor":30},{"not_picked":["Poisoned Stab+1","Acrobatics+1"],"picked":"Backstab","floor":32}],"player_experience":68638,"relics_obtained":[{"floor":7.0,"key":"Snake Skull"},{"floor":9.0,"key":"Meat on the Bone"},{"floor":12.0,"key":"Mummified Hand"},{"floor":24,"key":"Toy Ornithopter"},{"floor":26,"key":"Pear"}],"event_choices":[{"damage_healed":0.0,"max_hp_gain":0.0,"max_hp_loss":0.0,"gold_gain":0.0,"event_name":"Big Fish","player_choice":"Box","floor":4.0,"gold_loss":0.0,"damage_taken":0.0,"relics_obtained":["FossilizedHelix"],"cards_obtained":["Regret"]},{"damage_healed":0.0,"max_hp_gain":0.0,"max_hp_loss":0.0,"gold_gain":0.0,"event_name":"Scrap Ooze","player_choice":"Success","floor":5.0,"gold_loss":0.0,"damage_taken":3.0,"relics_obtained":["Nunchaku"]},{"damage_healed":0.0,"max_hp_gain":0.0,"max_hp_loss":0.0,"gold_gain":30.0,"event_name":"Dead Adventurer","player_choice":"Searched \u00271\u0027 times","floor":10.0,"gold_loss":0.0,"damage_taken":0.0},{"damage_healed":0.0,"max_hp_gain":0.0,"max_hp_loss":0.0,"gold_gain":0.0,"event_name":"FaceTrader","player_choice":"Trade","floor":20.0,"gold_loss":0.0,"damage_taken":0.0,"relics_obtained":["SsserpentHead"]},{"damage_healed":0,"gold_gain":0,"player_choice":"Cursed","damage_taken":0,"max_hp_gain":0,"max_hp_loss":0,"event_name":"Wheel of Change","floor":25,"gold_loss":0,"cards_obtained":["Decay"]}],"is_beta":false,"boss_relics":[{"not_picked":["HoveringKite","WristBlade"],"picked":"Sozu"}],"items_purged_floors":[31],"is_endless":false,"potions_floor_spawned":[3,11,13,16,22,24,27,28,30],"killed_by":"Collector","ascension_level":0}}