{"host":"0azimyi6n3ugndj4","time":1609877562,"event":{"mods":["2.2 Compatiblity","BaseMod","Bestiary","Conspire","Curses Come First","Defuse TimeMaze Blight","Hermit","Hubris","Hyrulean Relics","Infinite Spire","Jorbs\u0027s Wanderer Trilogy","Minty Spire (QoL Compilation)","Relic Stats","Replay The Spire","StSLib","SuperFastMode","The Cursed","The Hierophant","Uncapped","¡¼?Úª?ø«¡½REMEMod"],"gold_per_floor":[144,144,144,16,16,16,122,177,177,262,262,262,344,344,344,582,582,628,628,628,662,662,662,20,116,140,231,231,231,265,6,6,253,353,414,414,414,510,604,604,8,253,279,379,379,11,11,83,83,52,52],"floor_reached":50,"playtime":750,"items_purged":[],"score":1757,"play_id":"0b5606a2-0267-45df-a68a-3be7b47cf5b6","local_time":"20210106051242","daily_mods":["SealedDeck","Hoarder","Insanity","Chimera","Specialized","Vintage","ControlledChaos","Allstar","Diverse","Colorless Cards","Heirloom","Time Dilation","Flight","Elite Swarm","Lethality","Midas","Night Terrors","Terminal","Binary"],"is_ascension_mode":true,"campfire_choices":[{"floor":6,"key":"REST"},{"floor":11,"key":"REST"},{"floor":15,"key":"REST"},{"floor":23,"key":"REST"},{"floor":32,"key":"REST"},{"floor":40,"key":"REST"},{"floor":49,"key":"REST"}],"circlet_count":0,"master_deck":["Demon Form","Wraith Form v2","Echo Form","DevaForm","stsjorbsmod:ArcaneForm","stsjorbsmod:WastingForm","AscendersBane","hubris:Hubris","Bash","Survivor","Zap","Strike_R","Strike_G","Strike_B","Defend_R","Defend_G","Defend_P","Loop","Bouncing Flask","hierophant:Remorse","Scrape","hermit:Roulette","Replay:Undeath\u0027s Touch","Bane","Cleave","Bane","Headbutt","hermit:Coalescence","hierophant:OrnateJavelin","hubris:SharpeningStone","ReplayTheSpireMod:Shiv Toss","ReplayTheSpireMod:Shiv Toss","hubris:Insight","Poisoned Stab","Clash","Panic Button","REME_DataAnalysis","Anger","conspire:PoisonWeapons","Slice","hermit:Enervate","hermit:Desperado","Shockwave","REME_Repentance","Iron Wave","hierophant:Martyrdom","Sucker Punch","Flying Knee","hubris:TrickCloak","REME_Scribble+1","hierophant:RepressedViolence","stsjorbsmod:UnseenServant","CrushJoints","Warcry","hubris:Sniper","TheCursedMod:ReleasedStrength","stsjorbsmod:FracturedMind","hermit:FullyLoaded","Deflect","stsjorbsmod:Hurt","ReplayTheSpireMod:Strike From Hell","Perseverance","hermit:ShadowCloak","hermit:TakeCover","Pommel Strike","stsjorbsmod:BlackTentacles","hermit:LuckOfTheDraw","Poison Darts","Poison Darts","Poison Darts","Poison Darts","Poison Darts","Poison Darts","Poison Darts","Poison Darts","Poison Darts","Poison Darts","Poison Darts","Poison Darts","Poison Darts","Poison Darts","Poison Darts","REME_Repentance","REME_Repentance","REME_Repentance","Beam Cell","Beam Cell","Beam Cell","REME_SingleHolding","REME_SingleHolding","REME_SingleHolding","ReplayTheSpireMod:GoodbyeWorld","ReplayTheSpireMod:GoodbyeWorld","ReplayTheSpireMod:GoodbyeWorld","stsjorbsmod:Index","stsjorbsmod:Index","stsjorbsmod:Index","TheCursedMod:Stigma","TheCursedMod:Stigma","TheCursedMod:Stigma","ReplayTheSpireMod:Dual Polarity","ReplayTheSpireMod:Dual Polarity","ReplayTheSpireMod:Dual Polarity","Run Through","Run Through","Run Through","stsjorbsmod:Hurt","stsjorbsmod:Hurt","stsjorbsmod:Hurt","hermit:Snipe","hermit:Snipe","hermit:Snipe","Escape Plan","Escape Plan","Escape Plan","stsjorbsmod:RayOfFrost","stsjorbsmod:RayOfFrost","stsjorbsmod:RayOfFrost","hermit:Roulette","hermit:Roulette","hermit:Roulette","stsjorbsmod:ArcaneWeapon","stsjorbsmod:ArcaneWeapon","stsjorbsmod:ArcaneWeapon","hierophant:Upheaval","hierophant:Upheaval","hierophant:Upheaval","Pummel+1","Pummel+1","Pummel+1","Dagger Spray","Dagger Spray","Dagger Spray","Dagger Throw","Dagger Throw","Dagger Throw","conspire:HitWhereItHurts","conspire:HitWhereItHurts","conspire:HitWhereItHurts","Bash","Bash","Bash","Uppercut","Uppercut","Uppercut","hermit:Deadeye","hermit:Deadeye","hermit:Deadeye","Dagger Spray+1","Dagger Spray+1","Dagger Spray+1"],"relics":["infinitespire:DarkRift","Frozen Eye","Busted Crown","REME_ComplimentaryCards","hubris:BlackHole","Durian","ReplayFunnel","Thread and Needle","infinitespire:Cubic Diamond","zeldaRelics:CourageTriforce","Red Skull","zeldaRelics:WisdomTriforce","SacredBark","King of Hearts","Orrery","Runic Pyramid","GremlinMask","InkBottle","MutagenicStrength","HandDrill","hubris:SlimyHat","Vajra","zeldaRelics:PowerTriforce","hubris:Icosahedron","Singing Bowl","zeldaRelics:Boomerang","Replay:Wanted Poster","infinitespire:Midas Blood","Art of War","hubris:CuriousFeather","Gremlin Horn","Medical Kit","ReplayTheSpireMod:Spearhead","hubris:Towel","REME_CardOfGreed","infinitespire:Beetle Shell","Happy Flower","Akabeko"],"acts_visited":["Exordium","TheCity","TheBeyond"],"potions_floor_usage":[50],"damage_taken":[{"damage":0,"enemies":"Small Slimes","floor":1,"turns":1},{"damage":0,"enemies":"Lagavulin","floor":7,"turns":1},{"damage":0,"enemies":"2 Louse","floor":8,"turns":1},{"damage":0,"enemies":"Gremlin Nob","floor":10,"turns":3},{"damage":0,"enemies":"3 Sentries","floor":13,"turns":1},{"damage":6,"enemies":"Slime Boss","floor":16,"turns":5},{"damage":0,"enemies":"conspire:FuzzyDice","floor":18,"turns":2},{"damage":0,"enemies":"Chosen","floor":21,"turns":2},{"damage":0,"enemies":"Book of Stabbing","floor":25,"turns":2},{"damage":0,"enemies":"Slavers","floor":27,"turns":2},{"damage":0,"enemies":"Shelled Parasite and Fungi","floor":30,"turns":3},{"damage":0,"enemies":"Champ","floor":33,"turns":4},{"damage":0,"enemies":"Orb Walker","floor":35,"turns":1},{"damage":3,"enemies":"3 Shapes","floor":38,"turns":2},{"damage":0,"enemies":"Mind Bloom Boss Battle","floor":39,"turns":2},{"damage":0,"enemies":"Nightmare","floor":44,"turns":3},{"damage":6,"enemies":"Transient","floor":48,"turns":2},{"damage":5,"enemies":"infinitespire:MassOfShapes","floor":50,"turns":1}],"seed_played":"-437388396158669406","potions_obtained":[{"floor":1,"key":"BlessingOfTheForge"},{"floor":10,"key":"BloodPotion"},{"floor":18,"key":"SkillPotion"}],"is_trial":true,"path_per_floor":["M","?","?","$","?","R","E","M","T","E","R","T","E","?","R","B",null,"M","AVR","?","M","?","R","$","E","T","E","?","?","M","$","R","B",null,"M","?","?","M","?","R","$","?","T","NM","?","$","T","M","R","B"],"character_chosen":"IRONCLAD","items_purchased":["stsjorbsmod:RayOfFrost","hermit:Roulette","stsjorbsmod:ArcaneWeapon","HandDrill","hubris:SlimyHat","Vajra","hierophant:Upheaval","Pummel+1","zeldaRelics:Boomerang","Dagger Spray","Dagger Throw","Gremlin Horn","Medical Kit","Uppercut","hermit:Deadeye","REME_CardOfGreed","infinitespire:Beetle Shell","Dagger Spray+1"],"campfire_rested":7,"item_purchase_floors":[4,4,4,24,24,24,24,24,31,31,31,41,41,41,41,46,46,46],"current_hp_per_floor":[78,73,73,73,73,68,67,66,65,64,58,57,56,49,49,43,47,46,45,44,43,42,36,35,34,33,32,31,30,29,28,22,21,20,19,18,17,14,14,9,8,10,10,11,10,9,8,5,4,0,0],"gold":52,"neow_bonus":"","is_daily":false,"chose_seed":false,"campfire_upgraded":0,"win_rate":0.0,"timestamp":1609877562,"path_taken":["M","?","?","$","?","R","E","M","T","E","R","?","E","?","R","BOSS","M","AVR","?","?","?","R","?","E","T","E","?","?","?","$","R","BOSS","M","?","?","?","?","R","$","?","T","NM","?","?","?","M","R","BOSS"],"items_purchased_type":["Card","Card","Card","Relic","Relic","Relic","Card","Card","Relic","Card","Card","Relic","Relic","Card","Card","Relic","Relic","Card"],"build_version":"2020-12-22","purchased_purges":0,"victory":false,"max_hp_per_floor":[78,77,76,75,74,68,67,66,65,64,58,57,56,55,49,48,47,46,45,44,43,42,36,35,34,33,32,31,30,29,28,22,21,20,19,18,17,16,15,9,8,11,10,11,10,9,8,10,4,4,4],"relic_stats":{"Busted Crown":80,"Singing Bowl":6,"Gremlin Horn":[1,1],"Happy Flower":[1],"counters":[18,38],"HandDrill":[18],"Art of War":[0],"Medical Kit":[0],"obtain_stats":[{"ReplayFunnel":1,"zeldaRelics:Boomerang":31,"Singing Bowl":30,"Gremlin Horn":41,"SacredBark":17,"Vajra":24,"GremlinMask":20,"infinitespire:Cubic Diamond":5,"King of Hearts":18,"hubris:SlimyHat":24,"Burning Blood":0,"zeldaRelics:WisdomTriforce":25,"hubris:BlackHole":0,"Replay:Wanted Poster":34,"Frozen Eye":0,"hubris:Icosahedron":28,"hubris:CuriousFeather":39,"zeldaRelics:CouragePiece":7,"HandDrill":24,"zeldaRelics:PowerPiece":26,"Red Skull":8,"InkBottle":21,"Runic Pyramid":19,"zeldaRelics:WisdomPiece":12,"Happy Flower":47,"Thread and Needle":2,"infinitespire:Beetle Shell":46,"zeldaRelics:PowerTriforce":43,"hubris:Towel":45,"Medical Kit":41,"zeldaRelics:CourageTriforce":10,"Akabeko":48,"infinitespire:DarkRift":5,"ReplayTheSpireMod:Spearhead":44,"Busted Crown":0,"MutagenicStrength":22,"Orrery":19,"Black Star":0,"Durian":0,"Art of War":38,"REME_CardOfGreed":46,"REME_ComplimentaryCards":0,"infinitespire:Midas Blood":35},{"ReplayFunnel":1,"zeldaRelics:Boomerang":11,"Singing Bowl":11,"Gremlin Horn":15,"SacredBark":6,"Vajra":8,"GremlinMask":7,"infinitespire:Cubic Diamond":1,"King of Hearts":7,"hubris:SlimyHat":8,"Burning Blood":0,"zeldaRelics:WisdomTriforce":9,"hubris:BlackHole":0,"Replay:Wanted Poster":12,"Frozen Eye":0,"hubris:Icosahedron":10,"hubris:CuriousFeather":15,"zeldaRelics:CouragePiece":2,"HandDrill":8,"zeldaRelics:PowerPiece":9,"Red Skull":3,"InkBottle":8,"Runic Pyramid":7,"zeldaRelics:WisdomPiece":4,"Happy Flower":16,"Thread and Needle":1,"infinitespire:Beetle Shell":16,"zeldaRelics:PowerTriforce":15,"hubris:Towel":16,"Medical Kit":15,"zeldaRelics:CourageTriforce":4,"Akabeko":17,"infinitespire:DarkRift":1,"ReplayTheSpireMod:Spearhead":16,"Busted Crown":0,"MutagenicStrength":8,"Orrery":7,"Black Star":0,"Durian":0,"Art of War":14,"REME_CardOfGreed":16,"REME_ComplimentaryCards":0,"infinitespire:Midas Blood":13},{"ReplayFunnel":1,"zeldaRelics:Boomerang":23,"Singing Bowl":23,"Gremlin Horn":32,"SacredBark":12,"Vajra":16,"GremlinMask":14,"infinitespire:Cubic Diamond":1,"King of Hearts":14,"hubris:SlimyHat":16,"Burning Blood":0,"zeldaRelics:WisdomTriforce":18,"hubris:BlackHole":0,"Replay:Wanted Poster":27,"Frozen Eye":0,"hubris:Icosahedron":20,"hubris:CuriousFeather":32,"zeldaRelics:CouragePiece":2,"HandDrill":16,"zeldaRelics:PowerPiece":18,"Red Skull":3,"InkBottle":16,"Runic Pyramid":14,"zeldaRelics:WisdomPiece":6,"Happy Flower":35,"Thread and Needle":1,"infinitespire:Beetle Shell":35,"zeldaRelics:PowerTriforce":32,"hubris:Towel":35,"Medical Kit":32,"zeldaRelics:CourageTriforce":6,"Akabeko":37,"infinitespire:DarkRift":1,"ReplayTheSpireMod:Spearhead":35,"Busted Crown":0,"MutagenicStrength":16,"Orrery":14,"Black Star":0,"Durian":0,"Art of War":30,"REME_CardOfGreed":35,"REME_ComplimentaryCards":0,"infinitespire:Midas Blood":28}],"InkBottle":[15]},"card_choices":[{"not_picked":[],"picked":"Singing Bowl","floor":42},{"not_picked":[],"picked":"Singing Bowl","floor":42},{"not_picked":["ReplayTheSpireMod:Chaos Vortex","infinitespire:UltimateForm","hubris:Rewind"],"picked":"Singing Bowl","floor":44}],"player_experience":1560890,"relics_obtained":[{"floor":1,"key":"ReplayFunnel"},{"floor":7,"key":"zeldaRelics:CouragePiece"},{"floor":8,"key":"Red Skull"},{"floor":9,"key":"zeldaRelics:CouragePiece"},{"floor":10,"key":"zeldaRelics:CouragePiece"},{"floor":12,"key":"zeldaRelics:WisdomPiece"},{"floor":13,"key":"zeldaRelics:WisdomPiece"},{"floor":18,"key":"King of Hearts"},{"floor":21,"key":"InkBottle"},{"floor":25,"key":"zeldaRelics:WisdomPiece"},{"floor":26,"key":"zeldaRelics:PowerPiece"},{"floor":27,"key":"zeldaRelics:PowerPiece"},{"floor":30,"key":"Singing Bowl"},{"floor":35,"key":"infinitespire:Midas Blood"},{"floor":38,"key":"Art of War"},{"floor":39,"key":"hubris:CuriousFeather"},{"floor":43,"key":"zeldaRelics:PowerPiece"},{"floor":44,"key":"ReplayTheSpireMod:Spearhead"},{"floor":47,"key":"Happy Flower"},{"floor":48,"key":"Akabeko"}],"event_choices":[{"damage_healed":0,"gold_gain":0,"player_choice":"Success","damage_taken":5,"relics_obtained":["Thread and Needle"],"max_hp_gain":0,"max_hp_loss":0,"event_name":"Scrap Ooze","floor":2,"gold_loss":0},{"cards_removed":["Eruption"],"damage_healed":0,"gold_gain":0,"player_choice":"Card Removal","damage_taken":7,"max_hp_gain":0,"max_hp_loss":0,"event_name":"Golden Wing","floor":14,"gold_loss":0},{"damage_healed":0,"gold_gain":0,"player_choice":"Trade","damage_taken":0,"relics_obtained":["GremlinMask"],"max_hp_gain":0,"max_hp_loss":0,"event_name":"FaceTrader","floor":20,"gold_loss":0},{"damage_healed":0,"gold_gain":0,"player_choice":"Inject Mutagens","damage_taken":0,"relics_obtained":["MutagenicStrength"],"max_hp_gain":0,"max_hp_loss":0,"event_name":"Drug Dealer","floor":22,"gold_loss":0},{"damage_healed":0,"gold_gain":0,"player_choice":"Got Potions","damage_taken":0,"max_hp_gain":0,"max_hp_loss":0,"event_name":"Lab","floor":29,"gold_loss":0},{"damage_healed":0,"gold_gain":0,"player_choice":"Memory 1","damage_taken":0,"max_hp_gain":0,"max_hp_loss":0,"event_name":"SensoryStone","floor":36,"gold_loss":0},{"damage_healed":0,"gold_gain":0,"player_choice":"2 cards matched","damage_taken":0,"max_hp_gain":0,"max_hp_loss":0,"event_name":"Match and Keep!","floor":37,"gold_loss":0,"cards_obtained":["conspire:HitWhereItHurts","Bash"]},{"damage_healed":0,"gold_gain":0,"player_choice":"Fight","damage_taken":0,"max_hp_gain":0,"max_hp_loss":0,"event_name":"MindBloom","floor":39,"gold_loss":0}],"is_beta":false,"boss_relics":[{"not_picked":["Replay:Drink Me","Ectoplasm"],"picked":"SacredBark"},{"not_picked":["Snecko Eye","Honey Jar"],"picked":"Replay:Wanted Poster"}],"items_purged_floors":[],"is_endless":true,"potions_floor_spawned":[1,10,18,25,27,35,38,48],"killed_by":"infinitespire:MassOfShapes","ascension_level":20}}