{"host":"yvs6unqb0m2j26b0","time":1609862351,"event":{"mods":["BaseMod","Colored Map","Colored Powertips","Minty Spire (QoL Compilation)"],"gold_per_floor":[14,14,29,41,54,86,101,101,101,117,117,136,149,181,181,276,276,290,300,310,327,327,327,327,327],"floor_reached":24,"playtime":2055,"items_purged":[],"score":239,"play_id":"810dd219-569b-4434-aadb-73b533768e0a","local_time":"20210105135911","is_ascension_mode":false,"campfire_choices":[{"floor":8,"key":"REST"},{"floor":11,"key":"REST"},{"data":"Loop","floor":15,"key":"SMITH"},{"floor":23,"key":"REST"}],"circlet_count":0,"master_deck":["Strike_B","Strike_B","Strike_B","Defend_B","Defend_B","Defend_B","Defend_B","Zap","Dualcast","Coolheaded","Blizzard","Loop+1","Rebound","Fusion","Redo","Glacier","Streamline","Redo","Darkness","Compile Driver","Static Discharge","Electrodynamics","Creative AI","Rebound+1","Capacitor","Beam Cell+1","Leap","Conserve Battery"],"relics":["Cracked Core","Dream Catcher","Toy Ornithopter","Strawberry","Sozu"],"acts_visited":["Exordium","TheCity"],"potions_floor_usage":[6,14,16],"damage_taken":[{"damage":8,"enemies":"Small Slimes","floor":1,"turns":3},{"damage":0,"enemies":"Cultist","floor":3,"turns":3},{"damage":0,"enemies":"Jaw Worm","floor":4,"turns":5},{"damage":23,"enemies":"Exordium Thugs","floor":5,"turns":6},{"damage":21,"enemies":"Lagavulin","floor":6,"turns":8},{"damage":7,"enemies":"3 Louse","floor":7,"turns":5},{"damage":2,"enemies":"Red Slaver","floor":10,"turns":6},{"damage":0,"enemies":"Large Slime","floor":12,"turns":4},{"damage":1,"enemies":"3 Louse","floor":13,"turns":4},{"damage":27,"enemies":"3 Sentries","floor":14,"turns":6},{"damage":48,"enemies":"The Guardian","floor":16,"turns":9},{"damage":25,"enemies":"Shell Parasite","floor":18,"turns":7},{"damage":27,"enemies":"Chosen","floor":19,"turns":7},{"damage":32,"enemies":"Shelled Parasite and Fungi","floor":20,"turns":4},{"damage":28,"enemies":"Snake Plant","floor":21,"turns":4},{"damage":46,"enemies":"Gremlin Leader","floor":24,"turns":3}],"seed_played":"-4499280087591608773","potions_obtained":[{"floor":4,"key":"Fire Potion"},{"floor":5,"key":"SteroidPotion"},{"floor":12,"key":"FocusPotion"},{"floor":13,"key":"Explosive Potion"},{"floor":14,"key":"FairyPotion"},{"floor":16,"key":"SteroidPotion"}],"is_trial":false,"path_per_floor":["M","?","M","M","M","E","M","R","T","M","R","M","M","E","R","B",null,"M","M","M","M","?","R","E"],"character_chosen":"DEFECT","items_purchased":[],"campfire_rested":3,"item_purchase_floors":[],"current_hp_per_floor":[81,81,81,81,58,37,30,56,56,54,80,80,79,64,64,21,96,71,44,12,14,14,42,0,0],"gold":327,"neow_bonus":"TWENTY_PERCENT_HP_BONUS","is_daily":false,"chose_seed":false,"campfire_upgraded":1,"win_rate":0.0,"timestamp":1609862351,"path_taken":["M","?","M","M","M","E","M","R","T","M","R","M","M","E","R","BOSS","M","M","M","M","?","R","E"],"items_purchased_type":[],"build_version":"2020-12-22","purchased_purges":0,"victory":false,"max_hp_per_floor":[89,89,89,89,89,89,89,89,89,89,89,89,89,96,96,96,96,96,96,96,96,96,96,96,96],"card_choices":[{"not_picked":["Rip and Tear","Rebound"],"picked":"Coolheaded","floor":1},{"not_picked":["Compile Driver","FTL"],"picked":"Loop","floor":3},{"not_picked":["White Noise","Hologram"],"picked":"Rebound","floor":4},{"not_picked":["FTL","Hologram"],"picked":"Fusion","floor":5},{"not_picked":["Reprogram","Steam Power"],"picked":"Redo","floor":6},{"not_picked":["Compile Driver","Coolheaded"],"picked":"Glacier","floor":7},{"not_picked":["White Noise","Leap"],"picked":"Streamline","floor":8},{"not_picked":["Aggregate","Force Field"],"picked":"Redo","floor":10},{"not_picked":["Streamline","Stack"],"picked":"Darkness","floor":11},{"not_picked":["Creative AI","Hologram"],"picked":"Compile Driver","floor":12},{"not_picked":["Conserve Battery","Darkness"],"picked":"Static Discharge","floor":13},{"not_picked":["Beam Cell","Cold Snap"],"picked":"Electrodynamics","floor":14},{"not_picked":["Fission","Biased Cognition"],"picked":"Creative AI","floor":16},{"not_picked":["Barrage+1","Steam"],"picked":"Rebound+1","floor":18},{"not_picked":["Beam Cell","Ball Lightning"],"picked":"Capacitor","floor":19},{"not_picked":["Rebound","Barrage"],"picked":"Beam Cell+1","floor":20},{"not_picked":["Barrage","Scrape"],"picked":"Leap","floor":21},{"not_picked":["Compile Driver","Cold Snap"],"picked":"Conserve Battery","floor":23}],"player_experience":32334,"relics_obtained":[{"floor":6,"key":"Dream Catcher"},{"floor":9,"key":"Toy Ornithopter"},{"floor":14,"key":"Strawberry"}],"event_choices":[{"damage_healed":0,"gold_gain":0,"cards_transformed":["Strike_B"],"player_choice":"Change","damage_taken":0,"max_hp_gain":0,"max_hp_loss":0,"event_name":"Living Wall","floor":2,"gold_loss":0,"cards_obtained":["Blizzard"]},{"damage_healed":0,"gold_gain":0,"player_choice":"Bought 0 Potions","damage_taken":0,"max_hp_gain":0,"max_hp_loss":0,"event_name":"The Woman in Blue","floor":22,"gold_loss":0}],"is_beta":false,"boss_relics":[{"not_picked":["Calling Bell","Snecko Eye"],"picked":"Sozu"}],"items_purged_floors":[],"is_endless":false,"potions_floor_spawned":[4,5,12,13,14,16,21],"killed_by":"Gremlin Leader","ascension_level":0}}