{"host":"mytek2nu1hrzdnew","time":1609805482,"event":{"mods":["Aspiration","BaseMod","Conspire","Evolution","GifTheSpireLib","Gold Saver","Hubris","Kratos Character Expansion","Minty Spire (QoL Compilation)","Replay The Spire","StSLib","Stuff the Spire","Uncapped"],"gold_per_floor":[109,184,200,252,269,304,304,331,331,331,26,40,75,86,86,183,183,193,210,220,238,338,338,370,370,370,389,389,389,400,426,426,521,521,531,2,2,17,17,42,54,86,86,86,139,139,190,225,225,249],"floor_reached":51,"playtime":1443,"items_purged":["conspire:Charge","Flex"],"score":1430,"play_id":"1d146ba5-61a1-4b53-92fa-615a8a58a2cf","local_time":"20210104191122","daily_mods":["SealedDeck","Vintage","Heirloom","Binary"],"is_ascension_mode":false,"campfire_choices":[{"data":"Armaments","floor":7,"key":"SMITH"},{"data":"KratosMod:Tempor","floor":23,"key":"SMITH"},{"data":"StuffTheSpire:PlasmaPunch","floor":25,"key":"SMITH"},{"data":"KratosMod:Tempor","floor":29,"key":"SMITH"},{"data":"KratosMod:BladeWhip","floor":32,"key":"SMITH"},{"data":"Anger","floor":49,"key":"SMITH"}],"circlet_count":0,"master_deck":["conspire:Charge","Flex","Anger+1","KratosMod:BladeWhip+1","Armaments+1","StuffTheSpire:PlasmaPunch+1","hubris:DuctTapeCard"],"relics":["Burning Blood","Busted Crown","EVO:Axolotl","hubris:GlazedTorus","Snack Pack","Anchor","Iron Hammer","StuffTheSpire:RubySignet","aspiration:StickyExplosives_weak","hubris:SlimyHat","StuffTheSpire:Mouthbags","KratosMod:chalice","aspiration:SecretTechniqueScroll","Red Skull","StuffTheSpire:CocoNut","Singing Bowl","Toxic Egg 2","aspiration:SecretTechniqueScroll","Nunchaku","aspiration:FrozenJewel","StuffTheSpire:Experiment12","hubris:PeanutButter","Vajra","The Courier","HornCleat","Bag of Marbles","Gremlin Food","hubris:BlackHole","conspire:BottledYoYo","StuffTheSpire:Rhapsscallions","ClockworkSouvenir","ReplayFunnel","Mummified Hand","Frozen Egg 2","Bottled Flame","Replay:Bandana","conspire:GiftBox","hubris:DuctTape","Mercury Hourglass","conspire:GlowingRock","Bag of Preparation"],"acts_visited":["Exordium","TheCity","TheBeyond"],"potions_floor_usage":[5,20,20,27,33,40,50,50],"damage_taken":[{"damage":1,"enemies":"2 Louse","floor":1,"turns":2},{"damage":7,"enemies":"Small Slimes","floor":3,"turns":2},{"damage":0,"enemies":"Jaw Worm","floor":5,"turns":2},{"damage":18,"enemies":"3 Sentries","floor":6,"turns":3},{"damage":0,"enemies":"Replay:BlueRogue","floor":8,"turns":3},{"damage":2,"enemies":"Large Slime","floor":12,"turns":2},{"damage":1,"enemies":"Gremlin Nob","floor":13,"turns":1},{"damage":2,"enemies":"Exordium Wildlife","floor":14,"turns":2},{"damage":2,"enemies":"Slime Boss","floor":16,"turns":2},{"damage":1,"enemies":"conspire:FuzzyDice","floor":18,"turns":1},{"damage":1,"enemies":"Chosen","floor":19,"turns":1},{"damage":2,"enemies":"Centurion and Healer","floor":20,"turns":2},{"damage":1,"enemies":"Snecko","floor":21,"turns":1},{"damage":0,"enemies":"conspire:Head Lice","floor":24,"turns":1},{"damage":0,"enemies":"3 Cultists","floor":27,"turns":2},{"damage":0,"enemies":"Shelled Parasite and Fungi","floor":30,"turns":1},{"damage":0,"enemies":"conspire:MimicChest","floor":31,"turns":1},{"damage":0,"enemies":"conspire:MysteriousRune","floor":33,"turns":1},{"damage":0,"enemies":"3 Shapes","floor":35,"turns":1},{"damage":0,"enemies":"3 Darklings","floor":38,"turns":1},{"damage":0,"enemies":"R_Hoarder","floor":40,"turns":2},{"damage":0,"enemies":"Jaw Worm Horde","floor":41,"turns":2},{"damage":0,"enemies":"Giant Head","floor":42,"turns":2},{"damage":0,"enemies":"R_Hoarder","floor":45,"turns":1},{"damage":0,"enemies":"Giant Head","floor":47,"turns":2},{"damage":0,"enemies":"Writhing Mass","floor":48,"turns":1},{"damage":0,"enemies":"Time Eater","floor":50,"turns":2}],"seed_played":"49059451562503595","potions_obtained":[{"floor":4,"key":"BloodPotion"},{"floor":6,"key":"BlessingOfTheForge"},{"floor":12,"key":"LiquidBronze"},{"floor":15,"key":"Weak Potion"},{"floor":16,"key":"Block Potion"},{"floor":20,"key":"LifebloodPotion"},{"floor":24,"key":"Languid Potion"},{"floor":30,"key":"DistilledChaos"},{"floor":33,"key":"Explosive Potion"},{"floor":41,"key":"Strength Potion"},{"floor":48,"key":"Fire Potion"}],"is_trial":true,"path_per_floor":["M","?","M","?","M","E","R","E","T","?","$","M","E","M","R","B",null,"M","M","M","M","?","R","E","R","T","M","?","R","M","?","R","B",null,"M","$","?","M","?","E","M","E","T","T","E","?","E","M","R","B",null],"character_chosen":"IRONCLAD","items_purchased":["Red Skull","StuffTheSpire:PlasmaPunch","StuffTheSpire:Rhapsscallions","ClockworkSouvenir","ReplayFunnel"],"campfire_rested":0,"item_purchase_floors":[11,11,36,36,36],"current_hp_per_floor":[95,84,83,60,85,73,73,81,81,81,81,92,99,102,102,102,102,102,102,102,102,102,102,102,102,102,102,102,102,102,102,102,102,102,102,108,103,103,103,103,103,103,105,105,105,105,105,105,105,105],"gold":249,"neow_bonus":"","is_daily":false,"chose_seed":false,"campfire_upgraded":6,"win_rate":0.0,"timestamp":1609805482,"path_taken":["M","?","M","?","M","E","R","E","T","?","$","?","E","M","R","BOSS","M","M","M","M","?","R","E","R","T","?","?","R","M","?","R","BOSS","M","$","?","M","?","E","?","E","T","?","E","?","E","M","R","BOSS"],"items_purchased_type":["Relic","Card","Relic","Relic","Relic"],"build_version":"2020-12-22","purchased_purges":2,"victory":true,"max_hp_per_floor":[95,95,95,95,95,95,95,95,95,95,95,102,102,102,102,102,102,102,102,102,102,102,102,102,102,102,102,102,102,102,102,102,102,102,102,108,103,103,103,103,103,103,105,105,105,105,105,105,105,105],"card_choices":[{"not_picked":[],"picked":"Singing Bowl","floor":43}],"player_experience":1020903,"relics_obtained":[{"floor":1,"key":"Snack Pack"},{"floor":3,"key":"Anchor"},{"floor":4,"key":"Iron Hammer"},{"floor":5,"key":"StuffTheSpire:RubySignet"},{"floor":6,"key":"aspiration:StickyExplosives_weak"},{"floor":8,"key":"hubris:SlimyHat"},{"floor":9,"key":"StuffTheSpire:Mouthbags"},{"floor":12,"key":"StuffTheSpire:CocoNut"},{"floor":13,"key":"Singing Bowl"},{"floor":14,"key":"Toxic Egg 2"},{"floor":18,"key":"Nunchaku"},{"floor":19,"key":"aspiration:FrozenJewel"},{"floor":20,"key":"StuffTheSpire:Experiment12"},{"floor":21,"key":"hubris:PeanutButter"},{"floor":24,"key":"Vajra"},{"floor":26,"key":"The Courier"},{"floor":27,"key":"HornCleat"},{"floor":30,"key":"Bag of Marbles"},{"floor":31,"key":"Gremlin Food"},{"floor":35,"key":"conspire:BottledYoYo"},{"floor":38,"key":"Mummified Hand"},{"floor":40,"key":"Frozen Egg 2"},{"floor":41,"key":"Bottled Flame"},{"floor":42,"key":"Replay:Bandana"},{"floor":43,"key":"conspire:GiftBox"},{"floor":44,"key":"hubris:DuctTape"},{"floor":45,"key":"Mercury Hourglass"},{"floor":47,"key":"conspire:GlowingRock"},{"floor":48,"key":"Bag of Preparation"}],"event_choices":[{"damage_healed":0,"gold_gain":75,"player_choice":"Gather Gold","damage_taken":11,"max_hp_gain":0,"max_hp_loss":0,"event_name":"World of Goop","floor":2,"gold_loss":0},{"damage_healed":0,"gold_gain":100,"player_choice":"Pray","damage_taken":0,"max_hp_gain":0,"max_hp_loss":0,"event_name":"Golden Shrine","floor":22,"gold_loss":0},{"damage_healed":0,"gold_gain":0,"player_choice":"Max HP","damage_taken":0,"max_hp_gain":0,"max_hp_loss":5,"event_name":"Winding Halls","floor":37,"gold_loss":0},{"damage_healed":0,"gold_gain":0,"player_choice":"Ignored","damage_taken":0,"max_hp_gain":0,"max_hp_loss":0,"event_name":"NoteForYourself","floor":39,"gold_loss":0}],"is_beta":false,"boss_relics":[{"not_picked":["ChewingGum","hubris:VirtuousBlindfold"],"picked":"aspiration:SecretTechniqueScroll"},{"not_picked":["Runic Cube","Abe\u0027s Treasure"],"picked":"hubris:BlackHole"}],"items_purged_floors":[11,36],"is_endless":false,"potions_floor_spawned":[6,12,16,20,24,30,33,38,41,48],"ascension_level":0}}