{"host":"sl4rf9j4s63ev6os","time":1609851475,"event":{"mods":["AchievementEnabler","BaseMod","Colored Map","Colored Powertips","DeckTracker","Minty Spire (QoL Compilation)","Relic Sorter"],"gold_per_floor":[110,60,79,79,95,124,136,163,201,227,271,283,305,352,364,376,376],"floor_reached":16,"playtime":1156,"items_purged":[],"score":128,"play_id":"46544d87-2a09-422b-b8a9-f909387abcbe","local_time":"20210105225755","is_ascension_mode":true,"campfire_choices":[{"data":"Blade Dance","floor":7,"key":"SMITH"},{"floor":15,"key":"REST"}],"circlet_count":0,"master_deck":["Strike_G","Strike_G","Strike_G","Defend_G","Defend_G","Defend_G","Defend_G","Defend_G","Survivor","Neutralize","Blade Dance+1","Dash","Deadly Poison","Well Laid Plans"],"relics":["Ring of the Snake","MawBank","Blood Vial","Bag of Preparation"],"acts_visited":["Exordium"],"potions_floor_usage":[6,6,11,13,14],"damage_taken":[{"damage":0,"enemies":"Small Slimes","floor":1,"turns":4},{"damage":2,"enemies":"2 Louse","floor":3,"turns":4},{"damage":0,"enemies":"Jaw Worm","floor":5,"turns":4},{"damage":48,"enemies":"Lagavulin","floor":6,"turns":9},{"damage":0,"enemies":"2 Fungi Beasts","floor":8,"turns":4},{"damage":3,"enemies":"3 Louse","floor":10,"turns":4},{"damage":5,"enemies":"3 Sentries","floor":11,"turns":6},{"damage":7,"enemies":"Large Slime","floor":13,"turns":6},{"damage":20,"enemies":"Gremlin Nob","floor":14,"turns":4},{"damage":27,"enemies":"The Guardian","floor":16,"turns":9}],"seed_played":"-5958425637098674543","potions_obtained":[{"floor":3,"key":"Energy Potion"},{"floor":5,"key":"Dexterity Potion"},{"floor":8,"key":"Strength Potion"},{"floor":11,"key":"Fire Potion"},{"floor":13,"key":"FearPotion"}],"is_trial":false,"path_per_floor":["M","?","M","?","M","E","R","M","T","M","E","?","M","E","R","B"],"character_chosen":"THE_SILENT","items_purchased":[],"campfire_rested":1,"item_purchase_floors":[],"current_hp_per_floor":[77,77,75,80,80,32,32,32,32,29,24,24,19,1,25,0,0],"gold":376,"neow_bonus":"TEN_PERCENT_HP_BONUS","is_daily":false,"chose_seed":false,"campfire_upgraded":1,"win_rate":0.0,"timestamp":1609851475,"path_taken":["M","?","M","?","M","E","R","M","T","M","E","?","M","E","R","BOSS"],"items_purchased_type":[],"build_version":"2020-12-22","purchased_purges":0,"victory":false,"max_hp_per_floor":[77,77,77,82,82,82,82,82,82,82,82,82,82,82,82,82,82],"card_choices":[{"not_picked":["Sucker Punch","PiercingWail","Bane"],"picked":"SKIP","floor":1},{"not_picked":["Backflip","Endless Agony","PiercingWail"],"picked":"SKIP","floor":3},{"not_picked":["Blur","Dagger Spray"],"picked":"Blade Dance","floor":5},{"not_picked":["Slice","Backflip","Malaise"],"picked":"SKIP","floor":6},{"not_picked":["Dodge and Roll","Crippling Poison","Acrobatics"],"picked":"SKIP","floor":8},{"not_picked":["Heel Hook","Deflect"],"picked":"Dash","floor":10},{"not_picked":["Well Laid Plans","Catalyst"],"picked":"Deadly Poison","floor":11},{"not_picked":["Poisoned Stab","Calculated Gamble","Dodge and Roll"],"picked":"SKIP","floor":13},{"not_picked":["Slice","Bane","Calculated Gamble"],"picked":"SKIP","floor":14}],"player_experience":183087,"relics_obtained":[{"floor":6,"key":"MawBank"},{"floor":11,"key":"Blood Vial"},{"floor":14,"key":"Bag of Preparation"}],"event_choices":[{"cards_removed":["Strike_G"],"damage_healed":0,"gold_gain":0,"player_choice":"Card Removal","damage_taken":0,"max_hp_gain":0,"max_hp_loss":0,"event_name":"The Cleric","floor":2,"gold_loss":50},{"damage_healed":0,"gold_gain":0,"player_choice":"Donut","damage_taken":0,"max_hp_gain":5,"max_hp_loss":0,"event_name":"Big Fish","floor":4,"gold_loss":0},{"damage_healed":0,"gold_gain":0,"cards_transformed":["Strike_G"],"player_choice":"Change","damage_taken":0,"max_hp_gain":0,"max_hp_loss":0,"event_name":"Living Wall","floor":12,"gold_loss":0,"cards_obtained":["Well Laid Plans"]}],"is_beta":false,"boss_relics":[],"items_purged_floors":[],"is_endless":false,"potions_floor_spawned":[3,5,8,11,13],"killed_by":"The Guardian","ascension_level":1}}