{"host":"00f1p9ihhzi7hxfk","time":1609850638,"event":{"mods":["BaseMod","Colored Map","Colored Powertips","Minty Spire (QoL Compilation)","Rare Cards Sparkle","Relic Stats"],"gold_per_floor":[110,127,137,154,168,168,186,203,280,310,310,310,321,338,338,440,440,460,475,490,504,521,521,620,638,638,638,638,650,666,176,176,279,279,299,317,101,117,1116,1116,1116,1116],"floor_reached":41,"playtime":2636,"items_purged":[],"score":455,"play_id":"9a2addb1-f31a-4a8a-b612-3816e84a7f8d","local_time":"20210105134358","is_ascension_mode":false,"campfire_choices":[{"data":"Body Slam","floor":6.0,"key":"SMITH"},{"floor":15.0,"key":"REST"},{"floor":23,"key":"REST"},{"floor":27,"key":"REST"},{"floor":32,"key":"REST"},{"floor":40,"key":"REST"}],"circlet_count":0,"master_deck":["Strike_R","Strike_R","Strike_R","Strike_R","Strike_R","Defend_R","Defend_R","Defend_R","Defend_R","Bash","Headbutt","Fire Breathing","Iron Wave","Shrug It Off","Uppercut","Heavy Blade","Shrug It Off","Sever Soul","Whirlwind","Bludgeon","True Grit","Body Slam+1","Iron Wave+1","Hemokinesis","Flex","Twin Strike","Heavy Blade","Demon Form","Heavy Blade+1","Headbutt","Pummel","Sword Boomerang+1","Normality","Normality"],"relics":["Philosopher\u0027s Stone","Mercury Hourglass","Regal Pillow","Cursed Key","PreservedInsect","Brimstone","Pen Nib","Toy Ornithopter","Black Star","HandDrill"],"acts_visited":["TheBeyond"],"potions_floor_usage":[],"damage_taken":[{"damage":2.0,"enemies":"Cultist","floor":1.0,"turns":4.0},{"damage":6.0,"enemies":"Small Slimes","floor":2.0,"turns":3.0},{"damage":6.0,"enemies":"2 Louse","floor":3.0,"turns":3.0},{"damage":10.0,"enemies":"2 Fungi Beasts","floor":4.0,"turns":3.0},{"damage":14.0,"enemies":"Gremlin Gang","floor":5.0,"turns":8.0},{"damage":0.0,"enemies":"Exordium Wildlife","floor":7.0,"turns":3.0},{"damage":0.0,"enemies":"Large Slime","floor":8.0,"turns":5.0},{"damage":22.0,"enemies":"Gremlin Nob","floor":10.0,"turns":4.0},{"damage":7.0,"enemies":"Lots of Slimes","floor":13.0,"turns":3.0},{"damage":1.0,"enemies":"Looter","floor":14.0,"turns":3.0},{"damage":30.0,"enemies":"Hexaghost","floor":16.0,"turns":9.0},{"damage":21,"enemies":"3 Byrds","floor":18,"turns":5},{"damage":6,"enemies":"Chosen","floor":19,"turns":4},{"damage":11,"enemies":"Sentry and Sphere","floor":20,"turns":4},{"damage":18,"enemies":"3 Cultists","floor":21,"turns":5},{"damage":9,"enemies":"Snecko","floor":22,"turns":4},{"damage":32,"enemies":"Snake Plant","floor":25,"turns":4},{"damage":27,"enemies":"Centurion and Healer","floor":29,"turns":5},{"damage":18,"enemies":"Snecko","floor":30,"turns":4},{"damage":30,"enemies":"Collector","floor":33,"turns":5},{"damage":22,"enemies":"3 Shapes","floor":35,"turns":2},{"damage":7,"enemies":"Orb Walker","floor":36,"turns":2},{"damage":72,"enemies":"Maw","floor":38,"turns":6},{"damage":53,"enemies":"4 Shapes","floor":41,"turns":2}],"seed_played":"-7132948181190516951","potions_obtained":[{"floor":2.0,"key":"Fire Potion"},{"floor":3.0,"key":"SneckoOil"},{"floor":5.0,"key":"EntropicBrew"},{"floor":8.0,"key":"Fire Potion"},{"floor":19,"key":"Ancient Potion"}],"is_trial":false,"path_per_floor":["M","M","M","M","M","R","M","M","T","E","?","?","M","M","R","B",null,"M","M","M","M","M","R","?","M","T","R","?","M","M","$","R","B",null,"M","M","$","M","?","R","M"],"character_chosen":"IRONCLAD","items_purchased":["Brimstone","Pen Nib","Toy Ornithopter","BloodPotion","HandDrill","Pummel"],"campfire_rested":5,"item_purchase_floors":[31,31,31,31,37,37],"current_hp_per_floor":[78,72,66,56,42,42,42,42,42,20,20,13,6,5,44,14,80,59,53,42,24,15,54,54,22,22,61,61,34,16,16,55,25,80,58,51,51,10,10,49,0,0],"gold":1116,"neow_bonus":"BOSS_RELIC","is_daily":false,"chose_seed":false,"campfire_upgraded":1,"win_rate":0.0,"timestamp":1609850638,"path_taken":["M","M","M","?","M","R","M","M","T","E","?","?","M","M","R","BOSS","M","M","M","M","M","R","?","M","T","R","?","M","M","$","R","BOSS","M","M","$","?","?","R","M"],"items_purchased_type":["Relic","Relic","Relic","Potion","Relic","Card"],"build_version":"2020-12-22","purchased_purges":0,"victory":false,"max_hp_per_floor":[80,80,80,80,80,80,80,80,80,80,80,80,80,80,80,80,80,80,80,80,80,80,80,80,80,80,80,80,80,80,80,80,80,80,80,80,80,80,80,80,80,80],"relic_stats":{"Regal Pillow":60,"counters":[13,51],"PreservedInsect":0,"Pen Nib":[3],"Black Star":0,"HandDrill":[0],"Cursed Key":1,"obtain_stats":[{"Regal Pillow":0,"Brimstone":31,"Philosopher\u0027s Stone":0,"PreservedInsect":26,"Pen Nib":31,"Black Star":34,"HandDrill":37,"Cursed Key":0,"Toy Ornithopter":31,"Mercury Hourglass":0},{"Regal Pillow":0,"Brimstone":8,"Philosopher\u0027s Stone":0,"PreservedInsect":6,"Pen Nib":8,"Black Star":9,"HandDrill":11,"Cursed Key":0,"Toy Ornithopter":8,"Mercury Hourglass":0},{"Regal Pillow":0,"Brimstone":34,"Philosopher\u0027s Stone":0,"PreservedInsect":25,"Pen Nib":34,"Black Star":39,"HandDrill":43,"Cursed Key":0,"Toy Ornithopter":34,"Mercury Hourglass":0}],"Toy Ornithopter":0,"Mercury Hourglass":[230]},"card_choices":[{"not_picked":["Warcry","Metallicize"],"picked":"Headbutt","floor":1.0},{"not_picked":["Headbutt","Second Wind"],"picked":"Fire Breathing","floor":2.0},{"not_picked":["Wild Strike","Warcry"],"picked":"Iron Wave","floor":3.0},{"not_picked":["Power Through","Shockwave"],"picked":"Body Slam","floor":4.0},{"not_picked":["True Grit","Offering"],"picked":"Shrug It Off","floor":5.0},{"not_picked":["Shockwave","Clash"],"picked":"Uppercut","floor":7.0},{"not_picked":["Headbutt","Wild Strike"],"picked":"Heavy Blade","floor":8.0},{"not_picked":["Warcry","Fire Breathing"],"picked":"Shrug It Off","floor":10.0},{"not_picked":["Clothesline","Wild Strike","Combust"],"picked":"SKIP","floor":13.0},{"not_picked":["Bludgeon","Carnage"],"picked":"Whirlwind","floor":14.0},{"not_picked":["Reaper","Berserk"],"picked":"Bludgeon","floor":16.0},{"not_picked":["Evolve","Shrug It Off","Clash"],"picked":"SKIP","floor":18},{"not_picked":["Rage","Clothesline"],"picked":"True Grit","floor":19},{"not_picked":["Combust","Iron Wave"],"picked":"Body Slam+1","floor":20},{"not_picked":["Wild Strike","Twin Strike"],"picked":"Iron Wave+1","floor":21},{"not_picked":["Shockwave+1","Brutality"],"picked":"Hemokinesis","floor":22},{"not_picked":["Feel No Pain","Headbutt"],"picked":"Flex","floor":25},{"not_picked":["Metallicize","True Grit+1"],"picked":"Twin Strike","floor":29},{"not_picked":["Searing Blow","Perfected Strike+1"],"picked":"Heavy Blade","floor":30},{"not_picked":["Brutality","Feed"],"picked":"Demon Form","floor":33},{"not_picked":["Headbutt+1","Anger+1"],"picked":"Heavy Blade+1","floor":35},{"not_picked":["Perfected Strike+1","Burning Pact"],"picked":"Headbutt","floor":36},{"not_picked":["Feel No Pain+1","Headbutt"],"picked":"Sword Boomerang+1","floor":38}],"player_experience":46196,"relics_obtained":[{"floor":9.0,"key":"Mercury Hourglass"},{"floor":26,"key":"PreservedInsect"}],"event_choices":[{"damage_healed":0.0,"max_hp_gain":0.0,"max_hp_loss":0.0,"gold_gain":0.0,"cards_transformed":["Body Slam"],"event_name":"Living Wall","player_choice":"Change","floor":11.0,"gold_loss":0.0,"damage_taken":0.0,"cards_obtained":["Sever Soul"]},{"damage_healed":0.0,"max_hp_gain":0.0,"max_hp_loss":0.0,"gold_gain":0.0,"event_name":"Scrap Ooze","player_choice":"Success","floor":12.0,"gold_loss":0.0,"damage_taken":7.0,"relics_obtained":["Regal Pillow"]},{"damage_healed":0,"gold_gain":99,"player_choice":"Stole From Cult","damage_taken":0,"max_hp_gain":0,"max_hp_loss":0,"event_name":"Nest","floor":24,"gold_loss":0},{"cards_removed":["Injury"],"damage_healed":0,"gold_gain":0,"player_choice":"Removed Curses","damage_taken":0,"max_hp_gain":0,"max_hp_loss":0,"event_name":"Fountain of Cleansing","floor":28,"gold_loss":0},{"damage_healed":0,"gold_gain":999,"player_choice":"Gold","damage_taken":0,"max_hp_gain":0,"max_hp_loss":0,"event_name":"MindBloom","floor":39,"gold_loss":0,"cards_obtained":["Normality","Normality"]}],"is_beta":false,"boss_relics":[{"not_picked":["Runic Pyramid","Fusion Hammer"],"picked":"Cursed Key"},{"not_picked":["SacredBark","Astrolabe"],"picked":"Black Star"}],"items_purged_floors":[],"is_endless":false,"potions_floor_spawned":[2,3,5,8,13,19,20,22,25,33,36],"killed_by":"4 Shapes","ascension_level":0}}