{"host":"zdcz0a6aak4rnx0s","time":1609887007,"event":{"mods":["AchievementEnabler","BaseMod","Colored Map","Colored Powertips","Minty Spire (QoL Compilation)","StSLib"],"gold_per_floor":[359,359,359,359,324,324,26,59,59,59,59,89,89,99,99,173,173,191,0,0,20,32,32,47,47,47,47,79,79,79,99,99,175,175,189,189,189,204,215,215,140,140,140,140,140,140,140],"floor_reached":46,"playtime":1912,"items_purged":["Strike_R"],"score":836,"play_id":"fbdbc1e3-ba72-4df1-afb5-81a1043afc27","local_time":"20210105165007","is_ascension_mode":true,"campfire_choices":[{"data":"Bash","floor":6.0,"key":"SMITH"},{"floor":11.0,"key":"REST"},{"floor":13.0,"key":"REST"},{"floor":15.0,"key":"REST"},{"data":"Demon Form","floor":23,"key":"SMITH"},{"floor":25,"key":"REST"},{"floor":32,"key":"REST"},{"data":"Shrug It Off","floor":40,"key":"SMITH"},{"data":"Sadistic Nature","floor":42,"key":"SMITH"},{"data":"Defend_R","floor":44,"key":"SMITH"}],"circlet_count":0,"master_deck":["AscendersBane","Strike_R+1","Defend_R","Defend_R+1","Defend_R+1","Bash+1","Sadistic Nature+1","Uppercut+1","Demon Form+1","Thunderclap","Reaper","Cleave","Shrug It Off+1","Reckless Charge"],"relics":["Burning Blood","Ancient Tea Set","Gremlin Horn","Mercury Hourglass","Busted Crown","Toy Ornithopter","Centennial Puzzle","Frozen Egg 2","Empty Cage","Toxic Egg 2","Bag of Marbles"],"acts_visited":["Exordium","TheCity","TheBeyond"],"potions_floor_usage":[28,33,33,46],"damage_taken":[{"damage":4.0,"enemies":"Small Slimes","floor":1.0,"turns":4.0},{"damage":20.0,"enemies":"Lagavulin","floor":8.0,"turns":7.0},{"damage":45.0,"enemies":"3 Sentries","floor":12.0,"turns":9.0},{"damage":14.0,"enemies":"2 Louse","floor":14.0,"turns":2.0},{"damage":44.0,"enemies":"Hexaghost","floor":16.0,"turns":8.0},{"damage":27.0,"enemies":"3 Byrds","floor":18.0,"turns":4.0},{"damage":22,"enemies":"Spheric Guardian","floor":21,"turns":5},{"damage":30,"enemies":"3 Cultists","floor":22,"turns":5},{"damage":43,"enemies":"Centurion and Healer","floor":24,"turns":4},{"damage":34,"enemies":"Slavers","floor":28,"turns":5},{"damage":13,"enemies":"Cultist and Chosen","floor":31,"turns":5},{"damage":51,"enemies":"Automaton","floor":33,"turns":8},{"damage":16,"enemies":"Orb Walker","floor":35,"turns":3},{"damage":60,"enemies":"3 Darklings","floor":38,"turns":5},{"damage":25,"enemies":"Maw","floor":39,"turns":7},{"damage":64,"enemies":"Spire Growth","floor":46,"turns":5}],"seed_played":"5211735521369691641","potions_obtained":[{"floor":16.0,"key":"Dexterity Potion"},{"floor":28,"key":"SkillPotion"},{"floor":31,"key":"Explosive Potion"},{"floor":38,"key":"Block Potion"}],"is_trial":false,"path_per_floor":["M","?","?","?","?","R","$","E","T","?","R","E","R","M","R","B",null,"M","?","?","M","M","R","M","R","T","$","E","T","?","M","R","B",null,"M","?","?","M","M","R","$","R","T","R","T","M"],"character_chosen":"IRONCLAD","items_purchased":["Sadistic Nature","Uppercut"],"campfire_rested":5,"item_purchase_floors":[7,7],"current_hp_per_floor":[52,57,57,50,70,70,70,56,56,32,56,17,41,33,57,19,65,55,55,80,64,66,66,29,53,53,53,37,37,37,30,54,46,72,76,76,76,67,48,48,48,48,48,48,48,0,0],"gold":140,"neow_bonus":"TWO_FIFTY_GOLD","is_daily":false,"chose_seed":false,"campfire_upgraded":5,"win_rate":0.0,"timestamp":1609887007,"path_taken":["M","?","?","?","?","R","$","E","T","?","R","E","R","M","R","BOSS","M","?","?","M","M","R","?","R","T","$","E","?","?","M","R","BOSS","M","?","?","?","M","R","$","R","T","R","?","M"],"items_purchased_type":["Card","Card"],"build_version":"2020-12-22","purchased_purges":1,"victory":false,"max_hp_per_floor":[75,80,80,80,80,80,80,80,80,80,80,80,80,80,80,80,80,80,80,80,80,80,80,80,80,80,80,80,80,80,80,80,80,80,80,80,80,80,80,80,80,80,80,80,80,80,80],"card_choices":[{"not_picked":["Pommel Strike","Perfected Strike","Clash"],"picked":"SKIP","floor":1.0},{"not_picked":["Cleave","Havoc"],"picked":"Demon Form","floor":8.0},{"not_picked":["Metallicize","Flex"],"picked":"Burning Pact","floor":12.0},{"not_picked":["Perfected Strike","Sword Boomerang"],"picked":"Thunderclap","floor":14.0},{"not_picked":["Double Tap","Juggernaut"],"picked":"Reaper","floor":16.0},{"not_picked":["Burning Pact"],"picked":"SKIP","floor":18.0},{"not_picked":["Warcry+1"],"picked":"SKIP","floor":21},{"not_picked":[],"picked":"Cleave","floor":22},{"not_picked":[],"picked":"Shrug It Off","floor":24},{"not_picked":["Wild Strike+1"],"picked":"SKIP","floor":28},{"not_picked":["Feel No Pain+1"],"picked":"SKIP","floor":31},{"not_picked":["Cleave"],"picked":"SKIP","floor":35},{"not_picked":["Clothesline"],"picked":"SKIP","floor":38},{"not_picked":["Infernal Blade"],"picked":"SKIP","floor":39}],"player_experience":1001639,"relics_obtained":[{"floor":8.0,"key":"Ancient Tea Set"},{"floor":9.0,"key":"Gremlin Horn"},{"floor":12.0,"key":"Mercury Hourglass"},{"floor":26,"key":"Toy Ornithopter"},{"floor":28,"key":"Centennial Puzzle"},{"floor":29,"key":"Frozen Egg 2"},{"floor":43,"key":"Toxic Egg 2"},{"floor":45,"key":"Bag of Marbles"}],"event_choices":[{"damage_healed":0.0,"max_hp_gain":5.0,"max_hp_loss":0.0,"gold_gain":0.0,"event_name":"Big Fish","player_choice":"Donut","floor":2.0,"gold_loss":0.0,"damage_taken":0.0},{"damage_healed":0.0,"max_hp_gain":0.0,"max_hp_loss":0.0,"gold_gain":0.0,"event_name":"Scrap Ooze","player_choice":"Fled","floor":3.0,"gold_loss":0.0,"damage_taken":0.0},{"cards_removed":["Strike_R"],"damage_healed":0.0,"max_hp_gain":0.0,"max_hp_loss":0.0,"gold_gain":0.0,"event_name":"Golden Wing","player_choice":"Card Removal","floor":4.0,"gold_loss":0.0,"damage_taken":7.0},{"damage_healed":20.0,"max_hp_gain":0.0,"max_hp_loss":0.0,"gold_gain":0.0,"event_name":"The Cleric","player_choice":"Healed","floor":5.0,"gold_loss":35.0,"damage_taken":0.0},{"damage_healed":0.0,"max_hp_gain":0.0,"max_hp_loss":0.0,"gold_gain":0.0,"event_name":"Shining Light","player_choice":"Entered Light","floor":10.0,"gold_loss":0.0,"damage_taken":24.0,"cards_upgraded":["Strike_R","Defend_R"]},{"damage_healed":0,"gold_gain":0,"player_choice":"Paid Fearfully","damage_taken":0,"max_hp_gain":0,"max_hp_loss":0,"event_name":"Masked Bandits","floor":19,"gold_loss":191},{"cards_removed":["Burning Pact"],"damage_healed":25,"gold_gain":0,"player_choice":"Offered Uncommon","damage_taken":0,"max_hp_gain":0,"max_hp_loss":0,"event_name":"Bonfire Elementals","floor":20,"gold_loss":0},{"damage_healed":0,"gold_gain":0,"player_choice":"Forge","damage_taken":0,"max_hp_gain":0,"max_hp_loss":0,"event_name":"Accursed Blacksmith","floor":30,"gold_loss":0,"cards_upgraded":["Uppercut"]},{"damage_healed":0,"gold_gain":0,"player_choice":"Ignored","damage_taken":0,"max_hp_gain":0,"max_hp_loss":0,"event_name":"Tomb of Lord Red Mask","floor":36,"gold_loss":0},{"damage_healed":0,"gold_gain":0,"cards_transformed":["Strike_R"],"player_choice":"Transformed","damage_taken":0,"max_hp_gain":0,"max_hp_loss":0,"event_name":"Transmorgrifier","floor":37,"gold_loss":0,"cards_obtained":["Reckless Charge"]}],"is_beta":false,"boss_relics":[{"not_picked":["Calling Bell","Tiny House"],"picked":"Busted Crown"},{"not_picked":["Snecko Eye","Astrolabe"],"picked":"Empty Cage"}],"items_purged_floors":[41],"is_endless":false,"potions_floor_spawned":[16,28,31,38],"killed_by":"Spire Growth","ascension_level":18}}