{"host":"nokkww7jwsecww7q","time":1609876869,"event":{"mods":["AchievementEnabler","BaseMod","Better Skull","Better Third Choice","BetterRewards","Colored Map","Colored Powertips","DeckTracker","Displayed Cursed Tome","Minty Spire (QoL Compilation)","Quick Restart","Relic Stats","Spicy Shops","StSLib","Thieving Mod","everything is the same but u backflip on backflip"],"gold_per_floor":[114,127,127,152,302,346,346,346,346,346,346,387,6,22,22,116,116,141,162,87,107,157,181,221,9,83,118,133,158,158,191,191,280,280,303,636,636,276,276,302,317,46,46,66,81,107,107,134,134,134,134,134,1,35,35],"floor_reached":56,"playtime":1911,"items_purged":["Strike_G","Strike_G","Doubt","Strike_G"],"score":2500,"play_id":"9a40e4ca-2b71-4c6f-b683-bbe230d4a01b","local_time":"20210105230109","is_ascension_mode":true,"campfire_choices":[{"floor":7.0,"key":"REST"},{"data":"Blade Dance","floor":11.0,"key":"SMITH"},{"data":"Terror","floor":15.0,"key":"SMITH"},{"data":"Cloak And Dagger","floor":30.0,"key":"SMITH"},{"data":"Footwork","floor":32.0,"key":"SMITH"},{"floor":47.0,"key":"RECALL"},{"data":"Blade Dance","floor":49.0,"key":"SMITH"},{"data":"Blade Dance","floor":52.0,"key":"SMITH"}],"circlet_count":0,"master_deck":["AscendersBane","Defend_G","Defend_G","Defend_G+1","Defend_G","Defend_G","Survivor+1","Neutralize","Finisher+1","Blade Dance+1","Footwork+1","Backstab","Terror+1","Backstab+1","Slice+1","After Image+1","Footwork+1","Cloak And Dagger+1","Backflip","Glass Knife+1","Blade Dance+1","Accuracy+1","Infinite Blades+1","Prepared","After Image+1","Blade Dance+1","Footwork+1","Accuracy+1","Glass Knife+1","Accuracy+1","Prepared","Blade Dance+1","Blur","Adrenaline","Finisher+1"],"relics":["Ring of the Serpent","Tiny Chest","Sling","Molten Egg 2","Omamori","Frozen Egg 2","Happy Flower","Membership Card","TungstenRod","Torii","Ninja Scroll","ClockworkSouvenir","Shuriken","Pantograph","Strawberry","Cursed Key","Matryoshka","Ginger","War Paint","Whetstone","Mercury Hourglass","Lantern","Bag of Preparation","Mango","Bottled Tornado","Ice Cream","Bird Faced Urn"],"acts_visited":["Exordium","TheCity","TheBeyond","TheEnding"],"potions_floor_usage":[],"damage_taken":[{"damage":0.0,"enemies":"Cultist","floor":1.0,"turns":1.0},{"damage":4.0,"enemies":"Jaw Worm","floor":2.0,"turns":2.0},{"damage":0.0,"enemies":"Small Slimes","floor":4.0,"turns":2.0},{"damage":9.0,"enemies":"3 Sentries","floor":6.0,"turns":8.0},{"damage":3.0,"enemies":"Lagavulin","floor":12.0,"turns":3.0},{"damage":5.0,"enemies":"Blue Slaver","floor":14.0,"turns":3.0},{"damage":12.0,"enemies":"Hexaghost","floor":16.0,"turns":9.0},{"damage":0.0,"enemies":"Spheric Guardian","floor":18.0,"turns":1.0},{"damage":0.0,"enemies":"3 Byrds","floor":19.0,"turns":5.0},{"damage":17.0,"enemies":"Snake Plant","floor":21.0,"turns":4.0},{"damage":8.0,"enemies":"Shelled Parasite and Fungi","floor":23.0,"turns":4.0},{"damage":6.0,"enemies":"Gremlin Leader","floor":24.0,"turns":6.0},{"damage":0.0,"enemies":"Slavers","floor":27.0,"turns":3.0},{"damage":0.0,"enemies":"3 Cultists","floor":28.0,"turns":4.0},{"damage":0.0,"enemies":"Snake Plant","floor":29.0,"turns":2.0},{"damage":0.0,"enemies":"Gremlin Leader","floor":31.0,"turns":2.0},{"damage":0.0,"enemies":"Automaton","floor":33.0,"turns":6.0},{"damage":0.0,"enemies":"3 Darklings","floor":35.0,"turns":4.0},{"damage":0.0,"enemies":"Reptomancer","floor":40.0,"turns":3.0},{"damage":0.0,"enemies":"Orb Walker","floor":41.0,"turns":2.0},{"damage":0.0,"enemies":"4 Shapes","floor":44.0,"turns":3.0},{"damage":0.0,"enemies":"Maw","floor":45.0,"turns":3.0},{"damage":0.0,"enemies":"Nemesis","floor":46.0,"turns":3.0},{"damage":0.0,"enemies":"Reptomancer","floor":48.0,"turns":2.0},{"damage":48.0,"enemies":"Time Eater","floor":50.0,"turns":8.0},{"damage":13,"enemies":"Shield and Spear","floor":54,"turns":4},{"damage":5,"enemies":"The Heart","floor":55,"turns":5}],"seed_played":"-3535281827961939820","potions_obtained":[{"floor":1.0,"key":"LiquidMemories"},{"floor":4.0,"key":"SmokeBomb"},{"floor":14.0,"key":"DistilledChaos"},{"floor":18.0,"key":"LiquidMemories"},{"floor":28.0,"key":"FearPotion"},{"floor":41.0,"key":"CultistPotion"}],"is_trial":false,"path_per_floor":["M","M","?","M","?","E","R","?","T","T","R","E","$","M","R","B",null,"M","M","?","M","?","M","E","$","T","E","M","M","R","E","R","B",null,"M","?","T","$","?","E","M","$","T","M","M","E","R","E","R","B",null,"R","$","E","B",null],"character_chosen":"THE_SILENT","items_purchased":["Tiny Chest","Finisher","Blade Dance","Footwork","Sling","Backstab","Membership Card","Footwork+1","Cloak And Dagger","TungstenRod","Ninja Scroll","ClockworkSouvenir","Ginger","Footwork+1","War Paint","Whetstone","Glass Knife+1","Lantern","Accuracy+1","Prepared","Adrenaline","Ice Cream","Finisher+1"],"campfire_rested":1,"item_purchase_floors":[0,0,0,0,0,0,13,13,13,13,25,25,38,38,38,38,42,42,42,42,53,53,53],"current_hp_per_floor":[28,24,24,24,24,15,33,53,53,53,53,50,50,45,45,33,53,53,53,53,36,36,28,22,22,22,22,22,22,22,29,29,54,64,64,64,64,64,64,64,64,64,64,64,64,78,78,78,78,33,69,69,69,56,80],"gold":35,"neow_bonus":"","is_daily":false,"chose_seed":false,"campfire_upgraded":6,"win_rate":0.0,"timestamp":1609876869,"path_taken":["M","M","?","M","?","E","R","?","T","?","R","E","$","M","R","BOSS","M","M","?","M","?","M","E","$","T","E","M","M","R","E","R","BOSS","M","?","?","$","?","E","?","$","T","M","M","E","R","E","R","BOSS","R","$","E","BOSS"],"items_purchased_type":["Relic","Card","Card","Card","Relic","Card","Relic","Card","Card","Relic","Relic","Relic","Relic","Card","Relic","Relic","Card","Relic","Card","Card","Card","Relic","Card"],"build_version":"2020-12-22","purchased_purges":4,"victory":true,"max_hp_per_floor":[66,66,60,60,60,60,60,60,60,60,60,60,60,60,60,60,60,60,60,60,60,60,60,60,60,60,60,60,60,60,67,67,67,67,67,67,67,67,67,67,67,67,67,67,67,81,81,81,81,81,81,81,81,81,81],"relic_stats":{"Happy Flower":[28],"Torii":9,"counters":[91,327],"Bag of Preparation":[4],"Ginger":[6],"Whetstone":["Finisher","Backstab"],"War Paint":["Defend_G","Survivor"],"Cursed Key":2,"Mercury Hourglass":[112],"Shuriken":[73],"Pantograph":53,"Bird Faced Urn":[4],"Tiny Chest":2,"obtain_stats":[{"Ice Cream":21,"Mark of the Bloom":47,"Calipers":37,"Gremlin Horn":0,"Vajra":0,"HoveringKite":17,"Ginger":38,"Whetstone":38,"Bottled Tornado":37,"Sling":0,"Old Coin":9,"Sozu":17,"Lizard Tail":25,"HornCleat":44,"DollysMirror":0,"Sundial":7,"Strawberry":47,"Fusion Hammer":34,"Kunai":0,"Toxic Egg 2":48,"Happy Flower":13,"Dead Branch":6,"Oddly Smooth Stone":26,"Eternal Feather":10,"War Paint":26,"Du-Vu Doll":25,"OrangePellets":0,"Shuriken":8,"Bird Faced Urn":9,"Bronze Scales":23,"Molten Egg 2":0,"Ring of the Serpent":17,"Lantern":0,"Singing Bowl":8,"Torii":24,"GremlinMask":5,"StoneCalendar":43,"Mango":46,"Snake Skull":0,"Bag of Preparation":11,"Incense Burner":28,"Cursed Key":34,"ClockworkSouvenir":0,"Tough Bandages":13,"Matryoshka":0,"WristBlade":34,"Mummified Hand":0,"Ninja Scroll":25,"Gambling Chip":22,"Pantograph":27,"Tiny Chest":5,"InkBottle":26,"Ring of the Snake":0,"Potion Belt":0,"Golden Idol":3,"PreservedInsect":0,"The Courier":40,"Omamori":9,"Frozen Egg 2":5,"Orichalcum":8,"White Beast Statue":24,"Mercury Hourglass":43,"CaptainsWheel":29,"Ornamental Fan":46,"betterThird:SlimedRelic":4,"Orrery":0,"Art of War":9,"Membership Card":0,"TungstenRod":0,"FossilizedHelix":28,"Toy Ornithopter":42},{"Ice Cream":11,"Mark of the Bloom":24,"Calipers":43,"Gremlin Horn":0,"Vajra":0,"HoveringKite":9,"Ginger":82,"Whetstone":82,"Bottled Tornado":20,"Sling":0,"Old Coin":30,"Sozu":58,"Lizard Tail":14,"HornCleat":47,"DollysMirror":0,"Sundial":29,"Strawberry":48,"Fusion Hammer":40,"Kunai":26,"Toxic Egg 2":25,"Happy Flower":8,"Dead Branch":5,"Oddly Smooth Stone":37,"Eternal Feather":6,"War Paint":62,"Du-Vu Doll":62,"OrangePellets":64,"Shuriken":6,"Bird Faced Urn":6,"Bronze Scales":13,"Molten Egg 2":64,"Ring of the Serpent":33,"Lantern":0,"Singing Bowl":30,"Torii":76,"GremlinMask":29,"StoneCalendar":46,"Mango":87,"Snake Skull":0,"Bag of Preparation":30,"Incense Burner":38,"Cursed Key":81,"ClockworkSouvenir":0,"Tough Bandages":31,"Matryoshka":0,"WristBlade":18,"Mummified Hand":0,"Ninja Scroll":76,"Gambling Chip":36,"Pantograph":77,"Tiny Chest":4,"InkBottle":14,"Ring of the Snake":0,"Potion Belt":0,"Golden Idol":66,"PreservedInsect":1,"The Courier":22,"Omamori":68,"Frozen Egg 2":4,"Orichalcum":54,"White Beast Statue":37,"Mercury Hourglass":23,"CaptainsWheel":16,"Ornamental Fan":24,"betterThird:SlimedRelic":29,"Orrery":1,"Art of War":54,"Membership Card":1,"TungstenRod":1,"FossilizedHelix":15,"Toy Ornithopter":23},{"Ice Cream":39,"Mark of the Bloom":78,"Calipers":150,"Gremlin Horn":0,"Vajra":0,"HoveringKite":33,"Ginger":294,"Whetstone":294,"Bottled Tornado":64,"Sling":0,"Old Coin":94,"Sozu":209,"Lizard Tail":49,"HornCleat":171,"DollysMirror":0,"Sundial":91,"Strawberry":176,"Fusion Hammer":141,"Kunai":86,"Toxic Egg 2":81,"Happy Flower":28,"Dead Branch":18,"Oddly Smooth Stone":125,"Eternal Feather":20,"War Paint":221,"Du-Vu Doll":221,"OrangePellets":225,"Shuriken":20,"Bird Faced Urn":20,"Bronze Scales":46,"Molten Egg 2":225,"Ring of the Serpent":110,"Lantern":0,"Singing Bowl":94,"Torii":273,"GremlinMask":91,"StoneCalendar":165,"Mango":308,"Snake Skull":0,"Bag of Preparation":94,"Incense Burner":130,"Cursed Key":290,"ClockworkSouvenir":0,"Tough Bandages":97,"Matryoshka":0,"WristBlade":60,"Mummified Hand":0,"Ninja Scroll":273,"Gambling Chip":120,"Pantograph":276,"Tiny Chest":14,"InkBottle":49,"Ring of the Snake":0,"Potion Belt":0,"Golden Idol":228,"PreservedInsect":3,"The Courier":71,"Omamori":238,"Frozen Egg 2":14,"Orichalcum":198,"White Beast Statue":125,"Mercury Hourglass":76,"CaptainsWheel":54,"Ornamental Fan":78,"betterThird:SlimedRelic":91,"Orrery":3,"Art of War":198,"Membership Card":3,"TungstenRod":3,"FossilizedHelix":52,"Toy Ornithopter":76}],"TungstenRod":28},"card_choices":[{"not_picked":["Dagger Spray","Escape Plan","PiercingWail"],"picked":"SKIP","floor":1.0},{"not_picked":["Distraction","Quick Slash"],"picked":"Terror","floor":2.0},{"not_picked":["Dagger Throw","PiercingWail"],"picked":"Backstab","floor":4.0},{"not_picked":["Deadly Poison","PiercingWail"],"picked":"Slice+1","floor":6.0},{"not_picked":["All Out Attack+1","Setup"],"picked":"After Image+1","floor":12.0},{"not_picked":["Bouncing Flask","Sucker Punch+1"],"picked":"Backflip","floor":14.0},{"not_picked":["Venomology","Tools of the Trade+1"],"picked":"Glass Knife+1","floor":16.0},{"not_picked":["Poisoned Stab+1","Outmaneuver+1"],"picked":"Blade Dance","floor":18.0},{"not_picked":["Dagger Spray+1","Heel Hook+1","Sucker Punch+1"],"picked":"SKIP","floor":19.0},{"not_picked":["Skewer+1","Outmaneuver","Poisoned Stab+1"],"picked":"SKIP","floor":21.0},{"not_picked":["Distraction","Acrobatics","Flechettes+1"],"picked":"SKIP","floor":23.0},{"not_picked":["Reflex","Terror","Deadly Poison"],"picked":"SKIP","floor":24.0},{"not_picked":["Setup","Dagger Spray+1"],"picked":"Accuracy+1","floor":27.0},{"not_picked":["PiercingWail","Choke+1"],"picked":"Infinite Blades+1","floor":28.0},{"not_picked":["Noxious Fumes+1","Terror"],"picked":"Prepared","floor":29.0},{"not_picked":["Noxious Fumes+1","Storm of Steel","Escape Plan"],"picked":"SKIP","floor":31.0},{"not_picked":["Storm of Steel","Die Die Die+1"],"picked":"After Image+1","floor":33.0},{"not_picked":["Endless Agony+1","All Out Attack+1"],"picked":"Blade Dance","floor":35.0},{"not_picked":["Dash+1","Deadly Poison+1","Underhanded Strike+1"],"picked":"SKIP","floor":40.0},{"not_picked":["Dodge and Roll+1","Setup"],"picked":"Accuracy+1","floor":41.0},{"not_picked":["Riddle With Holes+1","Outmaneuver+1","Acrobatics"],"picked":"SKIP","floor":44.0},{"not_picked":["Bane+1","Caltrops+1","Dagger Spray+1"],"picked":"SKIP","floor":45.0},{"not_picked":["Backflip","Setup+1"],"picked":"Blade Dance+1","floor":46.0},{"not_picked":["Poisoned Stab+1","Deflect"],"picked":"Blur","floor":48.0},{"not_picked":["Venomology","PiercingWail","Dagger Spray+1"],"picked":"SKIP","floor":54}],"player_experience":545789,"relics_obtained":[{"floor":6.0,"key":"Molten Egg 2"},{"floor":9.0,"key":"Omamori"},{"floor":10.0,"key":"Frozen Egg 2"},{"floor":12.0,"key":"Happy Flower"},{"floor":24.0,"key":"Torii"},{"floor":26.0,"key":"Shuriken"},{"floor":27.0,"key":"Pantograph"},{"floor":31.0,"key":"Strawberry"},{"floor":37.0,"key":"Matryoshka"},{"floor":40.0,"key":"Mercury Hourglass"},{"floor":43.0,"key":"Bag of Preparation"},{"floor":46.0,"key":"Mango"},{"floor":48.0,"key":"Bottled Tornado"},{"floor":54,"key":"Bird Faced Urn"}],"event_choices":[{"damage_healed":0.0,"max_hp_gain":0.0,"max_hp_loss":6.0,"gold_gain":0.0,"event_name":"Golden Idol","player_choice":"Lose Max HP","floor":3.0,"gold_loss":0.0,"damage_taken":0.0,"relics_obtained":["Golden Idol"]},{"damage_healed":0.0,"max_hp_gain":0.0,"max_hp_loss":0.0,"gold_gain":150.0,"event_name":"betterThird:BetterSerpent","player_choice":"AGREE","floor":5.0,"gold_loss":0.0,"damage_taken":152.0},{"damage_healed":20.0,"max_hp_gain":0.0,"max_hp_loss":0.0,"gold_gain":0.0,"event_name":"Big Fish","player_choice":"Banana","floor":8.0,"gold_loss":0.0,"damage_taken":0.0},{"cards_removed":["Strike_G"],"damage_healed":0.0,"max_hp_gain":0.0,"max_hp_loss":0.0,"gold_gain":0.0,"event_name":"Beggar","player_choice":"Gave Gold","floor":20.0,"gold_loss":75.0,"damage_taken":0.0},{"damage_healed":0.0,"max_hp_gain":0.0,"max_hp_loss":0.0,"gold_gain":50.0,"event_name":"betterThird:BetterNest","player_choice":"Steal","floor":22.0,"gold_loss":0.0,"damage_taken":0.0},{"damage_healed":0.0,"max_hp_gain":0.0,"max_hp_loss":0.0,"gold_gain":333.0,"event_name":"The Moai Head","player_choice":"Gave Idol","floor":36.0,"relics_lost":["Golden Idol"],"gold_loss":0.0,"damage_taken":0.0},{"cards_removed":["Strike_G"],"damage_healed":0.0,"max_hp_gain":0.0,"max_hp_loss":0.0,"gold_gain":0.0,"event_name":"Purifier","player_choice":"Purged","floor":39.0,"gold_loss":0.0,"damage_taken":0.0}],"is_beta":false,"boss_relics":[{"not_picked":["Snecko Eye","Fusion Hammer"],"picked":"Ring of the Serpent"},{"not_picked":["SlaversCollar","Runic Dome"],"picked":"Cursed Key"}],"items_purged_floors":[0,0,13,38],"is_endless":false,"potions_floor_spawned":[1,4,14,18,19,28,29,31,33,35,41,46],"ascension_level":16}}