{"host":"4q8tqz186r0pap1a","time":1609816119,"event":{"mods":["ATMod(阿瑾Mod)","Act Like it!","Arknights The Spire","Ascension Reborn","BaseMod","Colored Powertips","Curses Come First","Dota2Spire","Downfall","GungeonMod","Highlight Path","Hunter 猎人","Minty Spire (QoL Compilation)","Nova Terra(诺娃・泰拉)","Pale of the Ancients","Red Circlet Mod","Replay The Spire","Shop Mod","Spicy Shops","StSLib","The Construct","The Marked","TheWitcher","WarShipGirlsR/战舰少女R mod","[地精首领爬塔]The Maniac","【功能Mod】混沌之环修复补丁","【功能Mod】聪明的最终Boss","【遗物卡牌】REMEMod","残留之物"],"gold_per_floor":[99,109,384,395,98760,98685,98708,98743,97839,97872,97872,97892,97904,96675,96685,96786,96786,96711,96730,96742,95079,95079,94381,94381,94381,93026,93121,93121,93196,93121,93250,93314,93466,93466,93466,92248,92367,92367,92367,92367,92367],"floor_reached":39,"playtime":3536,"items_purged":["Regret","Shame","Apotheosis+1"],"score":675,"play_id":"0e32a7d5-c968-43df-9ceb-cfc3f2866219","local_time":"20210105110839","is_ascension_mode":true,"campfire_choices":[{"floor":1.0,"key":"RECALL"},{"data":"AT_KingSlayer","floor":6.0,"key":"SMITH"},{"data":"Slimebound:Split","floor":18.0,"key":"SMITH"},{"data":"Apotheosis","floor":25.0,"key":"SMITH"},{"data":"Slimebound:DuplicatedForm","floor":30.0,"key":"SMITH"},{"data":"Slimebound:LevelUp","floor":35,"key":"SMITH"}],"circlet_count":0,"master_deck":["Slimebound:Tackle","Slimebound:Defend_Slimebound","Slimebound:Defend_Slimebound","Slimebound:Defend_Slimebound","Slimebound:Defend_Slimebound","Slimebound:Split+1","Slimebound:CorrosiveSpit","AT_KingSlayer+1","construct:SiegeForm","Slimebound:ViciousTackle","Slimebound:SelfFormingGoo","Slimebound:LeadByExample","Slimebound:Gluttony","Slimebound:SplitLeeching","Slimebound:LeadByExample","Slimebound:ProtectTheBoss","Slimebound:GoopSpray","Slimebound:Repurpose","Slimebound:SamplingLick","Slimebound:Schlurp","Slimebound:ProtectTheBoss","Slimebound:SplitBruiser","Slimebound:SplitAcid","Slimebound:SamplingLick","Slimebound:SplitBruiser","Blood for Blood","Slimebound:SlimeBrawl","Panache","expansioncontent:DecasProtection","expansioncontent:FaceSlap","Slimebound:Gluttony","Slimebound:WasteNot","Slimebound:SpikyOuterGoop","Slimebound:DuplicatedForm+1","Slimebound:FormOfPuddle","Panache","Panacea","Slimebound:FormOfPuddle","Slimebound:SplitLeeching","Slimebound:LevelUp+1","Slimebound:Tackle+1","Slimebound:Tackle+1","Slimebound:Tackle+1","Slimebound:TongueLash","Slimebound:ProtectTheBoss+1","Slimebound:MinionMaster","Slimebound:Teamwork"],"relics":["AT_ATBox","REME_ComplimentaryCards","Lee\u0027s Waffle","WingedGreaves","Gremlin Food","MealTicket","DemoMod:RingOfEthereal","MerchantsRug","downfall:HeartBlessingRed","MawBank","Dota2Spire:HeartOfTarrasque","Replay:PocketPolymizer","AT_SeraphEmbrace","Orrery","AT_RedNoBalance","m_BurningSludge","AT_RabadonDeathcap","ReplayTheSpireMod:Shallot","DemoMod:MeatBun","Blood Vial","DemoMod:MeltedRock","ReplayTheSpireMod:ShopPack","Replay:Bronze Core","downfall:HeartBlessingBlue","Dota2Spire:MaskOfMadness","Dota2Spire:ArcaneBoots","Chemical X","ReplayFunnel","PlaceholderMod:DaolothFragment","Strange Spoon","AT_MibuBalloonWealth","DemoMod:GlassGuonStoneRelic","DemoMod:WhiteGuonStone","Dota2Spire:BladeMail","HandDrill","AT_SunfireAegis","Slimebound:AggressiveSlimeRelic","BargainBundle","Bottled Tornado","REME_IWantAll","AT_GoldPhoenixTree","Slimebound:SelfDamagePreventRelic","DemoMod:LamentConfigurum","StoneCalendar","DollysMirror","Replay:Baseball","downfall:HeartBlessingGreen","DemoMod:AgedBell","ReplayTheSpireMod:DimensionalGlitch","ClockworkSouvenir","PlaceholderMod:DeVermisMysteriis","DemoMod:Bottle","DemoMod:WeirdEgg","Lantern","REME_CardOfGreed","AT_TimeSand"],"acts_visited":["Exordium","TheCity","TheBeyond"],"potions_floor_usage":[33],"damage_taken":[{"damage":9.0,"enemies":"Jaw Worm","floor":2.0,"turns":3.0},{"damage":12.0,"enemies":"Cultist","floor":4.0,"turns":4.0},{"damage":21.0,"enemies":"downfall:FleeingMerchant","floor":5.0,"turns":4.0},{"damage":34.0,"enemies":"Lagavulin","floor":8.0,"turns":6.0},{"damage":18.0,"enemies":"downfall:FleeingMerchant","floor":9.0,"turns":4.0},{"damage":20.0,"enemies":"Gremlin Nob","floor":10.0,"turns":5.0},{"damage":10.0,"enemies":"Small Slimes","floor":12.0,"turns":2.0},{"damage":12.0,"enemies":"Exordium Wildlife","floor":13.0,"turns":4.0},{"damage":4.0,"enemies":"downfall:FleeingMerchant","floor":14.0,"turns":4.0},{"damage":8.0,"enemies":"2 Fungi Beasts","floor":15.0,"turns":3.0},{"damage":53.0,"enemies":"downfall:Ironclad","floor":16.0,"turns":6.0},{"damage":8.0,"enemies":"3 Byrds","floor":19.0,"turns":2.0},{"damage":4.0,"enemies":"Snake Plant","floor":20.0,"turns":2.0},{"damage":20.0,"enemies":"downfall:FleeingMerchant","floor":21.0,"turns":5.0},{"damage":38.0,"enemies":"downfall:FleeingMerchant","floor":23.0,"turns":2.0},{"damage":46.0,"enemies":"Centurion and Healer","floor":27.0,"turns":2.0},{"damage":52.0,"enemies":"Book of Stabbing","floor":29.0,"turns":1.0},{"damage":58,"enemies":"Gremlin Leader","floor":31,"turns":3},{"damage":81,"enemies":"Snecko","floor":32,"turns":3},{"damage":58,"enemies":"downfall:Silent","floor":33,"turns":2},{"damage":74,"enemies":"3 Shapes","floor":37,"turns":2},{"damage":50,"enemies":"3 Darklings","floor":39,"turns":1}],"seed_played":"-8752056184747288484","potions_obtained":[{"floor":2.0,"key":"Guardian:BlockOnCardUsePotion"},{"floor":12.0,"key":"EssenceOfSteel"},{"floor":13.0,"key":"LifebloodPotion"},{"floor":15.0,"key":"champ:CounterPotion"},{"floor":16.0,"key":"Venom Potion"},{"floor":33,"key":"Dexterity Potion"},{"floor":37,"key":"SkillPotion"}],"is_trial":false,"path_per_floor":["R","M","?","M","$","R","T","E","$","E","?","M","M","$","M","B",null,"R","M","M","$","?","$","T","R","$","M","?","E","R","E","M","B",null,"R","$","M","?","M"],"character_chosen":"SLIMEBOUND","items_purchased":["Slimebound:Gluttony","Lee\u0027s Waffle","WingedGreaves","Gremlin Food","MealTicket","DemoMod:RingOfEthereal","MerchantsRug","Slimebound:SplitLeeching","Dota2Spire:HeartOfTarrasque","Replay:PocketPolymizer","AT_ArchangelStaff","Orrery","AT_RabadonDeathcap","ReplayTheSpireMod:Shallot","DemoMod:MeatBun","Blood Vial","DemoMod:MeltedRock","Slimebound:SplitBruiser","Blood for Blood","Slimebound:SlimeBrawl","ReplayTheSpireMod:ShopPack","Dota2Spire:MaskOfMadness","Dota2Spire:ArcaneBoots","Chemical X","ReplayFunnel","PlaceholderMod:DaolothFragment","Strange Spoon","Slimebound:DuplicatedForm","Apotheosis","DemoMod:WhiteGuonStone","Dota2Spire:BladeMail","HandDrill","AT_SunfireAegis","Slimebound:AggressiveSlimeRelic","BargainBundle","Slimebound:FormOfPuddle","Panache","Panacea","REME_IWantAll","AT_GoldPhoenixTree","Slimebound:SelfDamagePreventRelic","DemoMod:LamentConfigurum","StoneCalendar","DollysMirror","Slimebound:SplitLeeching","ClockworkSouvenir","PlaceholderMod:DeVermisMysteriis","DemoMod:Bottle","DemoMod:WeirdEgg","Lantern","REME_CardOfGreed","Slimebound:Teamwork"],"campfire_rested":0,"item_purchase_floors":[5,5,5,5,5,5,5,5,9,9,9,9,14,14,14,14,14,14,14,14,14,21,21,21,21,21,21,21,21,23,23,23,23,23,23,23,23,23,26,26,26,26,26,26,26,36,36,36,36,36,36,36],"current_hp_per_floor":[60,60,60,52,67,67,67,53,69,73,73,27,45,63,67,38,75,85,85,85,85,85,85,85,85,85,81,81,79,79,75,67,65,85,85,85,35,35,0,0,0],"gold":92367,"neow_bonus":"REMOVE_CARD","is_daily":false,"chose_seed":false,"campfire_upgraded":5,"win_rate":0.0,"timestamp":1609816119,"path_taken":["R","M","?","?","$","R","T","E","$","E","?","M","M","$","M","BOSS","R","M","M","$","?","$","T","R","$","M","?","E","R","E","M","BOSS","R","$","M","?","M"],"items_purchased_type":["Card","Relic","Relic","Relic","Relic","Relic","Relic","Card","Relic","Relic","Relic","Relic","Relic","Relic","Relic","Relic","Relic","Card","Card","Card","Relic","Relic","Relic","Relic","Relic","Relic","Relic","Card","Card","Relic","Relic","Relic","Relic","Relic","Relic","Card","Card","Card","Relic","Relic","Relic","Relic","Relic","Relic","Card","Relic","Relic","Relic","Relic","Relic","Relic","Card"],"build_version":"2020-12-22","purchased_purges":3,"victory":false,"max_hp_per_floor":[60,60,60,60,67,67,67,67,75,75,75,75,75,75,75,75,75,85,85,85,85,85,85,85,85,85,85,85,85,85,85,85,85,85,85,85,85,85,85,85,85],"card_choices":[{"not_picked":["Slimebound:Replication","Slimebound:SplitBruiser"],"picked":"Slimebound:ViciousTackle","floor":2.0},{"not_picked":["Slimebound:ViciousTackle","Slimebound:SplitBruiser"],"picked":"Slimebound:SelfFormingGoo","floor":4.0},{"not_picked":["Slimebound:ViciousTackle","Slimebound:Grow"],"picked":"Slimebound:LeadByExample","floor":5.0},{"not_picked":["Slimebound:ComboTackle","Slimebound:Equalize"],"picked":"Slimebound:LeadByExample","floor":8.0},{"not_picked":["Slimebound:SplitMire","Slimebound:PressTheAttack"],"picked":"Slimebound:ProtectTheBoss","floor":9.0},{"not_picked":["Slimebound:ComboTackle","Slimebound:SlimeSpikes"],"picked":"Slimebound:GoopSpray","floor":9.0},{"not_picked":["Slimebound:DouseInSlime","Slimebound:Dissolve"],"picked":"Slimebound:Repurpose","floor":9.0},{"not_picked":["Slimebound:GrowthPunch","Slimebound:ViciousTackle"],"picked":"Slimebound:SamplingLick","floor":9.0},{"not_picked":["Slimebound:LeechingTouch","Slimebound:RollThrough"],"picked":"Slimebound:Schlurp","floor":9.0},{"not_picked":["Slimebound:LevelUp","Slimebound:Prepare"],"picked":"Slimebound:ProtectTheBoss","floor":9.0},{"not_picked":["Slimebound:Replication","Slimebound:SamplingLick"],"picked":"Slimebound:SplitBruiser","floor":10.0},{"not_picked":["Slimebound:RollThrough","Slimebound:ItLooksTasty","Slimebound:LeechingTouch"],"picked":"SKIP","floor":12.0},{"not_picked":["Slimebound:ComboTackle","Slimebound:Schlurp"],"picked":"Slimebound:SplitAcid","floor":13.0},{"not_picked":["Slimebound:DouseInSlime","Slimebound:SlimeSpikes"],"picked":"Slimebound:SamplingLick","floor":14.0},{"not_picked":["Master of Strategy","Midas Touch"],"picked":"Panache","floor":14.0},{"not_picked":["Replay:Bootleg Shield Generator","expansioncontent:HyperBeam"],"picked":"expansioncontent:DecasProtection","floor":14.0},{"not_picked":["AT_PowerWithin","expansioncontent:SlimeTackle"],"picked":"expansioncontent:FaceSlap","floor":14.0},{"not_picked":["Slimebound:Repurpose","Slimebound:FinishingTackle"],"picked":"Slimebound:Gluttony","floor":15.0},{"not_picked":["Slimebound:SlimeSlap","Hemogenesis"],"picked":"Slimebound:WasteNot","floor":16.0},{"not_picked":["Slimebound:LeadByExample","Slimebound:SlimeBrawl","Slimebound:RainOfGoop"],"picked":"SKIP","floor":19.0},{"not_picked":["Slimebound:SlimeSpikes","Slimebound:FinishingTackle+1","Slimebound:SplitBruiser"],"picked":"SKIP","floor":20.0},{"not_picked":["Slimebound:Equalize+1","Slimebound:LeechingTouch+1"],"picked":"Slimebound:SpikyOuterGoop","floor":21.0},{"not_picked":["Slimebound:FlameTackle","Slimebound:Schlurp","Slimebound:LeechEnergy"],"picked":"SKIP","floor":23.0},{"not_picked":["Slimebound:Nibble","Slimebound:LivingWall+1"],"picked":"Slimebound:LevelUp","floor":27.0},{"not_picked":["Slimebound:Dissolve+1","Slimebound:ViciousTackle"],"picked":"Slimebound:TongueLash","floor":29.0},{"not_picked":["Slimebound:ComboTackle+1","Slimebound:CheckThePlaybook"],"picked":"Slimebound:ProtectTheBoss+1","floor":31},{"not_picked":["Slimebound:GrowthPunch+1","Slimebound:DisruptingSlam","Slimebound:SplitBruiser"],"picked":"SKIP","floor":32},{"not_picked":["Slimebound:WasteNot","Slimebound:OozeBath"],"picked":"Slimebound:MinionMaster","floor":33},{"not_picked":["Slimebound:FinishingTackle","Slimebound:GrowthPunch","Slimebound:RainOfGoop+1"],"picked":"SKIP","floor":37}],"player_experience":88841,"relics_obtained":[{"floor":8.0,"key":"MawBank"},{"floor":10.0,"key":"AT_SilverBalance"},{"floor":24.0,"key":"Bottled Tornado"},{"floor":29.0,"key":"Replay:Baseball"},{"floor":31,"key":"DemoMod:AgedBell"},{"floor":38,"key":"AT_TimeSand"}],"event_choices":[{"damage_healed":0.0,"max_hp_gain":0.0,"max_hp_loss":0.0,"gold_gain":0.0,"event_name":"Addict","player_choice":"Stole Relic","floor":22.0,"gold_loss":0.0,"damage_taken":0.0,"relics_obtained":["AT_MibuBalloonWealth"],"cards_obtained":["Shame"]}],"is_beta":false,"boss_relics":[{"not_picked":["Painkiller Herb","Snecko Eye"],"picked":"Replay:Bronze Core"},{"not_picked":["Velvet Choker","Fusion Hammer"],"picked":"ReplayTheSpireMod:DimensionalGlitch"}],"items_purged_floors":[5,26,36],"is_endless":false,"potions_floor_spawned":[2,12,13,15,16,20,31,33,37],"killed_by":"3 Darklings","ascension_level":0}}