{"host":"3y33rrrkia6pkpow","time":1609877009,"event":{"mods":["2.2 Compatiblity","AchievementEnabler","Act Like it!","BaseMod","BetterRewards","Colored Map","Gensokyo","Minty Spire (QoL Compilation)","Quick Restart","Replay The Spire","Shop Mod","Spicy Shops","StSLib","Synergy Search","The Animator"],"gold_per_floor":[119,219,74,106,106,136,136,170,170,181,195,195,195,220,220,317,317,336,436,449,449,481,516,516,555,609,642,642,8,55,55,55,167,167,183,44,44,44,44,55,55,90,140,167,178,178,196,196,196,196],"floor_reached":51,"playtime":6236,"items_purged":[],"score":1236,"play_id":"5e94b239-0e0a-4eec-95bf-7ff96cb0c5a9","local_time":"20210105140329","is_ascension_mode":true,"campfire_choices":[{"floor":12.0,"key":"REST"},{"floor":15.0,"key":"REST"},{"floor":24.0,"key":"REST"},{"floor":46.0,"key":"REST"},{"floor":49.0,"key":"REST"}],"circlet_count":0,"master_deck":["AscendersBane","animator:Strike_OwariNoSeraph","animator:Defend_OwariNoSeraph","animator:Defend","animator:Defend","animator:Defend","animator:Shinoa","animator:Mikaela","Strike_B+1","animator:Defend_Katanagatari","animator:YamaiSisters","animator:EriShiina+1","animator:Mitsuba","animator:YamaiSisters+1","animator:KanadeTachibana","animator:Mikaela","animator:Noda","animator:AyaShameimaru","animator:Shinoa","animator:HiedaNoAkyuu+1","CurseOfTheBell","animator:Mitsuba","animator:Yuuichirou","animator:NiaHonjou+1","animator:Chris","animator:Mikaela+1","animator:Mikaela","Shame","animator:TanyaDegurechaff","animator:HiiragiShinya","Envenom","animator:Mikaela","animator:Shinoa","animator:SatoriKomeiji","animator:HinaKagiyama","animator:Curse_Dizziness","Doppelganger","ReplayTheSpireMod:Scrap Shanks","animator:Shichika","animator:NiaHonjou","Weave+1"],"relics":["animator:LivingPicture","animator:TheMissingPiece","animator:PurgingStone","Du-Vu Doll","Akabeko","Pet Ghost","Art of War","TungstenRod","Calling Bell","Red Skull","Ornamental Fan","Replay:Multitool","animator:Mistletoe","Replay:Towering Pillar of Hats","Peace Pipe","Unceasing Top","MealTicket","The Courier","HandDrill","Potion Belt","Pear","PrismaticShard","animator:Buoy","Mark of Pain","Brimstone","Lantern","Replay:Rubber Ducky","Replay:Kaleidoscope"],"acts_visited":["Exordium","Gensokyo:Gensokyo","Gensokyo:Gensokyoer"],"potions_floor_usage":[],"damage_taken":[{"damage":0.0,"enemies":"Gensokyo:3_Fairies","floor":1.0,"turns":5.0},{"damage":5.0,"enemies":"Gensokyo:Python","floor":4.0,"turns":3.0},{"damage":12.0,"enemies":"Gensokyo:Aya","floor":6.0,"turns":5.0},{"damage":22.0,"enemies":"Gensokyo:Mamizou","floor":8.0,"turns":8.0},{"damage":0.0,"enemies":"Gensokyo:2_Kodama","floor":10.0,"turns":1.0},{"damage":0.0,"enemies":"Gensokyo:LivingMonolith","floor":11.0,"turns":1.0},{"damage":5.0,"enemies":"Gensokyo:Aya","floor":14.0,"turns":3.0},{"damage":8.0,"enemies":"Gensokyo:Reimu","floor":16.0,"turns":10.0},{"damage":0.0,"enemies":"Gensokyo:Chomper","floor":18.0,"turns":3.0},{"damage":6.0,"enemies":"Gensokyo:Chomper","floor":19.0,"turns":10.0},{"damage":6.0,"enemies":"Gensokyo:AngelMirror","floor":20.0,"turns":2.0},{"damage":0.0,"enemies":"Gensokyo:Chomper_and_Gloop","floor":22.0,"turns":4.0},{"damage":0.0,"enemies":"Gensokyo:Reisen","floor":23.0,"turns":5.0},{"damage":0.0,"enemies":"Gensokyo:Koishi","floor":25.0,"turns":6.0},{"damage":11.0,"enemies":"Gensokyo:Reisen","floor":27.0,"turns":6.0},{"damage":10.0,"enemies":"Gensokyo:Tenshi","floor":30.0,"turns":4.0},{"damage":39.0,"enemies":"Gensokyo:Eternal_Rivals","floor":33.0,"turns":11.0},{"damage":15.0,"enemies":"Gensokyo:AncientGuardian","floor":35.0,"turns":5.0},{"damage":0.0,"enemies":"Gensokyo:3_Bats","floor":40.0,"turns":3.0},{"damage":28.0,"enemies":"Gensokyo:Marisa","floor":42.0,"turns":5.0},{"damage":6.0,"enemies":"Gensokyo:Doremy","floor":44.0,"turns":5.0},{"damage":0.0,"enemies":"Gensokyo:AtlasGolem","floor":45.0,"turns":2.0},{"damage":10.0,"enemies":"Gensokyo:Dusk_and_Dawn","floor":47.0,"turns":3.0},{"damage":32,"enemies":"Gensokyo:Scarlet_Devils","floor":50,"turns":6}],"seed_played":"-8199587121193462159","potions_obtained":[{"floor":8.0,"key":"Energy Potion"},{"floor":11.0,"key":"DistilledChaos"},{"floor":19.0,"key":"ColorlessPotion"},{"floor":20.0,"key":"Adrenaline Potion"},{"floor":27.0,"key":"Block Potion"},{"floor":40.0,"key":"Adrenaline Potion"},{"floor":42.0,"key":"Fire Potion"}],"is_trial":false,"path_per_floor":["M","?","$","M","?","E","?","E","T","M","M","R","?","E","R","B",null,"M","?","M","?","M","E","R","E","T","E","?","$","E","COS","R","B",null,"M","$","?","?","?","M","R","E","T","E","M","R","M","?","R","B",null],"character_chosen":"THE_ANIMATOR","items_purchased":["animator:EriShiina+1","HandDrill","Potion Belt","Pear","PrismaticShard","animator:TanyaDegurechaff","Brimstone","animator:Shinoa"],"campfire_rested":5,"item_purchase_floors":[3,29,29,29,29,29,36,36],"current_hp_per_floor":[59,59,59,54,54,42,42,20,20,20,20,39,39,34,53,45,61,61,56,50,50,50,50,67,67,67,57,57,78,68,68,68,29,66,51,66,66,66,66,66,66,38,38,32,32,55,45,45,68,36],"gold":196,"neow_bonus":"ONE_RARE_RELIC","is_daily":false,"chose_seed":true,"campfire_upgraded":0,"win_rate":0.0,"timestamp":1609877009,"path_taken":["M","?","$","M","?","E","?","E","T","M","M","R","?","E","R","BOSS","M","?","M","?","M","E","R","E","T","E","?","$","E","COS","R","BOSS","M","$","?","?","?","M","R","E","T","E","M","R","?","?","R","BOSS"],"items_purchased_type":["Card","Relic","Relic","Relic","Relic","Card","Relic","Card"],"build_version":"2020-12-22","purchased_purges":0,"victory":true,"max_hp_per_floor":[66,66,66,66,66,66,66,66,66,66,66,66,66,66,66,66,66,66,67,67,67,67,67,67,67,67,68,68,78,78,78,78,78,78,78,78,78,78,78,78,78,78,78,78,78,78,78,78,78,78],"card_choices":[{"not_picked":["animator:Yoichi","animator:Tyuule"],"picked":"animator:YamaiSisters","floor":1.0},{"not_picked":["animator:ShizuruNakatsu","animator:YoshinoHimekawa"],"picked":"animator:Mitsuba","floor":4.0},{"not_picked":["animator:MikuIzayoi","animator:Bozes"],"picked":"animator:KanadeTachibana","floor":6.0},{"not_picked":["animator:Mitsuba","animator:Shinoa"],"picked":"animator:Mikaela","floor":8.0},{"not_picked":["animator:Hinaichigo","animator:Mitsuba"],"picked":"animator:Noda","floor":10.0},{"not_picked":["animator:IrohaTamaki","animator:Bozes"],"picked":"animator:AyaShameimaru","floor":11.0},{"not_picked":["animator:MasamiIwasawa","animator:Shinku"],"picked":"animator:Shinoa","floor":14.0},{"not_picked":["animator:SatoriKomeiji","animator:Guren"],"picked":"animator:HiedaNoAkyuu","floor":16.0},{"not_picked":["animator:Mikaela","animator:Yoichi"],"picked":"animator:Mitsuba","floor":18.0},{"not_picked":["animator:YoshinoHaruhiko+1","animator:ReimuHakurei"],"picked":"animator:Yuuichirou","floor":19.0},{"not_picked":["animator:Souseiseki","animator:Yoichi+1"],"picked":"animator:NiaHonjou+1","floor":20.0},{"not_picked":["animator:SougenEsaka","animator:Kuribayashi"],"picked":"animator:Chris","floor":22.0},{"not_picked":["animator:Yoichi","animator:Shinoa"],"picked":"animator:Mikaela","floor":23.0},{"not_picked":["animator:Yusa","animator:OrigamiTobiichi"],"picked":"animator:Mikaela","floor":25.0},{"not_picked":["animator:SanaeKochiya","animator:Godan"],"picked":"animator:Wiz","floor":27.0},{"not_picked":["animator:Godan","animator:JunSakurada"],"picked":"animator:HiiragiShinya","floor":30.0},{"not_picked":["animator:KotarouTennouji","Offering"],"picked":"Envenom","floor":33.0},{"not_picked":["animator:CrowleyEusford","animator:Yoichi"],"picked":"animator:Mikaela","floor":35.0},{"not_picked":["animator:YoshinoHimekawa+1","FlyingSleeves"],"picked":"Doppelganger","floor":40.0},{"not_picked":["ConjureBlade","animator:ElricEdward+1"],"picked":"ReplayTheSpireMod:Scrap Shanks","floor":42.0},{"not_picked":["Replay:Cycle","animator:Yoichi+1"],"picked":"animator:Shichika","floor":44.0},{"not_picked":["animator:TohkaYatogami","animator:ReineMurasame"],"picked":"animator:NiaHonjou","floor":45.0},{"not_picked":["animator:YaoHaDucy+1","FlurryOfBlows"],"picked":"Weave+1","floor":47.0}],"player_experience":834679,"relics_obtained":[{"floor":6.0,"key":"Akabeko"},{"floor":8.0,"key":"Pet Ghost"},{"floor":9.0,"key":"Art of War"},{"floor":14.0,"key":"TungstenRod"},{"floor":17.0,"key":"Red Skull"},{"floor":17.0,"key":"Ornamental Fan"},{"floor":17.0,"key":"Replay:Multitool"},{"floor":19.0,"key":"animator:Mistletoe"},{"floor":19.0,"key":"Replay:Towering Pillar of Hats"},{"floor":23.0,"key":"Peace Pipe"},{"floor":25.0,"key":"Unceasing Top"},{"floor":26.0,"key":"MealTicket"},{"floor":27.0,"key":"The Courier"},{"floor":30.0,"key":"animator:Buoy"},{"floor":42.0,"key":"Lantern"},{"floor":43.0,"key":"Replay:Rubber Ducky"},{"floor":44.0,"key":"Replay:Kaleidoscope"}],"event_choices":[],"is_beta":false,"boss_relics":[{"not_picked":["Velvet Choker","Honey Jar"],"picked":"Calling Bell"},{"not_picked":["Ring of Chaos","Busted Crown"],"picked":"Mark of Pain"}],"items_purged_floors":[],"is_endless":false,"potions_floor_spawned":[8,11,19,20,27,40,42],"ascension_level":10}}