{"host":"0t11pkp2julks910","time":1609886667,"event":{"mods":["Astrologer","Bard","BaseMod","BetterRewards","Colored Map","Curses Come First","Downfall","Friendly Minions","GungeonMod","Hermit","Hubris","Infinite Spire","Minty Spire (QoL Compilation)","Replay The Spire","Robot Space Explorer","Shop Mod","Somnambulant","StSLib","The Blackbeard","The Bug Knight","The Construct","The Cursed","The Disciple","The Forsaken","The Hierophant","The Jungle","The Marked","The Mystic","The Necromancer","The Poker Player","The Problem Sleuth","The Runesmith","[IsaacMod]????"],"gold_per_floor":[116,1,20,95,395,430,430,430,455,455,455,495,528,546,546,666,666,686,700,718,718,718,749,749,783,783,783,794,808,828,846,858,858,858,858,858],"floor_reached":35,"playtime":1382,"items_purged":[],"score":452,"play_id":"625548df-41c6-413c-88d3-b8f64fd89688","local_time":"20210105144427","is_ascension_mode":true,"campfire_choices":[{"data":"DemoMod:SpreadAmmo","floor":8,"key":"SMITH"},{"data":"DemoMod:StickyCrossBow","floor":11,"key":"SMITH"},{"data":"DemoMod:ManualReload","floor":15,"key":"SMITH"},{"data":"DemoMod:ChanceBullets","floor":24,"key":"SMITH"},{"data":"Pot Of Greed","floor":27,"key":"SMITH"},{"floor":33,"key":"REST"}],"circlet_count":0,"master_deck":["DemoMod:Strike_Huntress","DemoMod:Strike_Huntress","DemoMod:Strike_Huntress","DemoMod:Defend_Huntress","DemoMod:Defend_Huntress","DemoMod:Defend_Huntress","DemoMod:Defend_Huntress","DemoMod:Roll","DemoMod:ManualReload+1","DemoMod:RustySidearm","DemoMod:CrossBow","DemoMod:SpreadAmmo+1","DemoMod:BattleInHaste","DemoMod:StickyCrossBow+1","DemoMod:ThirdPartyController","DemoMod:RadGun","DemoMod:DoubleVision","DemoMod:ChanceBullets+1","DemoMod:StickyCrossBow+1","Pot Of Greed+1","Pot Of Greed","DemoMod:GunslingerForm","DemoMod:PotionOfGunFriendShip+1","DemoMod:FastSwitch","DemoMod:StickyCrossBow+1"],"relics":["DemoMod:Dog","HushsDoor","DoctorsRemote","NeowsBlessing","Matryoshka","Akabeko","PreservedInsect","DeathBook","Centennial Puzzle","Garlic","Pen Nib","hubris:Reverence","DemoMod:Wolf","theJungle:BirthdayCake","hubris:Towel","Durian","Grinning Jar"],"acts_visited":["Exordium","Exordium","theJungle:Jungle"],"potions_floor_usage":[16,16,16,25,28,34,34],"damage_taken":[{"damage":0,"enemies":"Cultist","floor":1,"turns":1},{"damage":0,"enemies":"2 Louse","floor":3,"turns":1},{"damage":0,"enemies":"3 Sentries","floor":6,"turns":1},{"damage":8,"enemies":"Jaw Worm","floor":12,"turns":5},{"damage":0,"enemies":"Lagavulin","floor":13,"turns":2},{"damage":2,"enemies":"Jaw Worm","floor":14,"turns":3},{"damage":44,"enemies":"Fading Forest","floor":16,"turns":11},{"damage":2,"enemies":"theJungle:GiantWrat","floor":18,"turns":3},{"damage":5,"enemies":"theJungle:MUSHROOMGANG","floor":19,"turns":2},{"damage":0,"enemies":"theJungle:Lyon","floor":20,"turns":2},{"damage":41,"enemies":"theJungle:MamaSnecko","floor":23,"turns":4},{"damage":0,"enemies":"theJungle:2_Phrogs","floor":25,"turns":4},{"damage":9,"enemies":"DemoMod:Veteran_shot_gun_kin_and_bullet_kin","floor":28,"turns":1},{"damage":0,"enemies":"DemoMod:4_Bullet_Kins","floor":29,"turns":1},{"damage":15,"enemies":"DemoMod:Veteran_shot_gun_kin_and_blue_shotgun_kin_with_gunsinger","floor":30,"turns":2},{"damage":6,"enemies":"DemoMod:Red_and_blue_shotgun_kin_with_gunsinger","floor":31,"turns":2},{"damage":10,"enemies":"DemoMod:Veteran_shot_gun_kin_and_red_shotgun_kin_with_gunsinger","floor":32,"turns":1},{"damage":2,"enemies":"DemoMod:ResourcefulRat","floor":35,"turns":2}],"seed_played":"-4895280492633306841","potions_obtained":[{"floor":3,"key":"Milkshake"},{"floor":6,"key":"Swift Potion"},{"floor":13,"key":"ColorlessPotion"},{"floor":18,"key":"Explosive Potion"},{"floor":23,"key":"Block Potion"},{"floor":28,"key":"Milkshake"},{"floor":31,"key":"ColorlessPotion"}],"is_trial":false,"path_per_floor":["M","$","M","T","?","E","?","R","T","T","R","?","E","M","R","B",null,"M","M","M","?","?","E","R","E","T","R","M","M","M","M","M","R","B","B"],"character_chosen":"HUNTRESS","items_purchased":["DemoMod:GnawedKey"],"campfire_rested":1,"item_purchase_floors":[2],"current_hp_per_floor":[70,70,70,70,70,70,70,70,70,70,70,62,62,60,60,26,70,68,63,63,83,83,47,47,47,95,95,86,86,71,65,55,83,1,0,0],"gold":858,"neow_bonus":"THREE_ENEMY_KILL","is_daily":false,"chose_seed":false,"campfire_upgraded":5,"win_rate":0.0,"timestamp":1609886667,"path_taken":["M","?","?","?","?","E","?","R","T","?","R","?","E","M","R","BOSS","M","M","M","?","?","E","R","E","T","R","M","M","M","M","M","R","BOSS","BOSS"],"items_purchased_type":["Relic"],"build_version":"2020-12-22","purchased_purges":0,"victory":false,"max_hp_per_floor":[70,70,70,70,70,70,70,70,70,70,70,70,70,70,70,70,70,70,70,70,90,90,95,95,95,95,95,95,95,95,95,95,95,95,95,95],"card_choices":[{"not_picked":["DemoMod:TeaPot","DemoMod:PracticeMakesPerfect"],"picked":"DemoMod:SpreadAmmo","floor":1},{"not_picked":["DemoMod:MachoBrace","DemoMod:DirectionalPad"],"picked":"DemoMod:BattleInHaste","floor":3},{"not_picked":["DemoMod:Purify","DemoMod:CursedBullets"],"picked":"DemoMod:StickyCrossBow","floor":6},{"not_picked":["DemoMod:HungryBullets","DemoMod:Unmoved","DemoMod:Purify"],"picked":"SKIP","floor":12},{"not_picked":["DemoMod:BattleInHaste","DemoMod:HuntsMan"],"picked":"DemoMod:ThirdPartyController","floor":13},{"not_picked":["DemoMod:MegaHand","DemoMod:TeaPot"],"picked":"DemoMod:RadGun","floor":14},{"not_picked":["DemoMod:BlackHoleGun","DemoMod:Desperate"],"picked":"DemoMod:DoubleVision","floor":16},{"not_picked":["DemoMod:Ejector","DemoMod:GunstockTap+1"],"picked":"DemoMod:ChanceBullets","floor":18},{"not_picked":["DemoMod:Unmoved","DemoMod:DoubleSwitch","DemoMod:BoxingGlove"],"picked":"SKIP","floor":19},{"not_picked":["DemoMod:HuntsMan+1","DemoMod:AbyssalTentacle"],"picked":"DemoMod:StickyCrossBow+1","floor":20},{"not_picked":["DemoMod:TeaPot","DemoMod:ZorGun","DemoMod:Desperate"],"picked":"SKIP","floor":23},{"not_picked":["DemoMod:AC15","DemoMod:FeignSurrender","DemoMod:FastSwitch"],"picked":"SKIP","floor":25},{"not_picked":["DemoMod:SAA","DemoMod:HighKaliber","DemoMod:DoubleSwitch+1"],"picked":"SKIP","floor":28},{"not_picked":["DemoMod:ShadowBullets+1","DemoMod:BoxingGlove"],"picked":"DemoMod:GunslingerForm","floor":29},{"not_picked":["DemoMod:ConditionalReflex","DemoMod:BattleInHaste"],"picked":"DemoMod:PotionOfGunFriendShip+1","floor":30},{"not_picked":["DemoMod:AWP+1","DemoMod:EasyReloadBullets+1"],"picked":"DemoMod:FastSwitch","floor":31},{"not_picked":["DemoMod:PotionOfGunFriendShip","DemoMod:Unmoved+1"],"picked":"DemoMod:StickyCrossBow+1","floor":32}],"player_experience":312527,"relics_obtained":[{"floor":4,"key":"Matryoshka"},{"floor":6,"key":"Akabeko"},{"floor":7,"key":"PreservedInsect"},{"floor":9,"key":"DeathBook"},{"floor":10,"key":"Centennial Puzzle"},{"floor":10,"key":"Garlic"},{"floor":12,"key":"Pen Nib"},{"floor":13,"key":"hubris:Reverence"},{"floor":23,"key":"Durian"},{"floor":25,"key":"Grinning Jar"}],"event_choices":[{"damage_healed":0,"gold_gain":0,"player_choice":"Relic","damage_taken":0,"max_hp_gain":0,"max_hp_loss":0,"event_name":"Wheel of Change","floor":7,"gold_loss":0}],"is_beta":false,"boss_relics":[{"not_picked":["Replay:Bronze Core","ReplayTheSpireMod:SealedPack"],"picked":"DemoMod:Wolf"},{"not_picked":[]}],"items_purged_floors":[],"is_endless":false,"potions_floor_spawned":[3,6,13,18,23,28,31],"killed_by":"DemoMod:ResourcefulRat","ascension_level":1}}