{"host":"u9xtr94typ21duox","time":1609825211,"event":{"mods":["BaseMod","Key Reminder","KinomotoSakuraMod(木之本樱)","LagranYue(拉格朗・月)","Marisa（F雨　魔理沙）","Minty Spire (QoL Compilation)","Reimu（博丽灵梦）","Remilia（蕾米莉亚）","Replay The Spire","StSLib","Td1madao Mod","The Administrix","The Bladedancer","The Bug Knight","The Construct","The Cursed","The Gatherer","The Runesmith","The Servant 0.9.4","WarShipGirlsR/战舰少女R mod","Youmu（魂魄妖梦）","vexMod"],"gold_per_floor":[109,128,138,157,172,172,185,215,215,215,215,215,242,1,1,99,99,112,102,121,151,151,151,151,151],"floor_reached":24,"playtime":1623,"items_purged":["ClowCardTheSword"],"score":243,"play_id":"0995ac74-5bea-44b9-9c38-f357297623a8","local_time":"20210105134011","is_ascension_mode":true,"campfire_choices":[{"data":"SpellCardSeal","floor":6,"key":"SMITH"},{"data":"ClowCardTheLittle","floor":10,"key":"SMITH"},{"data":"ClowCardTheLoop","floor":12,"key":"SMITH"},{"data":"ClowCardTheMove","floor":15,"key":"SMITH"},{"data":"ClowCardTheLittle","floor":23,"key":"SMITH"}],"circlet_count":0,"master_deck":["SakuraCardTheWatery+","ClowCardTheSword","ClowCardTheSword","ClowCardTheSword","ClowCardTheShield","ClowCardTheShield","ClowCardTheShield","ClowCardTheShield","SpellCardSeal+1","SpellCardRelease","ClowCardTheLoop+1","ClowCardTheBubbles","ClowCardTheMirror","ClowCardTheLittle+1","ClowCardTheMove+1","ClowCardTheFreeze+1","ClowCardTheCloud","ClowCardTheFloat","ClowCardTheTwin","ClowCardTheFreeze","ClowCardTheDark","ClowCardTheLittle+1","ClowCardTheGlow","ClowCardTheMaze","ClowCardTheTwin"],"relics":["KSMOD_SealedBook","KSMOD_SealedWand","LagranYue:RandomDrawCardRelic","vexMod:FocusSash","Lantern","keyreminder:keyreminder","Snack Pack","SlaversCollar","Red Mask"],"acts_visited":["Exordium","TheCity"],"potions_floor_usage":[8,8,24],"damage_taken":[{"damage":0,"enemies":"Cultist","floor":1,"turns":4},{"damage":5,"enemies":"Small Slimes","floor":2,"turns":5},{"damage":2,"enemies":"Jaw Worm","floor":3,"turns":6},{"damage":15,"enemies":"Exordium Thugs","floor":4,"turns":5},{"damage":14,"enemies":"Red Slaver","floor":5,"turns":3},{"damage":0,"enemies":"3 Louse","floor":7,"turns":5},{"damage":6,"enemies":"Gremlin Nob","floor":8,"turns":4},{"damage":0,"enemies":"Lagavulin","floor":13,"turns":11},{"damage":8,"enemies":"Hexaghost","floor":16,"turns":11},{"damage":3,"enemies":"Shell Parasite","floor":18,"turns":8},{"damage":10,"enemies":"Chosen","floor":20,"turns":7},{"damage":28,"enemies":"Masked Bandits","floor":21,"turns":5},{"damage":38,"enemies":"Slavers","floor":24,"turns":3}],"seed_played":"-148078385610589065","potions_obtained":[{"floor":1,"key":"CultistPotion"},{"floor":5,"key":"Energy Potion"},{"floor":13,"key":"Ancient Potion"},{"floor":20,"key":"GamblersBrew"}],"is_trial":false,"path_per_floor":["M","M","M","M","M","R","M","E","T","R","?","R","E","$","R","B",null,"M","?","M","?","?","R","E"],"character_chosen":"KINOMOTOSAKURA","items_purchased":["ClowCardTheFreeze+1","ClowCardTheCloud","ClowCardTheFloat"],"campfire_rested":0,"item_purchase_floors":[14,14,14],"current_hp_per_floor":[70,65,63,48,34,34,34,28,28,28,28,28,28,28,28,30,70,69,69,61,35,35,35,0,0],"gold":151,"neow_bonus":"RANDOM_COMMON_RELIC","is_daily":false,"chose_seed":false,"campfire_upgraded":5,"win_rate":0.0,"timestamp":1609825211,"path_taken":["M","M","M","?","M","R","M","E","T","R","?","R","E","$","R","BOSS","M","?","M","?","?","R","E"],"items_purchased_type":["Card","Card","Card"],"build_version":"2020-12-22","purchased_purges":1,"victory":false,"max_hp_per_floor":[70,70,70,70,70,70,70,70,70,70,70,70,70,70,70,70,70,70,70,70,70,70,70,70,70],"card_choices":[{"not_picked":["ClowCardTheShot","ClowCardTheMaze"],"picked":"ClowCardTheWatery","floor":1},{"not_picked":["ClowCardTheWood","ClowCardTheFlower"],"picked":"ClowCardTheLoop","floor":2},{"not_picked":["ClowCardTheRain","ClowCardThePower","ClowCardTheErase"],"picked":"SKIP","floor":3},{"not_picked":["ClowCardTheJump","ClowCardTheChange"],"picked":"ClowCardTheBubbles","floor":4},{"not_picked":["ClowCardTheVoice","ClowCardThePower","ClowCardTheChange"],"picked":"SKIP","floor":5},{"not_picked":["ClowCardTheChange","ClowCardTheEarthy"],"picked":"ClowCardTheMirror","floor":7},{"not_picked":["ClowCardTheMirror","ClowCardTheVoice"],"picked":"ClowCardTheLittle","floor":8},{"not_picked":["ClowCardTheThrough","ClowCardTheArrow","ClowCardTheMove"],"picked":"SKIP","floor":13},{"not_picked":["ClowCardTheThrough","ClowCardTheArrow"],"picked":"ClowCardTheMove","floor":13},{"not_picked":["ClowCardTheCreate","ClowCardTheDash"],"picked":"ClowCardTheTwin","floor":16},{"not_picked":["ClowCardTheSilent","ClowCardTheBubbles"],"picked":"ClowCardTheFreeze","floor":18},{"not_picked":[],"picked":"ClowCardTheDark","floor":19},{"not_picked":["ClowCardTheDream","ClowCardTheJump"],"picked":"ClowCardTheLittle","floor":20},{"not_picked":["ClowCardTheWood","ClowCardTheChange"],"picked":"ClowCardTheGlow","floor":21}],"player_experience":282055,"relics_obtained":[{"floor":8,"key":"Lantern"},{"floor":13,"key":"Snack Pack"},{"floor":21,"key":"Red Mask"}],"event_choices":[{"damage_healed":0,"gold_gain":0,"player_choice":"Fought Bandits","damage_taken":0,"max_hp_gain":0,"max_hp_loss":0,"event_name":"Masked Bandits","floor":21,"gold_loss":0},{"damage_healed":0,"gold_gain":0,"player_choice":"2 cards matched","damage_taken":0,"max_hp_gain":0,"max_hp_loss":0,"event_name":"Match and Keep!","floor":22,"gold_loss":0,"cards_obtained":["ClowCardTheMaze","ClowCardTheTwin"]}],"is_beta":false,"boss_relics":[{"not_picked":["Cursed Key","Runesmith:UraniumAnvil"],"picked":"SlaversCollar"}],"items_purged_floors":[14],"is_endless":false,"potions_floor_spawned":[1,5,13,20],"killed_by":"Slavers","ascension_level":1}}