{"host":"ul7yvwhigba0nw36","time":1609888774,"event":{"mods":["AchievementEnabler","Act Like it!","Aspiration","BaseMod","Colored Map","Colored Powertips","Downfall","Gensokyo","Highlight Path","Hubris","Infinite Spire","Minty Spire (QoL Compilation)","Replay The Spire","StSLib"],"gold_per_floor":[116,181,181,21,37,65,65,65,90,41,59,69,87,105,203,301,401,420,420,436,436,451,451,451,451],"floor_reached":24,"playtime":716,"items_purged":[],"score":223,"play_id":"fe7f553c-bacd-43df-9bbd-d0ba36238250","local_time":"20210105231934","is_ascension_mode":false,"campfire_choices":[{"data":"Zap","floor":7,"key":"SMITH"},{"floor":23,"key":"RECALL"}],"circlet_count":0,"master_deck":["Strike_B","Strike_B","Strike_B","Strike_B","Defend_B","Defend_B","Defend_B","Defend_B","Zap+1","Dualcast","Genetic Algorithm","Tempest","Go for the Eyes","Clumsy","Ball Lightning","Redo","Stack","Steam","Machine Learning","Beam Cell","Gash+1"],"relics":["Cracked Core","NeowsBlessing","Bag of Marbles","Happy Flower","Enchiridion","StoneCalendar","Gensokyo:NagashiBinaDoll","Replay:Grab Bag","Cursed Key","Replay:Wanted Poster","aspiration:WatcherSkillbook","Molten Egg 2"],"acts_visited":["Exordium","Gensokyo:Gensokyo"],"potions_floor_usage":[24],"damage_taken":[{"damage":0,"enemies":"Gensokyo:Gryphon","floor":1,"turns":1},{"damage":0,"enemies":"Gensokyo:Python","floor":5,"turns":1},{"damage":0,"enemies":"Gensokyo:Mamizou","floor":6,"turns":2},{"damage":1,"enemies":"Gensokyo:2_Kodama","floor":11,"turns":2},{"damage":0,"enemies":"Gensokyo:2_Rabbits","floor":12,"turns":3},{"damage":0,"enemies":"Gensokyo:LivingMonolith","floor":13,"turns":2},{"damage":7,"enemies":"Gensokyo:Gryphon_and_Rabbit","floor":14,"turns":2},{"damage":16,"enemies":"Gensokyo:Yukari","floor":16,"turns":8},{"damage":0,"enemies":"Gensokyo:CosmicMonolith","floor":18,"turns":3},{"damage":0,"enemies":"Gensokyo:2_Gloops","floor":20,"turns":4},{"damage":24,"enemies":"Gensokyo:Wraith","floor":22,"turns":5},{"damage":47,"enemies":"Gensokyo:Reisen","floor":24,"turns":6}],"seed_played":"6902981448557179779","potions_obtained":[{"floor":2,"key":"Doom Potion"},{"floor":5,"key":"Dexterity Potion"},{"floor":6,"key":"DuplicationPotion"},{"floor":11,"key":"LifebloodPotion"}],"is_trial":false,"path_per_floor":["M","?","?","?","M","E","R","?","T","$","M","M","M","M","R_BF","B",null,"M","?","M","?","M","R","E"],"character_chosen":"DEFECT","items_purchased":["Ball Lightning"],"campfire_rested":0,"item_purchase_floors":[10],"current_hp_per_floor":[75,75,75,75,75,75,75,75,75,75,74,74,74,67,67,51,75,75,69,69,69,45,45,0,0],"gold":451,"neow_bonus":"THREE_ENEMY_KILL","is_daily":false,"chose_seed":false,"campfire_upgraded":1,"win_rate":0.0,"timestamp":1609888774,"path_taken":["M","?","?","?","?","E","R","?","T","?","M","M","?","M","R_BF","BOSS","M","?","?","?","M","R","E"],"items_purchased_type":["Card"],"build_version":"2020-12-22","purchased_purges":0,"victory":false,"max_hp_per_floor":[75,75,75,75,75,75,75,75,75,75,75,75,75,75,75,75,75,75,69,69,69,69,69,69,69],"card_choices":[{"not_picked":["Coolheaded","aspiration:Polymerization"],"picked":"Genetic Algorithm","floor":1},{"not_picked":["Compile Driver","Consume"],"picked":"Go for the Eyes","floor":2},{"not_picked":["Lockon","Reprogram"],"picked":"Tempest","floor":5},{"not_picked":["Leap","BasicCrystalCard"],"picked":"Go for the Eyes","floor":6},{"not_picked":["Turbo","Coolheaded"],"picked":"Redo","floor":11},{"not_picked":["Compile Driver","Leap","Streamline"],"picked":"SKIP","floor":12},{"not_picked":["Heatsinks","ReplaySolidLightProjector"],"picked":"Stack","floor":13},{"not_picked":["Gash","Heatsinks"],"picked":"Steam","floor":14},{"not_picked":["Biased Cognition","Reboot"],"picked":"Machine Learning","floor":16},{"not_picked":["EmptyFist+1","ThirdEye","Redo"],"picked":"Beam Cell","floor":18},{"not_picked":["Crystallizer","Force Field","Crescendo"],"picked":"Gash+1","floor":20},{"not_picked":["ReplayGash+1","ConjureBlade","ClearTheMind","CarveReality+1"],"picked":"SKIP","floor":22}],"player_experience":416935,"relics_obtained":[{"floor":2,"key":"Bag of Marbles"},{"floor":6,"key":"StoneCalendar"}],"event_choices":[],"is_beta":false,"boss_relics":[{"not_picked":["SlaversCollar","aspiration:Stellarator"],"picked":"Replay:Grab Bag"},{"not_picked":["Coffee Dripper","hubris:TerracottaHorce"],"picked":"Cursed Key"},{"not_picked":["Painkiller Herb","Busted Crown"],"picked":"Replay:Wanted Poster"},{"not_picked":["Black Star","aspiration:SilentSkillbook"],"picked":"aspiration:WatcherSkillbook"}],"items_purged_floors":[],"is_endless":false,"potions_floor_spawned":[5,6,11,12],"killed_by":"Gensokyo:Reisen","ascension_level":0}}