{"host":"6pgtslebjnyv5xmi","time":1609868763,"event":{"mods":["AchievementEnabler","BaseMod","Colored Map","Minty Spire (QoL Compilation)","Rare Cards Sparkle","StSLib","SuperFastMode","Td1madao Mod","everything is the same but u backflip on backflip"],"gold_per_floor":[114,114,114,289,305,305,316,366,366,366,383,383,394,413,413,485,485,497,467,467],"floor_reached":19,"playtime":568,"items_purged":[],"score":270,"play_id":"8b84d8ed-65b5-40ce-b7c9-a057175adf6d","local_time":"20210106024603","is_ascension_mode":true,"campfire_choices":[{"data":"Feel No Pain","floor":6,"key":"SMITH"},{"data":"Evolve","floor":10,"key":"SMITH"},{"data":"Battle Trance","floor":12,"key":"SMITH"},{"floor":15,"key":"REST"}],"circlet_count":0,"master_deck":["AscendersBane","Strike_R","Strike_R","Strike_R","Strike_R","Strike_R","Defend_R","Defend_R","Defend_R","Defend_R","Bash","Battle Trance+1","Feel No Pain+1","Evolve+1","Limit Break","Power Through"],"relics":["Burning Blood","NeowsBlessing","Omamori","MealTicket","Mercury Hourglass","Runic Cube"],"acts_visited":["Exordium","TheCity"],"potions_floor_usage":[16,16],"damage_taken":[{"damage":0,"enemies":"Cultist","floor":1,"turns":1},{"damage":0,"enemies":"Jaw Worm","floor":5,"turns":1},{"damage":0,"enemies":"2 Louse","floor":7,"turns":1},{"damage":21,"enemies":"Looter","floor":11,"turns":4},{"damage":18,"enemies":"Exordium Thugs","floor":13,"turns":5},{"damage":21,"enemies":"Blue Slaver","floor":14,"turns":4},{"damage":18,"enemies":"Slime Boss","floor":16,"turns":10},{"damage":63,"enemies":"Spheric Guardian","floor":18,"turns":7},{"damage":12,"enemies":"2 Thieves","floor":19,"turns":1}],"seed_played":"1820437587427443967","potions_obtained":[{"floor":5,"key":"Swift Potion"},{"floor":7,"key":"BlessingOfTheForge"},{"floor":11,"key":"SkillPotion"},{"floor":13,"key":"Strength Potion"}],"is_trial":false,"path_per_floor":["M","?","?","?","M","R","M","T","T","R","M","R","M","M","R","B",null,"M","M"],"character_chosen":"IRONCLAD","items_purchased":[],"campfire_rested":1,"item_purchase_floors":[],"current_hp_per_floor":[74,74,67,67,73,73,75,75,75,75,60,60,48,33,55,43,67,10,0,0],"gold":467,"neow_bonus":"THREE_ENEMY_KILL","is_daily":false,"chose_seed":false,"campfire_upgraded":3,"win_rate":0.0,"timestamp":1609868763,"path_taken":["M","?","?","?","M","R","M","?","T","R","M","R","M","M","R","BOSS","M","M"],"items_purchased_type":[],"build_version":"2020-12-22","purchased_purges":0,"victory":false,"max_hp_per_floor":[75,75,75,75,75,75,75,75,75,75,75,75,75,75,75,75,75,75,75,75],"card_choices":[{"not_picked":["Flex","Metallicize"],"picked":"Battle Trance","floor":1},{"not_picked":["Reckless Charge","Ghostly Armor"],"picked":"Feel No Pain","floor":5},{"not_picked":["Thunderclap","True Grit"],"picked":"Evolve","floor":7},{"not_picked":["Thunderclap","Armaments","Shrug It Off"],"picked":"SKIP","floor":11},{"not_picked":["Uppercut","Combust","Whirlwind"],"picked":"SKIP","floor":13},{"not_picked":["Sword Boomerang","Entrench","Anger"],"picked":"SKIP","floor":14},{"not_picked":["Corruption","Impervious"],"picked":"Limit Break","floor":16},{"not_picked":["Body Slam","Havoc+1"],"picked":"Power Through","floor":18}],"player_experience":743771,"relics_obtained":[{"floor":8,"key":"MealTicket"},{"floor":9,"key":"Mercury Hourglass"}],"event_choices":[{"damage_healed":0,"gold_gain":0,"player_choice":"Box","damage_taken":0,"relics_obtained":["Omamori"],"max_hp_gain":0,"max_hp_loss":0,"event_name":"Big Fish","floor":2,"gold_loss":0,"cards_obtained":["Regret"]},{"cards_removed":["Regret"],"damage_healed":0,"gold_gain":0,"player_choice":"Card Removal","damage_taken":7,"max_hp_gain":0,"max_hp_loss":0,"event_name":"Golden Wing","floor":3,"gold_loss":0},{"damage_healed":0,"gold_gain":175,"player_choice":"AGREE","damage_taken":0,"max_hp_gain":0,"max_hp_loss":0,"event_name":"Liars Game","floor":4,"gold_loss":0,"cards_obtained":["Doubt"]}],"is_beta":false,"boss_relics":[{"not_picked":["Runic Dome","Ectoplasm"],"picked":"Runic Cube"}],"items_purged_floors":[],"is_endless":false,"potions_floor_spawned":[5,7,11,13],"killed_by":"2 Thieves","ascension_level":14}}