{"host":"60fhthqyb911n2zd","time":1609830569,"event":{"mods":["BaseMod","Mimic Mod","Minty Spire (QoL Compilation)","Replay The Spire","Shop Mod","StSLib","The Jungle"],"gold_per_floor":[115,129,129,204,219,219,249,278,278,78,78,90,100,114,114,214,214,228,4,20,73,73,73],"floor_reached":22,"playtime":612,"items_purged":["Defend_R"],"score":233,"play_id":"b76c27b9-02cb-4182-8637-477e80897756","local_time":"20210105150929","is_ascension_mode":true,"campfire_choices":[{"data":"Heavy Blade","floor":6,"key":"SMITH"},{"floor":15,"key":"REST"}],"circlet_count":0,"master_deck":["Strike_R","Strike_R","Strike_R","Strike_R","Defend_R","Defend_R","Defend_R","Bash","Spot Weakness+1","Heavy Blade+1","Heavy Blade","Clash","Limit Break+1","Heavy Blade","Pommel Strike","Run Through","Seeing Red","Flex","CurseOfTheBell","Clash"],"relics":["Burning Blood","NeowsBlessing","White Beast Statue","Self Forming Clay","Replay:Kaleidoscope","Thread and Needle","Orrery","Calling Bell","Oddly Smooth Stone","Pear","Dead Branch","Guide Book","Replay:Bottled Flurry"],"acts_visited":["Exordium","TheCity"],"potions_floor_usage":[8,8,14,16,22],"damage_taken":[{"damage":0,"enemies":"Cultist","floor":1,"turns":1},{"damage":0,"enemies":"2 Louse","floor":2,"turns":1},{"damage":0,"enemies":"Small Slimes","floor":5,"turns":1},{"damage":31,"enemies":"Lagavulin","floor":8,"turns":5},{"damage":2,"enemies":"3 Louse","floor":12,"turns":2},{"damage":7,"enemies":"Looter","floor":13,"turns":2},{"damage":16,"enemies":"Exordium Thugs","floor":14,"turns":5},{"damage":35,"enemies":"Hexaghost","floor":16,"turns":9},{"damage":0,"enemies":"Chosen","floor":18,"turns":3},{"damage":38,"enemies":"3 Byrds","floor":20,"turns":6},{"damage":20,"enemies":"3 Cultists","floor":22,"turns":3}],"seed_played":"6278295076642484595","potions_obtained":[{"floor":1,"key":"HeartOfIron"},{"floor":5,"key":"BloodPotion"},{"floor":8,"key":"Elixir"},{"floor":12,"key":"Block Potion"},{"floor":13,"key":"Fire Potion"},{"floor":14,"key":"DuplicationPotion"},{"floor":16,"key":"Adrenaline Potion"}],"is_trial":false,"path_per_floor":["M","M","?","?","M","R","?","E","T","$","?","M","M","M","R","B",null,"M","$","M","?","M"],"character_chosen":"IRONCLAD","items_purchased":["Clash","Orrery","Guide Book"],"campfire_rested":1,"item_purchase_floors":[10,10,19],"current_hp_per_floor":[80,80,68,57,63,63,63,54,54,54,54,58,57,47,71,42,81,87,87,55,19,0,0],"gold":73,"neow_bonus":"THREE_ENEMY_KILL","is_daily":false,"chose_seed":false,"campfire_upgraded":1,"win_rate":0.0,"timestamp":1609830569,"path_taken":["M","?","?","?","M","R","?","E","T","$","?","M","M","M","R","BOSS","M","?","M","?","M"],"items_purchased_type":["Card","Relic","Relic"],"build_version":"2020-12-22","purchased_purges":1,"victory":false,"max_hp_per_floor":[80,80,80,80,80,80,80,80,80,80,80,80,80,80,80,80,90,90,90,90,90,90,90],"card_choices":[{"not_picked":["Shockwave","Pommel Strike"],"picked":"Spot Weakness","floor":1},{"not_picked":["Entrench","Perfected Strike"],"picked":"Heavy Blade","floor":2},{"not_picked":["ReplayTheSpireMod:Stacked","ReplayTheSpireMod:Corrosion Curse"],"picked":"Heavy Blade","floor":5},{"not_picked":["Flame Barrier","Life Link","Sever Soul"],"picked":"SKIP","floor":8},{"not_picked":["Havoc","Headbutt"],"picked":"Limit Break","floor":10},{"not_picked":["Havoc","Twin Strike"],"picked":"Heavy Blade","floor":10},{"not_picked":["Dark Embrace","Wild Strike"],"picked":"Pommel Strike","floor":10},{"not_picked":["ReplayTheSpireMod:Corrosion Curse","Pummel"],"picked":"Run Through","floor":10},{"not_picked":["Run Through","Carnage"],"picked":"Seeing Red","floor":10},{"not_picked":["Offering","Havoc"],"picked":"Flex","floor":12},{"not_picked":["ReplayTheSpireMod:Limb From Limb","Iron Wave","Warcry"],"picked":"SKIP","floor":13},{"not_picked":["Juggernaut","Pummel","Cleave"],"picked":"SKIP","floor":14},{"not_picked":["Battle Trance","ReplayTheSpireMod:Muscle Training","Headbutt"],"picked":"SKIP","floor":18},{"not_picked":["Shockwave+1","Seeing Red","Run Through"],"picked":"SKIP","floor":20},{"not_picked":["Havoc+1","Rupture"],"picked":"Clash","floor":21}],"player_experience":489008,"relics_obtained":[{"floor":8,"key":"Replay:Kaleidoscope"},{"floor":9,"key":"Thread and Needle"},{"floor":17,"key":"Oddly Smooth Stone"},{"floor":17,"key":"Pear"},{"floor":17,"key":"Dead Branch"},{"floor":21,"key":"Replay:Bottled Flurry"}],"event_choices":[{"damage_healed":0,"gold_gain":0,"player_choice":"Success","damage_taken":12,"relics_obtained":["White Beast Statue"],"max_hp_gain":0,"max_hp_loss":0,"event_name":"Scrap Ooze","floor":3,"gold_loss":0},{"damage_healed":0,"gold_gain":75,"player_choice":"Gather Gold","damage_taken":11,"max_hp_gain":0,"max_hp_loss":0,"event_name":"World of Goop","floor":4,"gold_loss":0},{"damage_healed":0,"gold_gain":30,"player_choice":"Searched \u00273\u0027 times","damage_taken":0,"relics_obtained":["Self Forming Clay"],"max_hp_gain":0,"max_hp_loss":0,"event_name":"Dead Adventurer","floor":7,"gold_loss":0},{"cards_removed":["Strike_R"],"damage_healed":0,"gold_gain":0,"player_choice":"Offered Basic","damage_taken":0,"max_hp_gain":0,"max_hp_loss":0,"event_name":"Bonfire Elementals","floor":11,"gold_loss":0}],"is_beta":false,"boss_relics":[{"not_picked":["Replay:Drink Me","Sozu"],"picked":"Calling Bell"}],"items_purged_floors":[19],"is_endless":false,"potions_floor_spawned":[1,5,8,12,13,14,16,18,20],"killed_by":"3 Cultists","ascension_level":5}}