{"host":"8rwnpls8n88jrgbg","time":1609844806,"event":{"mods":["AchievementEnabler","BaseMod","Colored Map","Colored Powertips","DeckTracker","Keyboard Shortcuts","Minty Spire (QoL Compilation)","Relic Stats","StSLib","SuperFastMode"],"gold_per_floor":[119,44,64,83,30,30,41,41,41,41,6,16,33,58,58,133,133,152,166,166,216,236,236,255,287,360,282,282,282],"floor_reached":28,"playtime":1172,"items_purged":["Regret"],"score":530,"play_id":"9cec4923-c060-471e-b49a-f95ba0aaf790","local_time":"20210105200646","is_ascension_mode":true,"campfire_choices":[{"data":"Skewer","floor":6.0,"key":"SMITH"},{"data":"Terror","floor":8.0,"key":"SMITH"},{"data":"Dagger Throw","floor":10.0,"key":"SMITH"},{"data":"Glass Knife","floor":15,"key":"SMITH"},{"floor":23,"key":"REST"}],"circlet_count":0,"master_deck":["AscendersBane","Strike_G+1","Strike_G+1","Strike_G+1","Strike_G+1","Strike_G+1","Defend_G+1","Defend_G+1","Defend_G+1","Defend_G+1","Defend_G+1","Survivor","Neutralize","Skewer+1","PiercingWail","Terror+1","Flying Knee","Dagger Throw+1","Well Laid Plans","Glass Knife+1","PiercingWail","Wraith Form v2","Backflip","Acrobatics"],"relics":["Ring of the Snake","StoneCalendar","The Courier","StrikeDummy","Sozu","Bronze Scales"],"acts_visited":["Exordium","TheCity"],"potions_floor_usage":[14,14],"damage_taken":[{"damage":7.0,"enemies":"Cultist","floor":1.0,"turns":5.0},{"damage":4.0,"enemies":"Jaw Worm","floor":3.0,"turns":4.0},{"damage":1.0,"enemies":"Small Slimes","floor":4.0,"turns":3.0},{"damage":24.0,"enemies":"Exordium Thugs","floor":7.0,"turns":5.0},{"damage":7,"enemies":"Exordium Wildlife","floor":12,"turns":4},{"damage":0,"enemies":"Blue Slaver","floor":13,"turns":2},{"damage":0,"enemies":"Gremlin Nob","floor":14,"turns":2},{"damage":2,"enemies":"The Guardian","floor":16,"turns":9},{"damage":21,"enemies":"2 Thieves","floor":18,"turns":4},{"damage":18,"enemies":"Shell Parasite","floor":19,"turns":4},{"damage":3,"enemies":"Centurion and Healer","floor":22,"turns":4},{"damage":7,"enemies":"3 Cultists","floor":24,"turns":5},{"damage":4,"enemies":"Gremlin Leader","floor":25,"turns":7},{"damage":19,"enemies":"Slavers","floor":28,"turns":2}],"seed_played":"-5161253693081350757","potions_obtained":[{"floor":3.0,"key":"LiquidBronze"},{"floor":12,"key":"SkillPotion"},{"floor":13,"key":"DistilledChaos"}],"is_trial":false,"path_per_floor":["M","$","M","M","$","R","M","R","T","R","$","M","M","E","R","B",null,"M","M","?","?","M","R","M","E","T","$","E"],"character_chosen":"THE_SILENT","items_purchased":["Flying Knee","Well Laid Plans","Backflip","Acrobatics"],"campfire_rested":1,"item_purchase_floors":[5,11,27,27],"current_hp_per_floor":[52,52,48,47,47,47,23,23,23,23,23,16,16,16,16,14,53,32,14,14,14,11,30,23,19,19,19,0,0],"gold":282,"neow_bonus":"ONE_RARE_RELIC","is_daily":false,"chose_seed":false,"campfire_upgraded":4,"win_rate":0.0,"timestamp":1609844806,"path_taken":["M","$","M","M","$","R","M","R","T","R","?","M","M","E","R","BOSS","M","M","?","?","M","R","M","E","T","$","E"],"items_purchased_type":["Card","Card","Card","Card"],"build_version":"2020-12-22","purchased_purges":1,"victory":false,"max_hp_per_floor":[66,66,66,66,66,66,66,66,66,66,66,66,66,66,66,66,66,66,66,66,66,66,66,66,66,66,66,66,66],"relic_stats":{"Sozu":1,"counters":[14,60],"Bronze Scales":[12],"StoneCalendar":[52],"obtain_stats":[{"Sozu":17,"Bronze Scales":25,"StoneCalendar":0,"The Courier":9,"StrikeDummy":14,"Ring of the Snake":0},{"Sozu":8,"Bronze Scales":13,"StoneCalendar":0,"The Courier":4,"StrikeDummy":7,"Ring of the Snake":0},{"Sozu":34,"Bronze Scales":58,"StoneCalendar":0,"The Courier":17,"StrikeDummy":25,"Ring of the Snake":0}],"Ring of the Snake":[28]},"card_choices":[{"not_picked":["Dagger Throw","Slice"],"picked":"Skewer","floor":1.0},{"not_picked":["Slice","Dodge and Roll"],"picked":"PiercingWail","floor":3.0},{"not_picked":["Eviscerate","Slice"],"picked":"Terror","floor":4.0},{"not_picked":["Cloak And Dagger","Poisoned Stab"],"picked":"Dagger Throw","floor":7.0},{"not_picked":["Poisoned Stab","Sucker Punch","Prepared"],"picked":"SKIP","floor":12},{"not_picked":["Quick Slash","Flying Knee"],"picked":"Glass Knife","floor":13},{"not_picked":["Poisoned Stab","Infinite Blades"],"picked":"PiercingWail","floor":14},{"not_picked":["Storm of Steel","A Thousand Cuts"],"picked":"Wraith Form v2","floor":16},{"not_picked":["Well Laid Plans","Flying Knee","Dagger Spray"],"picked":"SKIP","floor":18},{"not_picked":["Sucker Punch","Masterful Stab","Dagger Spray"],"picked":"SKIP","floor":19},{"not_picked":["Predator","Outmaneuver","Malaise"],"picked":"SKIP","floor":22},{"not_picked":["Expertise","Tactician","Underhanded Strike"],"picked":"SKIP","floor":24},{"not_picked":["Setup","Bane","Choke"],"picked":"SKIP","floor":25}],"player_experience":1490700,"relics_obtained":[{"floor":9.0,"key":"The Courier"},{"floor":14,"key":"StrikeDummy"},{"floor":25,"key":"Bronze Scales"}],"event_choices":[{"damage_healed":0,"gold_gain":0,"player_choice":"Simplicity","damage_taken":0,"max_hp_gain":0,"max_hp_loss":0,"event_name":"Back to Basics","floor":20,"gold_loss":0,"cards_upgraded":["Strike_G","Strike_G","Strike_G","Strike_G","Strike_G","Defend_G","Defend_G","Defend_G","Defend_G","Defend_G"]},{"damage_healed":0,"gold_gain":50,"player_choice":"Pray","damage_taken":0,"max_hp_gain":0,"max_hp_loss":0,"event_name":"Golden Shrine","floor":21,"gold_loss":0}],"is_beta":false,"boss_relics":[{"not_picked":["Cursed Key","Runic Pyramid"],"picked":"Sozu"}],"items_purged_floors":[2],"is_endless":false,"potions_floor_spawned":[3,12,13,19],"killed_by":"Slavers","ascension_level":20}}