{"host":"6r4na9dgjsffx65e","time":1609866051,"event":{"mods":["BaseMod","Colored Map","Colored Powertips","Minty Spire (QoL Compilation)","Relic Stats","ojb\u0027s Info Mod"],"gold_per_floor":[110,110,110,13,36,36,67,67,91,106,119,135,176,194,194,322,322,345,345,345,111,136,136,136],"floor_reached":23,"playtime":887,"items_purged":["Regret"],"score":399,"play_id":"957cee08-1a97-4841-b4af-0f72de776e10","local_time":"20210105180051","is_ascension_mode":true,"campfire_choices":[{"data":"Bouncing Flask","floor":6,"key":"SMITH"},{"data":"Neutralize","floor":8,"key":"SMITH"},{"data":"Catalyst","floor":15,"key":"SMITH"}],"circlet_count":0,"master_deck":["AscendersBane","Strike_G+1","Strike_G+1","Strike_G+1","Strike_G+1","Strike_G+1","Defend_G+1","Defend_G+1","Defend_G+1","Defend_G+1","Defend_G+1","Survivor","Neutralize+1","Bouncing Flask+1","PiercingWail","Prepared","Footwork","Crippling Poison","Catalyst","Catalyst+1","Venomology","Acrobatics+1","Ghostly","Ghostly","Ghostly","Ghostly","Ghostly","Noxious Fumes","Concentrate+1"],"relics":["Ring of the Snake","NeowsBlessing","Golden Idol","Snake Skull","Centennial Puzzle","Vajra","Tingsha","SacredBark","Oddly Smooth Stone"],"acts_visited":["Exordium","TheCity"],"potions_floor_usage":[18,18,22,23,23],"damage_taken":[{"damage":0,"enemies":"2 Louse","floor":1,"turns":1},{"damage":0,"enemies":"Lagavulin","floor":7,"turns":1},{"damage":0,"enemies":"Jaw Worm","floor":10,"turns":1},{"damage":0,"enemies":"Cultist","floor":11,"turns":2},{"damage":13,"enemies":"Large Slime","floor":12,"turns":6},{"damage":12,"enemies":"Gremlin Nob","floor":13,"turns":4},{"damage":1,"enemies":"2 Fungi Beasts","floor":14,"turns":3},{"damage":5,"enemies":"Hexaghost","floor":16,"turns":4},{"damage":9,"enemies":"2 Thieves","floor":18,"turns":3},{"damage":1,"enemies":"Shell Parasite","floor":22,"turns":5},{"damage":31,"enemies":"Slavers","floor":23,"turns":2}],"seed_played":"5697777211501164469","potions_obtained":[{"floor":1,"key":"FearPotion"},{"floor":13,"key":"SteroidPotion"},{"floor":16,"key":"Energy Potion"},{"floor":18,"key":"ColorlessPotion"}],"is_trial":false,"path_per_floor":["M","?","?","$","T","R","E","R","T","M","M","M","E","M","R","B",null,"M","?","?","$","M","E"],"character_chosen":"THE_SILENT","items_purchased":["PiercingWail","Noxious Fumes","Oddly Smooth Stone"],"campfire_rested":0,"item_purchase_floors":[4,21,21],"current_hp_per_floor":[63,63,63,63,63,63,63,63,63,63,63,50,38,37,37,32,57,48,32,32,32,31,0,0],"gold":136,"neow_bonus":"THREE_ENEMY_KILL","is_daily":false,"chose_seed":false,"campfire_upgraded":3,"win_rate":0.0,"timestamp":1609866051,"path_taken":["M","?","?","$","?","R","E","R","T","M","M","M","E","?","R","BOSS","M","?","?","$","M","E"],"items_purchased_type":["Card","Card","Relic"],"build_version":"2020-12-22","purchased_purges":1,"victory":false,"max_hp_per_floor":[70,65,65,65,65,65,65,65,65,65,65,65,65,65,65,65,65,65,32,32,32,32,32,32],"relic_stats":{"Centennial Puzzle":[21],"counters":[11,32],"Golden Idol":63,"Tingsha":[6],"Snake Skull":[60],"obtain_stats":[{"Centennial Puzzle":7,"NeowsBlessing":0,"Golden Idol":2,"SacredBark":17,"Vajra":9,"Oddly Smooth Stone":21,"Tingsha":13,"Snake Skull":3,"Ring of the Snake":0},{"Centennial Puzzle":2,"NeowsBlessing":0,"Golden Idol":1,"SacredBark":8,"Vajra":2,"Oddly Smooth Stone":9,"Tingsha":6,"Snake Skull":1,"Ring of the Snake":0},{"Centennial Puzzle":2,"NeowsBlessing":0,"Golden Idol":1,"SacredBark":22,"Vajra":2,"Oddly Smooth Stone":25,"Tingsha":15,"Snake Skull":1,"Ring of the Snake":0}],"Ring of the Snake":[22]},"card_choices":[{"not_picked":["Setup","Dagger Throw"],"picked":"Bouncing Flask","floor":1},{"not_picked":["Choke","Slice","Eviscerate"],"picked":"SKIP","floor":7},{"not_picked":["Flechettes","Riddle With Holes"],"picked":"Prepared","floor":10},{"not_picked":["Poisoned Stab","Acrobatics"],"picked":"Footwork","floor":11},{"not_picked":["Reflex","Dodge and Roll"],"picked":"Crippling Poison","floor":12},{"not_picked":["Well Laid Plans","Underhanded Strike"],"picked":"Catalyst","floor":13},{"not_picked":["Choke","Concentrate"],"picked":"Catalyst","floor":14},{"not_picked":["Grand Finale","A Thousand Cuts"],"picked":"Venomology","floor":16},{"not_picked":["Caltrops+1","Tactician"],"picked":"Acrobatics+1","floor":18},{"not_picked":["All Out Attack","Deflect+1"],"picked":"Concentrate+1","floor":22}],"player_experience":521019,"relics_obtained":[{"floor":7,"key":"Centennial Puzzle"},{"floor":9,"key":"Vajra"},{"floor":13,"key":"Tingsha"}],"event_choices":[{"damage_healed":0,"gold_gain":0,"player_choice":"Lose Max HP","damage_taken":0,"relics_obtained":["Golden Idol"],"max_hp_gain":0,"max_hp_loss":5,"event_name":"Golden Idol","floor":2,"gold_loss":0},{"damage_healed":0,"gold_gain":0,"player_choice":"Box","damage_taken":0,"relics_obtained":["Snake Skull"],"max_hp_gain":0,"max_hp_loss":0,"event_name":"Big Fish","floor":3,"gold_loss":0,"cards_obtained":["Regret"]},{"damage_healed":0,"gold_gain":0,"player_choice":"Became a Ghost","damage_taken":0,"max_hp_gain":0,"max_hp_loss":33,"event_name":"Ghosts","floor":19,"gold_loss":0,"cards_obtained":["Ghostly","Ghostly","Ghostly","Ghostly","Ghostly"]},{"damage_healed":0,"gold_gain":0,"player_choice":"Simplicity","damage_taken":0,"max_hp_gain":0,"max_hp_loss":0,"event_name":"Back to Basics","floor":20,"gold_loss":0,"cards_upgraded":["Strike_G","Strike_G","Strike_G","Strike_G","Strike_G","Defend_G","Defend_G","Defend_G","Defend_G","Defend_G"]}],"is_beta":false,"boss_relics":[{"not_picked":["Snecko Eye","Black Star"],"picked":"SacredBark"}],"items_purged_floors":[4],"is_endless":false,"potions_floor_spawned":[1,13,16,18],"killed_by":"Slavers","ascension_level":10}}