{"host":"egwexuw5uvnxf11j","time":1609813235,"event":{"mods":["2.2 Compatiblity","Aspiration","BaseMod","Better Altar","Better Note","Better Sensory Stone","Better Third Choice","Displayed Cursed Tome","Downfall","Hermit","Key Reminder","Koishi","Marisa????????","Minty Spire (QoL Compilation)","Quick Restart","Shade Mod","Spicy Shops","StSLib","The Construct","The Cursed","The Hierophant","The Runesmith","The Senshi","The Servant 0.9.4","Transform Curses"],"gold_per_floor":[116,133,133,150,161,161,192,204,230,247,27,27,27,41,41,169,169,188,188,188,188,60,60,78,78,78,78,78,3,13,29,29,29,29],"floor_reached":33,"playtime":1226,"items_purged":[],"score":284,"play_id":"d8322a83-f389-4213-a150-b412a7f2cace","local_time":"20210104212035","is_ascension_mode":true,"campfire_choices":[{"floor":6.0,"key":"REST"},{"floor":15.0,"key":"REST"},{"floor":23.0,"key":"REST"},{"floor":25.0,"key":"REST"},{"floor":32,"key":"REST"}],"circlet_count":0,"master_deck":["Strike_B","Strike_B","Strike_B","Strike_B","Defend_B","Defend_B","Defend_B","Defend_B","Zap","Dualcast","FTL","Rip and Tear","Decay","Chill","Gash","Stack","Cold Snap","Heatsinks","Beam Cell","Injury","Sweeping Beam","Rainbow","Conserve Battery+1","Shame","All For One","Streamline","Beam Cell","Ball Lightning","Ball Lightning"],"relics":["Cracked Core","Strawberry","Cables","keyreminder:keyreminder","PreservedInsect","Bronze Scales","Bloody Idol","Inserter","aspiration:RitualStick","Kunai","Du-Vu Doll"],"acts_visited":["Exordium","TheCity"],"potions_floor_usage":[],"damage_taken":[{"damage":1.0,"enemies":"Cultist","floor":1.0,"turns":3.0},{"damage":8.0,"enemies":"2 Louse","floor":2.0,"turns":3.0},{"damage":5.0,"enemies":"Small Slimes","floor":4.0,"turns":3.0},{"damage":9.0,"enemies":"3 Louse","floor":5.0,"turns":3.0},{"damage":23.0,"enemies":"Lagavulin","floor":7.0,"turns":5.0},{"damage":0.0,"enemies":"Large Slime","floor":8.0,"turns":3.0},{"damage":0.0,"enemies":"2 Fungi Beasts","floor":10.0,"turns":2.0},{"damage":19.0,"enemies":"3 Louse","floor":14.0,"turns":2.0},{"damage":37.0,"enemies":"Hexaghost","floor":16.0,"turns":9.0},{"damage":34.0,"enemies":"2 Thieves","floor":18.0,"turns":4.0},{"damage":35.0,"enemies":"Shell Parasite","floor":24.0,"turns":4.0},{"damage":11.0,"enemies":"Shelled Parasite and Fungi","floor":30.0,"turns":2.0},{"damage":4.0,"enemies":"Centurion and Healer","floor":31.0,"turns":6.0},{"damage":66,"enemies":"Automaton","floor":33,"turns":8}],"seed_played":"1412068328736873723","potions_obtained":[{"floor":1.0,"key":"SkillPotion"},{"floor":4.0,"key":"FocusPotion"},{"floor":7.0,"key":"construct:ShiftPotion"},{"floor":14.0,"key":"Explosive Potion"},{"floor":16.0,"key":"Fire Potion"},{"floor":18.0,"key":"FearPotion"}],"is_trial":false,"path_per_floor":["M","M","?","M","M","R","E","M","T","M","$","?","?","M","R","B",null,"M","?","?","?","$","R","M","R","T","?","?","$","M","M","R","B"],"character_chosen":"DEFECT","items_purchased":["PreservedInsect","Beam Cell","All For One","Streamline","Du-Vu Doll"],"campfire_rested":5,"item_purchase_floors":[11,11,22,22,29],"current_hp_per_floor":[81,73,73,68,59,82,59,59,59,59,59,59,59,40,64,27,82,48,32,32,32,32,56,21,45,45,45,44,44,38,39,63,0,0],"gold":29,"neow_bonus":"RANDOM_COMMON_RELIC","is_daily":false,"chose_seed":false,"campfire_upgraded":0,"win_rate":0.0,"timestamp":1609813235,"path_taken":["M","?","?","M","M","R","E","M","T","M","?","?","?","M","R","BOSS","M","?","?","?","$","R","M","R","T","?","?","?","M","M","R","BOSS"],"items_purchased_type":["Relic","Card","Card","Card","Relic"],"build_version":"2020-12-22","purchased_purges":0,"victory":false,"max_hp_per_floor":[82,82,82,82,82,82,82,82,82,82,82,82,82,82,82,82,82,82,82,82,82,82,82,82,82,82,82,82,82,82,82,82,82,82],"card_choices":[{"not_picked":["Aggregate","Redo"],"picked":"FTL","floor":1.0},{"not_picked":["Stack","Leap"],"picked":"Rip and Tear","floor":2.0},{"not_picked":["Undo","Consume"],"picked":"Chill","floor":4.0},{"not_picked":["White Noise","Compile Driver"],"picked":"Gash","floor":5.0},{"not_picked":["Steam Power","Hologram"],"picked":"Stack","floor":7.0},{"not_picked":["Fusion","Hologram"],"picked":"Cold Snap","floor":8.0},{"not_picked":["Aggregate","Auto Shields"],"picked":"Heatsinks","floor":10.0},{"not_picked":["Sunder","Cold Snap"],"picked":"Sweeping Beam","floor":14.0},{"not_picked":["Machine Learning","Core Surge"],"picked":"Rainbow","floor":16.0},{"not_picked":["Turbo","Sweeping Beam"],"picked":"Conserve Battery+1","floor":18.0},{"not_picked":["Streamline","Sunder+1"],"picked":"Beam Cell","floor":24.0},{"not_picked":["BootSequence+1","Blizzard"],"picked":"Ball Lightning","floor":30.0},{"not_picked":["Compile Driver","Turbo+1"],"picked":"Ball Lightning","floor":31}],"player_experience":2141179,"relics_obtained":[{"floor":7.0,"key":"Cables"},{"floor":26.0,"key":"Kunai"}],"event_choices":[{"damage_healed":0.0,"max_hp_gain":0.0,"max_hp_loss":0.0,"gold_gain":0.0,"event_name":"Wheel of Change","player_choice":"Cursed","floor":3.0,"gold_loss":0.0,"damage_taken":0.0,"cards_obtained":["Decay"]},{"damage_healed":0.0,"max_hp_gain":0.0,"max_hp_loss":0.0,"gold_gain":0.0,"event_name":"Dead Adventurer","player_choice":"Searched \u00271\u0027 times","floor":12.0,"gold_loss":0.0,"damage_taken":0.0,"relics_obtained":["Bronze Scales"]},{"damage_healed":0.0,"max_hp_gain":0.0,"max_hp_loss":0.0,"gold_gain":0.0,"event_name":"Golden Idol","player_choice":"Take Wound","floor":13.0,"gold_loss":0.0,"damage_taken":0.0,"relics_obtained":["Golden Idol"],"cards_obtained":["Injury"]},{"damage_healed":0.0,"max_hp_gain":0.0,"max_hp_loss":0.0,"gold_gain":0.0,"event_name":"Vampires","player_choice":"Ignored","floor":21.0,"gold_loss":0.0,"damage_taken":0.0},{"damage_healed":0.0,"max_hp_gain":45.0,"max_hp_loss":44.0,"gold_gain":0.0,"event_name":"betterAltar:BetterAltar","player_choice":" GoldIdol ","floor":28.0,"potions_obtained":[],"relics_lost":["Golden Idol"],"gold_loss":0.0,"damage_taken":1.0,"relics_obtained":["Bloody Idol"]}],"is_beta":false,"boss_relics":[{"not_picked":["Runic Pyramid","Runic Dome"],"picked":"Inserter"}],"items_purged_floors":[],"is_endless":false,"potions_floor_spawned":[1,4,7,14,16,18],"killed_by":"Automaton","ascension_level":3}}