{"host":"mi0eibewekhugwl1","time":1609856649,"event":{"mods":["AchievementEnabler","BaseMod","Colored Map","Colored Powertips","DeckTracker","Keyboard Shortcuts","Minty Spire (QoL Compilation)","Quick Restart","Rare Cards Sparkle","Relic Stats","StSLib","SuperFastMode","everything is the same but u backflip on backflip"],"gold_per_floor":[367,55,55,66,80,80,80,80,80,80,80,60,73,93,93,170,170,185,205,205,218,218,218,218,218,218,235,235,235],"floor_reached":28,"playtime":297,"items_purged":["Strike_R"],"score":416,"play_id":"ff73e500-2955-48c8-87d2-305e3da1ad35","local_time":"20210105232409","is_ascension_mode":true,"campfire_choices":[{"data":"Whirlwind","floor":6,"key":"SMITH"},{"floor":8,"key":"REST"},{"data":"Disarm","floor":11,"key":"SMITH"},{"data":"Inflame","floor":15,"key":"SMITH"},{"data":"Double Tap","floor":23,"key":"SMITH"},{"data":"Evolve","floor":25,"key":"SMITH"}],"circlet_count":0,"master_deck":["AscendersBane","Strike_R","Strike_R","Strike_R","Defend_R","Defend_R","Defend_R","Defend_R","Bash","Whirlwind+1","Inflame+1","Disarm+1","Inflame","Double Tap+1","Evolve+1","Headbutt","Necronomicurse","Pummel"],"relics":["Burning Blood","Chemical X","Incense Burner","Akabeko","Coffee Dripper","Bottled Tornado","Necronomicon","Sundial"],"acts_visited":["Exordium","TheCity"],"potions_floor_usage":[12,28],"damage_taken":[{"damage":4,"enemies":"Small Slimes","floor":1,"turns":4},{"damage":8,"enemies":"2 Louse","floor":4,"turns":3},{"damage":12,"enemies":"Jaw Worm","floor":5,"turns":2},{"damage":0,"enemies":"3 Louse","floor":13,"turns":1},{"damage":0,"enemies":"Lots of Slimes","floor":14,"turns":1},{"damage":2,"enemies":"The Guardian","floor":16,"turns":7},{"damage":0,"enemies":"Spheric Guardian","floor":18,"turns":3},{"damage":9,"enemies":"Chosen","floor":19,"turns":3},{"damage":10,"enemies":"Snecko","floor":21,"turns":3},{"damage":16,"enemies":"Shelled Parasite and Fungi","floor":27,"turns":3},{"damage":43,"enemies":"Slavers","floor":28,"turns":3}],"seed_played":"-3993209486138003127","potions_obtained":[{"floor":1,"key":"LiquidBronze"},{"floor":4,"key":"BloodPotion"},{"floor":12,"key":"Explosive Potion"},{"floor":14,"key":"Strength Potion"}],"is_trial":false,"path_per_floor":["M","$","?","M","M","R","?","R","T","?","R","?","M","M","R","B",null,"M","M","?","M","T","R","?","R","T","M","E"],"character_chosen":"IRONCLAD","items_purchased":["Chemical X","Inflame"],"campfire_rested":1,"item_purchase_floors":[2,2],"current_hp_per_floor":[68,68,33,31,25,25,18,38,38,43,43,57,63,69,69,73,73,73,70,70,66,66,66,45,45,45,35,0,0],"gold":235,"neow_bonus":"TWO_FIFTY_GOLD","is_daily":false,"chose_seed":false,"campfire_upgraded":5,"win_rate":0.0,"timestamp":1609856649,"path_taken":["M","$","?","M","M","R","?","R","T","?","R","?","M","M","R","BOSS","M","?","?","M","?","R","?","R","T","M","E"],"items_purchased_type":["Relic","Card"],"build_version":"2020-12-22","purchased_purges":1,"victory":false,"max_hp_per_floor":[68,68,68,68,68,68,68,68,68,73,73,73,73,73,73,73,73,73,73,73,73,73,73,73,73,73,73,73,73],"relic_stats":{"counters":[11,33],"Sundial":[0],"Necronomicon":[2],"Chemical X":[14],"obtain_stats":[{"Sundial":26,"Incense Burner":3,"Coffee Dripper":17,"Necronomicon":24,"Chemical X":2,"Bottled Tornado":22,"Burning Blood":0,"Akabeko":9},{"Sundial":9,"Incense Burner":1,"Coffee Dripper":6,"Necronomicon":9,"Chemical X":1,"Bottled Tornado":9,"Burning Blood":0,"Akabeko":3},{"Sundial":27,"Incense Burner":4,"Coffee Dripper":18,"Necronomicon":27,"Chemical X":4,"Bottled Tornado":27,"Burning Blood":0,"Akabeko":9}],"Burning Blood":52},"card_choices":[{"not_picked":["Iron Wave","Twin Strike"],"picked":"Whirlwind","floor":1},{"not_picked":["Anger","Sword Boomerang"],"picked":"Disarm","floor":4},{"not_picked":["Headbutt","Flex","Metallicize"],"picked":"SKIP","floor":5},{"not_picked":["Headbutt","Clash"],"picked":"Inflame","floor":13},{"not_picked":["Havoc","Brutality","Headbutt"],"picked":"SKIP","floor":14},{"not_picked":["Corruption","Berserk"],"picked":"Double Tap","floor":16},{"not_picked":["Warcry","True Grit"],"picked":"Evolve","floor":18},{"not_picked":["Rupture","True Grit"],"picked":"Headbutt","floor":19},{"not_picked":["Iron Wave","Anger","True Grit"],"picked":"SKIP","floor":21},{"not_picked":["Warcry","Armaments"],"picked":"Pummel","floor":27}],"player_experience":1731809,"relics_obtained":[{"floor":9,"key":"Akabeko"},{"floor":22,"key":"Bottled Tornado"},{"floor":24,"key":"Necronomicon"},{"floor":26,"key":"Sundial"}],"event_choices":[{"damage_healed":0,"gold_gain":0,"player_choice":"Success","damage_taken":35,"relics_obtained":["Incense Burner"],"max_hp_gain":0,"max_hp_loss":0,"event_name":"Scrap Ooze","floor":3,"gold_loss":0},{"cards_removed":["Strike_R"],"damage_healed":0,"gold_gain":0,"player_choice":"Card Removal","damage_taken":7,"max_hp_gain":0,"max_hp_loss":0,"event_name":"Golden Wing","floor":7,"gold_loss":0},{"damage_healed":0,"gold_gain":0,"player_choice":"Donut","damage_taken":0,"max_hp_gain":5,"max_hp_loss":0,"event_name":"Big Fish","floor":10,"gold_loss":0},{"damage_healed":0,"gold_gain":0,"player_choice":"Bought 1 Potion","damage_taken":0,"max_hp_gain":0,"max_hp_loss":0,"event_name":"The Woman in Blue","floor":12,"gold_loss":0},{"damage_healed":0,"gold_gain":0,"player_choice":"Ignored","damage_taken":0,"max_hp_gain":0,"max_hp_loss":0,"event_name":"Vampires","floor":20,"gold_loss":0},{"damage_healed":0,"gold_gain":0,"player_choice":"Obtained Book","damage_taken":21,"max_hp_gain":0,"max_hp_loss":0,"event_name":"Cursed Tome","floor":24,"gold_loss":0}],"is_beta":false,"boss_relics":[{"not_picked":["Runic Cube","Sozu"],"picked":"Coffee Dripper"}],"items_purged_floors":[2],"is_endless":false,"potions_floor_spawned":[1,4,14,18,21,27],"killed_by":"Slavers","ascension_level":20}}