{"host":"q3i87yx2dgqr54co","time":1609873655,"event":{"mods":["BaseMod","Block Reminder","Colored Map","Colored Powertips","DeckTracker","Highlight Path","Minty Spire (QoL Compilation)","Permanent Neow","Potionbrewer","Quick Restart","Relic Sorter","Relic Stats","StSLib","The Gatherer","The Sage"],"gold_per_floor":[110,126,136,151,164,189,189,264,264,291,291,322,340,67,67,166,166,181,167,167,178,198,113,113,146,146,164,164,198,211,228,228,228,228],"floor_reached":33,"playtime":3475,"items_purged":[],"score":331,"play_id":"9ed26122-8105-4ebb-a57c-3002192d718c","local_time":"20210105140735","is_ascension_mode":true,"campfire_choices":[{"floor":7.0,"key":"REST"},{"floor":15.0,"key":"RECALL"},{"floor":24,"key":"REST"},{"floor":28,"key":"REST"},{"floor":32,"key":"REST"}],"circlet_count":0,"master_deck":["Defend_P","Defend_P","Defend_P","Defend_P","Eruption","Vigilance","Crescendo","PathToVictory","CutThroughFate","FearNoEvil","Evaluate","Vengeance","BattleHymn","FlurryOfBlows","MentalFortress","JustLucky","DeceiveReality","Establishment","Protect+1","FollowUp","Bite","Bite","Bite","Bite","Bite","Tantrum","ClearTheMind+1","FollowUp","FearNoEvil","Prostrate","FlurryOfBlows","FlurryOfBlows"],"relics":["HolyWater","Centennial Puzzle","Omamori","Bird Faced Urn","Lee\u0027s Waffle","MealTicket","Red Mask","HornCleat","Mercury Hourglass"],"acts_visited":["Exordium","TheCity"],"potions_floor_usage":[25,29],"damage_taken":[{"damage":0.0,"enemies":"Cultist","floor":1.0,"turns":2.0},{"damage":6.0,"enemies":"Jaw Worm","floor":2.0,"turns":3.0},{"damage":0.0,"enemies":"Small Slimes","floor":3.0,"turns":3.0},{"damage":5.0,"enemies":"2 Fungi Beasts","floor":4.0,"turns":3.0},{"damage":6.0,"enemies":"Large Slime","floor":5.0,"turns":4.0},{"damage":19.0,"enemies":"Gremlin Nob","floor":6.0,"turns":4.0},{"damage":19.0,"enemies":"3 Sentries","floor":10.0,"turns":7.0},{"damage":30.0,"enemies":"Lagavulin","floor":12.0,"turns":5.0},{"damage":10.0,"enemies":"Looter","floor":13.0,"turns":2.0},{"damage":62.0,"enemies":"The Guardian","floor":16.0,"turns":7.0},{"damage":2.0,"enemies":"Chosen","floor":18.0,"turns":4.0},{"damage":4.0,"enemies":"2 Thieves","floor":19.0,"turns":4.0},{"damage":23.0,"enemies":"Sentry and Sphere","floor":21.0,"turns":5.0},{"damage":52,"enemies":"Chosen and Byrds","floor":22,"turns":7},{"damage":23,"enemies":"Masked Bandits","floor":25,"turns":5},{"damage":22,"enemies":"3 Cultists","floor":27,"turns":5},{"damage":27,"enemies":"Slavers","floor":29,"turns":5},{"damage":3,"enemies":"Centurion and Healer","floor":30,"turns":6},{"damage":6,"enemies":"Snake Plant","floor":31,"turns":5},{"damage":78,"enemies":"Champ","floor":33,"turns":8}],"seed_played":"-8610543084776917208","potions_obtained":[{"floor":4.0,"key":"Weak Potion"},{"floor":6.0,"key":"SkillPotion"},{"floor":16.0,"key":"potionbrewer:BoundlessPotion"},{"floor":18.0,"key":"EssenceOfSteel"},{"floor":22,"key":"potionbrewer:AcidPotion"},{"floor":30,"key":"Dexterity Potion"}],"is_trial":false,"path_per_floor":["M","M","M","M","M","E","R","?","T","E","?","E","M","$","R","B",null,"M","M","?","M","M","?","R","?","T","M","R","E","M","M","R","B"],"character_chosen":"WATCHER","items_purchased":["Lee\u0027s Waffle","JustLucky","DeceiveReality"],"campfire_rested":4,"item_purchase_floors":[14,14,14],"current_hp_per_floor":[79,73,73,68,62,43,66,55,55,36,55,25,17,86,86,25,86,86,84,60,45,9,9,27,18,18,8,26,13,28,28,46,0,0],"gold":228,"neow_bonus":"TEN_PERCENT_HP_BONUS","is_daily":false,"chose_seed":false,"campfire_upgraded":0,"win_rate":0.0,"timestamp":1609873655,"path_taken":["M","M","M","M","?","E","R","?","T","E","?","E","M","$","R","BOSS","M","M","?","M","M","?","R","?","T","M","R","E","?","M","R","BOSS"],"items_purchased_type":["Relic","Card","Card"],"build_version":"2020-12-22","purchased_purges":0,"victory":false,"max_hp_per_floor":[79,79,79,79,79,79,79,79,79,79,79,79,79,86,86,86,86,86,86,60,60,60,60,60,60,60,60,60,60,60,60,60,60,60],"relic_stats":{"Centennial Puzzle":[42],"Lee\u0027s Waffle":69,"counters":[20,94],"Bird Faced Urn":[39],"MealTicket":0,"obtain_stats":[{"Centennial Puzzle":6,"Lee\u0027s Waffle":14,"HornCleat":26,"Bird Faced Urn":12,"HolyWater":17,"MealTicket":23,"Omamori":10,"Red Mask":25,"PureWater":0,"Mercury Hourglass":29},{"Centennial Puzzle":6,"Lee\u0027s Waffle":9,"HornCleat":15,"Bird Faced Urn":8,"HolyWater":10,"MealTicket":14,"Omamori":7,"Red Mask":15,"PureWater":0,"Mercury Hourglass":17},{"Centennial Puzzle":19,"Lee\u0027s Waffle":33,"HornCleat":65,"Bird Faced Urn":31,"HolyWater":40,"MealTicket":60,"Omamori":26,"Red Mask":65,"PureWater":0,"Mercury Hourglass":75}],"Mercury Hourglass":[66]},"card_choices":[{"not_picked":["SashWhip","Protect"],"picked":"Crescendo","floor":1.0},{"not_picked":["Evaluate","CutThroughFate"],"picked":"PathToVictory","floor":2.0},{"not_picked":["ThirdEye","CarveReality"],"picked":"CutThroughFate","floor":3.0},{"not_picked":["Consecrate","SashWhip"],"picked":"FearNoEvil","floor":4.0},{"not_picked":["Worship","BowlingBash"],"picked":"Evaluate","floor":5.0},{"not_picked":["WheelKick","Consecrate"],"picked":"Vengeance","floor":6.0},{"not_picked":["FearNoEvil","Blasphemy"],"picked":"BattleHymn","floor":10.0},{"not_picked":["ThirdEye","EmptyFist"],"picked":"FlurryOfBlows","floor":12.0},{"not_picked":["Evaluate","FlyingSleeves"],"picked":"MentalFortress","floor":13.0},{"not_picked":["MasterReality","DevaForm"],"picked":"Establishment","floor":16.0},{"not_picked":["SignatureMove","PathToVictory"],"picked":"Protect+1","floor":18.0},{"not_picked":["Prostrate+1","ClearTheMind"],"picked":"FollowUp","floor":19.0},{"not_picked":["BowlingBash+1","Ragnarok"],"picked":"Tantrum","floor":21.0},{"not_picked":["ThirdEye","SashWhip"],"picked":"ClearTheMind+1","floor":22},{"not_picked":["ForeignInfluence","SignatureMove+1"],"picked":"FollowUp","floor":25},{"not_picked":["JustLucky","CutThroughFate"],"picked":"FearNoEvil","floor":27},{"not_picked":["FollowUp","Sanctity"],"picked":"Prostrate","floor":29},{"not_picked":["Evaluate+1","ReachHeaven"],"picked":"FlurryOfBlows","floor":30},{"not_picked":["Evaluate+1","Crescendo"],"picked":"FlurryOfBlows","floor":31}],"player_experience":131628,"relics_obtained":[{"floor":6.0,"key":"Centennial Puzzle"},{"floor":10.0,"key":"Omamori"},{"floor":12.0,"key":"Bird Faced Urn"},{"floor":25,"key":"Red Mask"},{"floor":26,"key":"HornCleat"},{"floor":29,"key":"Mercury Hourglass"}],"event_choices":[{"damage_healed":0.0,"max_hp_gain":0.0,"max_hp_loss":0.0,"gold_gain":75.0,"event_name":"World of Goop","player_choice":"Gather Gold","floor":8.0,"gold_loss":0.0,"damage_taken":11.0},{"damage_healed":19.0,"max_hp_gain":0.0,"max_hp_loss":0.0,"gold_gain":0.0,"event_name":"Mushrooms","player_choice":"Healed and dodged fight","floor":11.0,"gold_loss":0.0,"damage_taken":0.0,"cards_obtained":["Parasite"]},{"damage_healed":0.0,"max_hp_gain":0.0,"max_hp_loss":26.0,"gold_gain":0.0,"event_name":"Vampires","player_choice":"Became a vampire","floor":20.0,"gold_loss":0.0,"damage_taken":0.0,"cards_obtained":["Bite","Bite","Bite","Bite","Bite"]},{"damage_healed":0,"gold_gain":0,"player_choice":"Obtained Relic","damage_taken":0,"relics_obtained":["MealTicket"],"max_hp_gain":0,"max_hp_loss":0,"event_name":"Addict","floor":23,"gold_loss":85},{"damage_healed":0,"gold_gain":0,"player_choice":"Fought Bandits","damage_taken":0,"max_hp_gain":0,"max_hp_loss":0,"event_name":"Masked Bandits","floor":25,"gold_loss":0}],"is_beta":false,"boss_relics":[{"not_picked":["Velvet Choker","Runic Pyramid"],"picked":"HolyWater"}],"items_purged_floors":[],"is_endless":false,"potions_floor_spawned":[4,6,16,18,22,30],"killed_by":"Champ","ascension_level":1}}