{"host":"nukjzc0ca34w6eem","time":1609823745,"event":{"mods":["2.2 Compatiblity","AchievementEnabler","BaseMod","Colored Powertips","Minty Spire (QoL Compilation)","StSLib"],"gold_per_floor":[116,116,129,31,45,45,45,64,64,64,79,114,139,163,163,163,163],"floor_reached":16,"playtime":979,"items_purged":["Defend_G"],"score":120,"play_id":"226d03d5-3dab-4386-9759-00c8c568541b","local_time":"20210104211545","is_ascension_mode":true,"campfire_choices":[{"data":"Dodge and Roll","floor":6,"key":"SMITH"},{"data":"Crippling Poison","floor":15,"key":"SMITH"}],"circlet_count":0,"master_deck":["Strike_G","Strike_G","Strike_G","Strike_G","Defend_G","Defend_G","Defend_G","Survivor","Neutralize","Crippling Poison+1","Underhanded Strike","Acrobatics","Dodge and Roll+1","Flying Knee","Dagger Spray","Catalyst"],"relics":["Ring of the Snake","Golden Idol","Kunai","Calipers","FossilizedHelix"],"acts_visited":["Exordium"],"potions_floor_usage":[12],"damage_taken":[{"damage":1,"enemies":"Jaw Worm","floor":1,"turns":4},{"damage":0,"enemies":"2 Louse","floor":3,"turns":2},{"damage":0,"enemies":"Small Slimes","floor":5,"turns":3},{"damage":4,"enemies":"Red Slaver","floor":8,"turns":3},{"damage":4,"enemies":"Looter","floor":11,"turns":4},{"damage":20,"enemies":"Gremlin Nob","floor":12,"turns":4},{"damage":11,"enemies":"Large Slime","floor":13,"turns":6},{"damage":0,"enemies":"Blue Slaver","floor":14,"turns":3},{"damage":0,"enemies":"The Guardian","floor":16,"turns":2}],"seed_played":"-6699942067579262198","potions_obtained":[{"floor":1,"key":"EssenceOfSteel"},{"floor":3,"key":"Swift Potion"},{"floor":8,"key":"DistilledChaos"},{"floor":11,"key":"Explosive Potion"},{"floor":14,"key":"PowerPotion"}],"is_trial":false,"path_per_floor":["M","?","M","$","M","R","?","M","T","?","M","E","M","M","R","B"],"character_chosen":"THE_SILENT","items_purchased":["Acrobatics"],"campfire_rested":0,"item_purchase_floors":[4],"current_hp_per_floor":[48,48,48,48,48,48,65,61,61,61,57,37,26,26,26,26,26],"gold":163,"neow_bonus":"REMOVE_TWO","is_daily":false,"chose_seed":false,"campfire_upgraded":2,"win_rate":0.0,"timestamp":1609823745,"path_taken":["M","?","M","$","M","R","?","M","T","?","?","E","M","M","R","BOSS"],"items_purchased_type":["Card"],"build_version":"2020-12-22","purchased_purges":1,"victory":false,"max_hp_per_floor":[70,65,65,65,65,65,65,65,65,65,65,65,65,65,65,65,65],"card_choices":[{"not_picked":["Terror","Footwork"],"picked":"Crippling Poison","floor":1},{"not_picked":["Footwork","Outmaneuver"],"picked":"Underhanded Strike","floor":3},{"not_picked":["Finisher","Caltrops"],"picked":"Dodge and Roll","floor":5},{"not_picked":["Acrobatics","Slice"],"picked":"Flying Knee","floor":8},{"not_picked":["Flying Knee","Flechettes"],"picked":"Dagger Spray","floor":11},{"not_picked":["Sucker Punch","Bane"],"picked":"Catalyst","floor":12},{"not_picked":["Dagger Spray","Blade Dance","Choke"],"picked":"SKIP","floor":13},{"not_picked":["Catalyst","Quick Slash","Crippling Poison"],"picked":"SKIP","floor":14}],"player_experience":242257,"relics_obtained":[{"floor":9,"key":"Kunai"},{"floor":12,"key":"FossilizedHelix"}],"event_choices":[{"damage_healed":0,"gold_gain":0,"player_choice":"Lose Max HP","damage_taken":0,"relics_obtained":["Golden Idol"],"max_hp_gain":0,"max_hp_loss":5,"event_name":"Golden Idol","floor":2,"gold_loss":0},{"damage_healed":21,"gold_gain":0,"player_choice":"Banana","damage_taken":0,"max_hp_gain":0,"max_hp_loss":0,"event_name":"Big Fish","floor":7,"gold_loss":0},{"damage_healed":0,"gold_gain":0,"player_choice":"Gave Potion","damage_taken":0,"relics_obtained":["Calipers"],"max_hp_gain":0,"max_hp_loss":0,"event_name":"WeMeetAgain","floor":10,"gold_loss":0}],"is_beta":false,"boss_relics":[],"items_purged_floors":[4],"is_endless":false,"potions_floor_spawned":[1,3,8,11,14],"killed_by":"The Guardian","ascension_level":3}}