{"host":"r6jigiblrojhp6xe","time":1609877475,"event":{"mods":["AchievementEnabler","BaseMod","DeckTracker","Minty Spire (QoL Compilation)","Quick Restart","Rare Cards Sparkle","Relic Stats","StSLib","SuperFastMode","The Cursed","everything is the same but u backflip on backflip"],"gold_per_floor":[368,125,125,135,145,145,175,175,244,255,265,275,290,304,304,381,381,396,240,254,254,254],"floor_reached":21,"playtime":482,"items_purged":["Strike_R","Strike_R"],"score":370,"play_id":"8c1fec2c-f9ad-4f0d-877c-ada83475b2cf","local_time":"20210106051115","is_ascension_mode":true,"campfire_choices":[{"data":"Wild Strike","floor":6,"key":"SMITH"},{"data":"Bash","floor":8,"key":"SMITH"},{"data":"Blood for Blood","floor":15,"key":"SMITH"}],"circlet_count":0,"master_deck":["AscendersBane","Strike_R","Strike_R","Defend_R","Defend_R","Defend_R","Defend_R","Bash+1","Wild Strike+1","Second Wind","Burning Pact","Disarm","Offering","Blood for Blood+1","Fiend Fire","Body Slam","Shrug It Off"],"relics":["Burning Blood","Bag of Preparation","Art of War","Philosopher\u0027s Stone"],"acts_visited":["Exordium","TheCity"],"potions_floor_usage":[11],"damage_taken":[{"damage":2,"enemies":"Small Slimes","floor":1,"turns":4},{"damage":1,"enemies":"Cultist","floor":4,"turns":3},{"damage":2,"enemies":"Jaw Worm","floor":5,"turns":4},{"damage":26,"enemies":"Gremlin Nob","floor":7,"turns":4},{"damage":2,"enemies":"3 Louse","floor":10,"turns":4},{"damage":8,"enemies":"Lots of Slimes","floor":11,"turns":4},{"damage":0,"enemies":"Red Slaver","floor":12,"turns":2},{"damage":0,"enemies":"Looter","floor":13,"turns":4},{"damage":11,"enemies":"Large Slime","floor":14,"turns":5},{"damage":24,"enemies":"The Guardian","floor":16,"turns":9},{"damage":34,"enemies":"2 Thieves","floor":18,"turns":4},{"damage":25,"enemies":"Spheric Guardian","floor":20,"turns":4}],"seed_played":"-5824738325462239058","potions_obtained":[{"floor":5,"key":"Fire Potion"},{"floor":7,"key":"Swift Potion"},{"floor":14,"key":"FearPotion"},{"floor":18,"key":"EntropicBrew"},{"floor":20,"key":"BloodPotion"}],"is_trial":false,"path_per_floor":["M","$","?","M","M","R","E","R","T","M","M","M","M","M","R","B",null,"M","$","M","?"],"character_chosen":"IRONCLAD","items_purchased":["Bag of Preparation","Shrug It Off"],"campfire_rested":0,"item_purchase_floors":[2,19],"current_hp_per_floor":[54,54,54,59,63,63,43,43,43,47,45,51,57,52,52,34,65,37,37,18,18,18],"gold":254,"neow_bonus":"TWO_FIFTY_GOLD","is_daily":false,"chose_seed":false,"campfire_upgraded":3,"win_rate":0.0,"timestamp":1609877475,"path_taken":["M","$","?","M","M","R","E","R","T","M","M","?","M","M","R","BOSS","M","$","?","?"],"items_purchased_type":["Relic","Card"],"build_version":"2020-12-22","purchased_purges":2,"victory":false,"max_hp_per_floor":[75,75,75,75,75,75,75,75,75,75,75,75,75,75,75,75,75,75,75,75,75,75],"relic_stats":{"counters":[12,51],"Bag of Preparation":[22],"Art of War":[5],"obtain_stats":[{"Philosopher\u0027s Stone":17,"Bag of Preparation":2,"Art of War":7,"Burning Blood":0},{"Philosopher\u0027s Stone":10,"Bag of Preparation":1,"Art of War":4,"Burning Blood":0},{"Philosopher\u0027s Stone":43,"Bag of Preparation":4,"Art of War":15,"Burning Blood":0}],"Burning Blood":72},"card_choices":[{"not_picked":["Perfected Strike","Havoc"],"picked":"Wild Strike","floor":1},{"not_picked":["Sentinel","Perfected Strike"],"picked":"Second Wind","floor":4},{"not_picked":["Perfected Strike","Ghostly Armor"],"picked":"Burning Pact","floor":5},{"not_picked":["Carnage","Dropkick","Limit Break"],"picked":"SKIP","floor":7},{"not_picked":["True Grit","Wild Strike","Pummel"],"picked":"SKIP","floor":10},{"not_picked":["Spot Weakness","Clothesline"],"picked":"Disarm","floor":11},{"not_picked":["Havoc","Iron Wave","Flex"],"picked":"SKIP","floor":12},{"not_picked":["Heavy Blade","Headbutt"],"picked":"Offering","floor":13},{"not_picked":["Perfected Strike","Iron Wave"],"picked":"Blood for Blood","floor":14},{"not_picked":["Bludgeon","Reaper"],"picked":"Fiend Fire","floor":16},{"not_picked":["Pommel Strike","Clash"],"picked":"Body Slam","floor":18},{"not_picked":["Clothesline","Twin Strike","Wild Strike+1"],"picked":"SKIP","floor":20}],"player_experience":570947,"relics_obtained":[{"floor":7,"key":"Art of War"}],"event_choices":[{"cards_removed":["Strike_R"],"damage_healed":0,"gold_gain":0,"player_choice":"Offered Basic","damage_taken":0,"max_hp_gain":0,"max_hp_loss":0,"event_name":"Bonfire Elementals","floor":3,"gold_loss":0}],"is_beta":false,"boss_relics":[{"not_picked":["Busted Crown","Black Blood"],"picked":"Philosopher\u0027s Stone"}],"items_purged_floors":[2,19],"is_endless":false,"potions_floor_spawned":[5,7,10,14,18,20],"ascension_level":20}}