{"host":"qgrlfjrqk9z96gfi","time":1609810417,"event":{"mods":["BaseMod","Block Reminder","Colored Map","DeckTracker","Minty Spire (QoL Compilation)"],"gold_per_floor":[116,132,132,29,29,29,61,91,91,108,108,134,134,151,151,222,222,222,222,222,38,38,38,38,38,38,38,38,38,38,38,38,38,38,38,38,38,38,38,38,38,9,9,9,9,9,9,9,9,9,9],"floor_reached":50,"playtime":2249,"items_purged":["Strike_G","Strike_G"],"score":1171,"play_id":"c66f074c-21ed-4f0c-9816-edd84cf7b2b9","local_time":"20210104153337","is_ascension_mode":true,"campfire_choices":[{"data":"Footwork","floor":6.0,"key":"SMITH"},{"data":"Predator","floor":11.0,"key":"SMITH"},{"data":"Terror","floor":13.0,"key":"SMITH"},{"data":"Blade Dance","floor":15.0,"key":"SMITH"},{"floor":23,"key":"REST"},{"floor":30,"key":"REST"},{"data":"1","floor":32,"key":"LIFT"},{"data":"2","floor":40,"key":"LIFT"},{"floor":45,"key":"REST"},{"floor":47,"key":"REST"},{"floor":49,"key":"REST"}],"circlet_count":0,"master_deck":["AscendersBane","Strike_G","Strike_G","Strike_G","Defend_G","Defend_G","Defend_G","Defend_G","Defend_G+1","Survivor+1","Neutralize","Caltrops","Well Laid Plans","Footwork+1","Blade Dance+1","After Image","Predator+1","Terror+1","Sucker Punch","Deflect","RitualDagger","Infinite Blades","Backflip+1","Dash+1","Wraith Form v2","PiercingWail","Dagger Spray","All Out Attack+1","Phantasmal Killer","Blur","Cloak And Dagger","Parasite","PiercingWail","Terror","Dodge and Roll","Footwork+1","Corpse Explosion"],"relics":["Ring of the Snake","NeowsBlessing","War Paint","Anchor","Gambling Chip","Ectoplasm","Nloth\u0027s Gift","Girya","Bottled Tornado","Incense Burner","Sozu","Orichalcum","CaptainsWheel","Thread and Needle","Calipers"],"acts_visited":["Exordium","TheCity","TheBeyond"],"potions_floor_usage":[25,35],"damage_taken":[{"damage":0.0,"enemies":"Jaw Worm","floor":1.0,"turns":1.0},{"damage":0.0,"enemies":"Cultist","floor":2.0,"turns":1.0},{"damage":0.0,"enemies":"Lagavulin","floor":7.0,"turns":1.0},{"damage":0.0,"enemies":"2 Louse","floor":10.0,"turns":2.0},{"damage":14.0,"enemies":"3 Sentries","floor":12.0,"turns":10.0},{"damage":6.0,"enemies":"Exordium Wildlife","floor":14.0,"turns":6.0},{"damage":16.0,"enemies":"The Guardian","floor":16.0,"turns":12.0},{"damage":4.0,"enemies":"3 Byrds","floor":18.0,"turns":5.0},{"damage":7,"enemies":"Shell Parasite","floor":22,"turns":5},{"damage":0,"enemies":"Centurion and Healer","floor":24,"turns":7},{"damage":18,"enemies":"Gremlin Leader","floor":25,"turns":6},{"damage":1,"enemies":"Snake Plant","floor":27,"turns":4},{"damage":2,"enemies":"Snecko","floor":28,"turns":5},{"damage":20,"enemies":"Chosen and Byrds","floor":29,"turns":8},{"damage":12,"enemies":"Book of Stabbing","floor":31,"turns":6},{"damage":12,"enemies":"Automaton","floor":33,"turns":11},{"damage":11,"enemies":"3 Shapes","floor":35,"turns":7},{"damage":5,"enemies":"Orb Walker","floor":38,"turns":4},{"damage":1,"enemies":"Writhing Mass","floor":39,"turns":6},{"damage":0,"enemies":"Maw","floor":41,"turns":8},{"damage":39,"enemies":"Giant Head","floor":44,"turns":10},{"damage":6,"enemies":"Mind Bloom Boss Battle","floor":46,"turns":7},{"damage":47,"enemies":"Reptomancer","floor":48,"turns":7},{"damage":29,"enemies":"Awakened One","floor":50,"turns":3}],"seed_played":"8513850731005195453","potions_obtained":[{"floor":1.0,"key":"BlessingOfTheForge"},{"floor":7.0,"key":"Swift Potion"},{"floor":16.0,"key":"FearPotion"},{"floor":18.0,"key":"CunningPotion"},{"floor":22,"key":"BlessingOfTheForge"},{"floor":33,"key":"Fire Potion"}],"is_trial":false,"path_per_floor":["M","M","?","$","?","R","E","?","T","M","R","E","R","M","R","B",null,"M","?","?","$","M","R","M","E","T","M","M","M","R","E","R","B",null,"M","?","?","M","M","R","M","$","T","E","R","?","R","E","R","B"],"character_chosen":"THE_SILENT","items_purchased":["Blade Dance","Infinite Blades","Dodge and Roll"],"campfire_rested":5,"item_purchase_floors":[4,21,42],"current_hp_per_floor":[59,59,59,59,48,48,48,48,62,62,62,48,48,42,42,26,67,63,57,57,57,50,74,74,56,56,55,53,33,57,45,45,33,68,57,57,57,52,51,51,51,51,51,12,34,28,50,3,25,0,0],"gold":9,"neow_bonus":"THREE_ENEMY_KILL","is_daily":false,"chose_seed":false,"campfire_upgraded":4,"win_rate":0.0,"timestamp":1609810417,"path_taken":["M","M","?","?","?","R","E","?","T","?","R","E","R","M","R","BOSS","M","?","?","$","?","R","M","E","T","M","M","M","R","E","R","BOSS","M","?","?","M","M","R","?","$","T","E","R","?","R","E","R","BOSS"],"items_purchased_type":["Card","Card","Card"],"build_version":"2020-12-22","purchased_purges":2,"victory":false,"max_hp_per_floor":[66,66,66,66,66,66,66,66,80,80,80,80,80,80,80,80,80,80,80,80,80,80,80,80,80,80,80,80,80,80,80,80,80,80,80,80,76,76,76,76,76,76,76,76,76,76,76,76,76,76,76],"card_choices":[{"not_picked":["Prepared","Underhanded Strike"],"picked":"Caltrops","floor":1.0},{"not_picked":["Dodge and Roll","Distraction"],"picked":"Well Laid Plans","floor":2.0},{"not_picked":["Backflip","Bane"],"picked":"After Image","floor":7.0},{"not_picked":["Setup","Quick Slash"],"picked":"Predator","floor":10.0},{"not_picked":["Poisoned Stab","Noxious Fumes"],"picked":"Terror","floor":12.0},{"not_picked":["Underhanded Strike","Prepared"],"picked":"Sucker Punch","floor":14.0},{"not_picked":["Burst","Bullet Time"],"picked":"Envenom","floor":16.0},{"not_picked":["Heel Hook","Outmaneuver"],"picked":"Deflect","floor":18.0},{"not_picked":["A Thousand Cuts","Cloak And Dagger"],"picked":"Backflip+1","floor":22},{"not_picked":["Unload","Sucker Punch"],"picked":"Dash+1","floor":24},{"not_picked":["Burst","Grand Finale"],"picked":"Wraith Form v2","floor":25},{"not_picked":["Dash","Blade Dance"],"picked":"PiercingWail","floor":27},{"not_picked":["Well Laid Plans","Sucker Punch"],"picked":"Dagger Spray","floor":28},{"not_picked":["Concentrate","Catalyst+1"],"picked":"All Out Attack+1","floor":29},{"not_picked":["Bane","Tools of the Trade"],"picked":"Phantasmal Killer","floor":31},{"not_picked":["Quick Slash","Poisoned Stab"],"picked":"Blur","floor":35},{"not_picked":["Flying Knee","Deflect+1"],"picked":"Cloak And Dagger","floor":38},{"not_picked":["Well Laid Plans+1","Dash"],"picked":"PiercingWail","floor":39},{"not_picked":["Eviscerate+1","Prepared"],"picked":"Terror","floor":41},{"not_picked":["Acrobatics","Phantasmal Killer"],"picked":"Footwork+1","floor":44},{"not_picked":["Quick Slash+1","Distraction"],"picked":"Corpse Explosion","floor":48}],"player_experience":965328,"relics_obtained":[{"floor":7.0,"key":"Anchor"},{"floor":9.0,"key":"Mango"},{"floor":12.0,"key":"Gambling Chip"},{"floor":25,"key":"Girya"},{"floor":26,"key":"Bottled Tornado"},{"floor":31,"key":"Incense Burner"},{"floor":43,"key":"Orichalcum"},{"floor":44,"key":"CaptainsWheel"},{"floor":46,"key":"Thread and Needle"},{"floor":48,"key":"Calipers"}],"event_choices":[{"damage_healed":0.0,"max_hp_gain":0.0,"max_hp_loss":0.0,"gold_gain":0.0,"event_name":"Match and Keep!","player_choice":"1 cards matched","floor":3.0,"gold_loss":0.0,"damage_taken":0.0,"cards_obtained":["Footwork"]},{"damage_healed":0.0,"max_hp_gain":0.0,"max_hp_loss":0.0,"gold_gain":0.0,"event_name":"Scrap Ooze","player_choice":"Success","floor":5.0,"gold_loss":0.0,"damage_taken":11.0,"relics_obtained":["War Paint"]},{"damage_healed":0.0,"max_hp_gain":0.0,"max_hp_loss":0.0,"gold_gain":30.0,"event_name":"Dead Adventurer","player_choice":"Searched \u00271\u0027 times","floor":8.0,"gold_loss":0.0,"damage_taken":0.0},{"damage_healed":0,"gold_gain":0,"player_choice":"Joined the Cult","damage_taken":6,"max_hp_gain":0,"max_hp_loss":0,"event_name":"Nest","floor":19,"gold_loss":0,"cards_obtained":["RitualDagger"]},{"damage_healed":0,"gold_gain":0,"player_choice":"Traded Relic","damage_taken":0,"relics_obtained":["Nloth\u0027s Gift"],"max_hp_gain":0,"max_hp_loss":0,"event_name":"N\u0027loth","floor":20,"relics_lost":["Mango"],"gold_loss":0},{"cards_removed":["Envenom"],"damage_healed":0,"gold_gain":0,"player_choice":"Removed Power","damage_taken":0,"max_hp_gain":0,"max_hp_loss":0,"event_name":"Falling","floor":36,"gold_loss":0},{"damage_healed":0,"gold_gain":0,"player_choice":"Max HP","damage_taken":0,"max_hp_gain":0,"max_hp_loss":4,"event_name":"Winding Halls","floor":37,"gold_loss":0},{"damage_healed":0,"gold_gain":0,"player_choice":"Fight","damage_taken":0,"max_hp_gain":0,"max_hp_loss":0,"event_name":"MindBloom","floor":46,"gold_loss":0}],"is_beta":false,"boss_relics":[{"not_picked":["SacredBark","Snecko Eye"],"picked":"Ectoplasm"},{"not_picked":["HoveringKite","Tiny House"],"picked":"Sozu"}],"items_purged_floors":[4,21],"is_endless":false,"potions_floor_spawned":[1,7,16,18,22,33,35,44,46,48],"killed_by":"Awakened One","ascension_level":20}}