{"host":"3iouabftir4t7z56","time":1609809321,"event":{"mods":["2.2 Compatiblity","Act Like it!","BaseMod","Colored Map","Hallownest","Minty Spire (QoL Compilation)","StSLib","The Bug Knight"],"gold_per_floor":[112,123,123,133,179,179,179,209,209,219,259,33,33,51,51,153,153,173,186,41,41,61,61,80,122,122,122,122],"floor_reached":27,"playtime":1697,"items_purged":["HollowMod:NailStrikeStart","HollowMod:NailStrikeStart"],"score":217,"play_id":"f2d5cdf2-e804-4891-9f8c-85493221a783","local_time":"20210105021521","is_ascension_mode":false,"campfire_choices":[{"data":"HollowMod:SlysStrikes","floor":6,"key":"SMITH"},{"floor":13,"key":"REST"},{"floor":15,"key":"REST"},{"data":"HollowMod:FocusHealStart","floor":23,"key":"SMITH"}],"circlet_count":0,"master_deck":["HollowMod:NailStrikeStart","HollowMod:QuickDashStart","HollowMod:QuickDashStart","HollowMod:QuickDashStart","HollowMod:QuickDashStart","HollowMod:FocusHealStart+1","HollowMod:PogoStrike","HollowMod:SlysStrikes+1","HollowMod:BlackTendrils","HollowMod:DescendingDark","HollowMod:FastStrike","Jack Of All Trades","HollowMod:CycloneSlash","HollowMod:DescendingDark","HollowMod:GreatSlash","HollowMod:WraithStrike","HollowMod:LordofShades","HollowMod:VoidDash","HollowMod:CrystalDash+1","HollowMod:AbyssShriek","HollowMod:ShadowDash","Doubt","HollowMod:SharpenedShadows","HollowMod:DescendingDark+1"],"relics":["HollowMod:VesselMask","Pen Nib","Pear","Philosopher\u0027s Stone","HollowMod:KingsBrand"],"acts_visited":["Hallownest:Greenpath","Hallownest:CityofTears"],"potions_floor_usage":[8,16,22,25],"damage_taken":[{"damage":1,"enemies":"Hallownest:2_MossCreeps","floor":1,"turns":6},{"damage":2,"enemies":"Hallownest:2_Baldur","floor":2,"turns":5},{"damage":8,"enemies":"Hallownest:monsterHuskGuard","floor":4,"turns":4},{"damage":34,"enemies":"Hallownest:eliteCrystalGuardian","floor":8,"turns":6},{"damage":0,"enemies":"Hallownest:monsterMossCharger","floor":10,"turns":3},{"damage":9,"enemies":"Hallownest:MossCreep_and_Mosskin","floor":11,"turns":4},{"damage":8,"enemies":"Hallownest:Wandering_and_Horned","floor":14,"turns":3},{"damage":76,"enemies":"Hallownest:BossHornet","floor":16,"turns":10},{"damage":16,"enemies":"Hallownest:Guard_and_Sentry","floor":18,"turns":3},{"damage":0,"enemies":"Hallownest:2_Mistakes","floor":19,"turns":4},{"damage":14,"enemies":"Hallownest:2_Flukemon","floor":22,"turns":6},{"damage":18,"enemies":"Hallownest:3_Mistakes","floor":24,"turns":3},{"damage":34,"enemies":"Hallownest:Glutton_and_Coward","floor":25,"turns":4},{"damage":26,"enemies":"Hallownest:eliteSoulWarrior","floor":27,"turns":7}],"seed_played":"683242351469610648","potions_obtained":[{"floor":4,"key":"LiquidBronze"},{"floor":14,"key":"EssenceOfSteel"},{"floor":16,"key":"DuplicationPotion"},{"floor":19,"key":"LiquidMemories"},{"floor":25,"key":"SpeedPotion"}],"is_trial":false,"path_per_floor":["M","M","?","M","T","R","?","E","T","M","M","$","R","M","R","B",null,"M","M","$","?","M","R","M","M","T","E"],"character_chosen":"THE_BUGKNIGHT","items_purchased":["HollowMod:LordofShades","HollowMod:ShadowDash"],"campfire_rested":2,"item_purchase_floors":[12,20],"current_hp_per_floor":[68,68,68,60,60,60,60,46,46,46,39,39,62,54,77,4,78,62,62,62,62,48,48,40,12,12,0,0],"gold":122,"neow_bonus":"THREE_RARE_CARDS","is_daily":false,"chose_seed":false,"campfire_upgraded":2,"win_rate":0.0,"timestamp":1609809321,"path_taken":["M","M","?","M","?","R","?","E","T","M","M","?","R","M","R","BOSS","M","M","$","?","M","R","?","M","T","E"],"items_purchased_type":["Card","Card"],"build_version":"2020-12-22","purchased_purges":2,"victory":false,"max_hp_per_floor":[68,68,68,68,68,68,68,78,78,78,78,78,78,78,78,78,78,78,78,78,78,78,78,78,78,78,78,78],"card_choices":[{"not_picked":["HollowMod:LifebloodCore","HollowMod:Weaversong"],"picked":"HollowMod:SlysStrikes","floor":0},{"not_picked":["HollowMod:NewLittleFool","HollowMod:ShapeofUnn"],"picked":"HollowMod:BlackTendrils","floor":1},{"not_picked":["HollowMod:InfectedCysts","HollowMod:InfectedAttack"],"picked":"HollowMod:DescendingDark","floor":2},{"not_picked":["HollowMod:DoubleDash","HollowMod:InfectedAttack","HollowMod:MidwifesHunger"],"picked":"SKIP","floor":4},{"not_picked":["Master of Strategy","Impatience"],"picked":"Jack Of All Trades","floor":7},{"not_picked":["HollowMod:SoulSplash","HollowMod:LifebloodCocoon"],"picked":"HollowMod:CycloneSlash","floor":7},{"not_picked":["HollowMod:HeavyBlow","HollowMod:SharpenedNail"],"picked":"HollowMod:DescendingDark","floor":8},{"not_picked":["HollowMod:BaldurShell","HollowMod:LuriensSpire"],"picked":"HollowMod:GreatSlash","floor":10},{"not_picked":["HollowMod:TaintedHusks","HollowMod:DreamGate"],"picked":"HollowMod:WraithStrike","floor":11},{"not_picked":["HollowMod:HeavyBlow","HollowMod:NewJinnsSoul","HollowMod:ChannelNail"],"picked":"SKIP","floor":14},{"not_picked":["HollowMod:theNailsmith","HollowMod:LifebloodCore"],"picked":"HollowMod:VoidDash","floor":16},{"not_picked":["HollowMod:CycloneSlash","HollowMod:LifebloodCocoon"],"picked":"HollowMod:CrystalDash+1","floor":18},{"not_picked":["HollowMod:WraithStrike","HollowMod:CloakDash+1"],"picked":"HollowMod:AbyssShriek","floor":19},{"not_picked":["HollowMod:LifebloodCocoon","HollowMod:RecoilStrike"],"picked":"HollowMod:SharpenedShadows","floor":22},{"not_picked":["HollowMod:BrokenVessel","HollowMod:SoulStrike"],"picked":"HollowMod:DescendingDark+1","floor":24},{"not_picked":["HollowMod:ChannelNail","HollowMod:NewInfectedGuardian","HollowMod:WraithStrike"],"picked":"SKIP","floor":25}],"player_experience":616356,"relics_obtained":[{"floor":5,"key":"Pen Nib"},{"floor":8,"key":"Pear"},{"floor":26,"key":"HollowMod:KingsBrand"}],"event_choices":[],"is_beta":false,"boss_relics":[{"not_picked":["Cursed Key","Runic Pyramid"],"picked":"Philosopher\u0027s Stone"}],"items_purged_floors":[12,20],"is_endless":false,"potions_floor_spawned":[4,14,16,19,25],"killed_by":"Hallownest:eliteSoulWarrior","ascension_level":0}}