{"host":"exyz3r55z4kt6m9o","time":1609840684,"event":{"mods":["2.2 Compatiblity","AchievementEnabler","Aspiration","BaseMod","Better Altar","Better Match","Better Note","Better Sensory Stone","Better Skull","Better Third Choice","BetterRewards","Colored Powertips","Energized Spire","Friendly Minions","GifTheSpireLib","Infinite Spire","Ironclad Rager","Jorbs\u0027s Wanderer Trilogy","Luminous","Marisa????????","Minty Spire (QoL Compilation)","Permanent Neow","Rare Cards Sparkle","Reimu??????","Relic Filter","Replay The Spire","Spicy Shops","StSLib","The Bladedancer","The Blue Laboratory","The Gatherer","The Hayseed","The Mystic","The Runesmith","Wandering Minibosses","yUi"],"gold_per_floor":[363,343,359,39,77,77,147,147,147,22,22,63,63,76,76,192,192,217,217,277,277,277,359,359,409,460,460,460,460,505,235,235,371,371,404,444,444,483,483,544,318,318,318,318,396,474,474,501,501,546,546,546,46,117,152],"floor_reached":56,"playtime":3244,"items_purged":["Runesmith:Strike_RS","Runesmith:Strike_RS","Runesmith:Strike_RS","Runesmith:Defend_RS","Runesmith:Defend_RS","Runesmith:Defend_RS","Runesmith:Defend_RS"],"score":1454,"play_id":"c4289bfe-c353-465a-9ac7-fc8610cc7c52","local_time":"20210105045804","is_ascension_mode":false,"campfire_choices":[{"floor":6,"key":"REST"},{"data":"Runesmith:Terraform","floor":8,"key":"SMITH"},{"floor":15,"key":"REST"},{"data":"Runesmith:PoweredAnvil","floor":24,"key":"SMITH"},{"floor":28,"key":"REST"},{"data":"Runesmith:Grindstone","floor":32,"key":"SMITH"},{"data":"Runesmith:ArcReactor","floor":42,"key":"SMITH"},{"data":"Runesmith:ArcReactor","floor":44,"key":"SMITH"},{"floor":49,"key":"RECALL"},{"data":"Runesmith:Permafrost","floor":52,"key":"SMITH"}],"circlet_count":0,"master_deck":["Runesmith:CraftFirestone+1","Runesmith:Fortify","Runesmith:Terraform+1","Runesmith:CraftMagma","Runesmith:CraftMagma+1","Runesmith:EarthShield","Runesmith:Permafrost+1","Runesmith:ChiselStab","Runesmith:CreatorForm","Runesmith:ChiselStab","Runesmith:PoweredAnvil+1","Runesmith:PoweredAnvil","Runesmith:Grindstone+1","Runesmith:ArcReactor+1","Runesmith:ArcReactor+1","Runesmith:MetallurgicalResearch+1","Runesmith:GoWithTheFlow","Runesmith:Firestorm+1","Runesmith:RuneHurl","Runesmith:BackupBattery"],"relics":["Runesmith:BrokenRuby","Replay:Bandana","Toy Ornithopter","Chameleon Ring","ReplayTheSpireMod:Shallot","Replay:Grab Bag","infinitespire:Cupcake","Replay:Bronze Core","SacredBark","SlaversCollar","WarpedTongs","Meat on the Bone","Replay:Rubber Ducky","Painkiller Herb","War Paint","CatCart","CrazyTorch:ReiMu","Sling","Bag of Preparation"],"acts_visited":["Exordium","TheCity","TheBeyond","TheEnding"],"potions_floor_usage":[7,7,16,18,33,46,50,54,55,55],"damage_taken":[{"damage":0,"enemies":"Small Slimes","floor":1,"turns":3},{"damage":3,"enemies":"Cultist","floor":3,"turns":5},{"damage":0,"enemies":"2 Louse","floor":5,"turns":4},{"damage":3,"enemies":"Lagavulin","floor":7,"turns":9},{"damage":49,"enemies":"Gremlin Nob","floor":12,"turns":6},{"damage":0,"enemies":"Blue Slaver","floor":14,"turns":5},{"damage":0,"enemies":"Slime Boss","floor":16,"turns":13},{"damage":0,"enemies":"Chosen","floor":18,"turns":9},{"damage":0,"enemies":"Shell Parasite","floor":20,"turns":13},{"damage":51,"enemies":"Gremlin Leader","floor":23,"turns":10},{"damage":11,"enemies":"Snake Plant","floor":25,"turns":8},{"damage":0,"enemies":"3 Cultists","floor":30,"turns":7},{"damage":0,"enemies":"Collector","floor":33,"turns":8},{"damage":0,"enemies":"Orb Walker","floor":35,"turns":5},{"damage":0,"enemies":"3 Darklings","floor":36,"turns":6},{"damage":3,"enemies":"Jaw Worm Horde","floor":38,"turns":5},{"damage":0,"enemies":"Giant Head","floor":40,"turns":7},{"damage":0,"enemies":"Orin","floor":45,"turns":7},{"damage":0,"enemies":"R_Hoarder","floor":46,"turns":6},{"damage":11,"enemies":"4 Shapes","floor":48,"turns":6},{"damage":0,"enemies":"Awakened One","floor":50,"turns":8},{"damage":19,"enemies":"Shield and Spear","floor":54,"turns":8},{"damage":6,"enemies":"The Heart","floor":55,"turns":7}],"seed_played":"204178043037750567","potions_obtained":[{"floor":2,"key":"blueLaboratory:FrostheartPotion"},{"floor":5,"key":"blueLaboratory:HummingbirdPotion"},{"floor":14,"key":"blueLaboratory:FrostheartPotion"},{"floor":16,"key":"blueLaboratory:RecallPotion"},{"floor":23,"key":"SneckoOil"},{"floor":30,"key":"DuplicationPotion"},{"floor":36,"key":"blueLaboratory:AbyssPotion"},{"floor":40,"key":"SteroidPotion"},{"floor":45,"key":"blueLaboratory:BottleOfVodka"},{"floor":48,"key":"EssenceOfSteel"}],"is_trial":false,"path_per_floor":["M","?","M","$","M","R","E","R","T","$","?","E","?","M","R","B",null,"M","AVR","M","?","?","E","R","M","T","?","R","?","M","$","R","B",null,"?","?","AVR","?","?","E","T","T","T","T","?","E","?","?","T","B",null,"T","T","E","B",null],"character_chosen":"RUNESMITH_CLASS","items_purchased":["Replay:Bandana","Runesmith:ArcReactor","Runesmith:RuneHurl","Sling","Block Potion","EntropicBrew","Energy Potion"],"campfire_rested":3,"item_purchase_floors":[4,31,41,53,53,53,53],"current_hp_per_floor":[49,49,46,46,46,67,64,64,64,64,64,15,15,15,36,41,70,70,70,70,70,70,19,19,20,20,20,41,41,41,41,41,46,70,70,70,70,67,67,67,67,67,67,67,67,70,66,55,55,60,66,66,66,47,51],"gold":152,"neow_bonus":"TWO_FIFTY_GOLD","is_daily":false,"chose_seed":false,"campfire_upgraded":6,"win_rate":0.0,"timestamp":1609840684,"path_taken":["M","?","?","$","M","R","E","R","T","$","?","E","?","?","R","BOSS","M","AVR","M","?","?","E","R","M","T","?","R","?","M","?","R","BOSS","?","?","AVR","?","?","E","T","T","T","T","?","E","?","?","T","BOSS","T","T","E","BOSS"],"items_purchased_type":["Relic","Card","Card","Relic","Potion","Potion","Potion"],"build_version":"2020-12-22","purchased_purges":7,"victory":true,"max_hp_per_floor":[70,70,70,70,70,70,70,70,70,70,70,70,70,70,70,70,70,70,70,70,70,70,70,70,70,70,70,70,70,70,70,70,70,70,70,70,70,70,70,70,70,70,70,70,70,70,66,66,66,66,66,66,66,66,66],"card_choices":[{"not_picked":["Runesmith:MakeshiftArmor","Runesmith:CraftSpiculum"],"picked":"Runesmith:Terraform","floor":1},{"not_picked":["Runesmith:HeatExchange","Runesmith:Empowerment","Runesmith:UnstableHammer"],"picked":"SKIP","floor":3},{"not_picked":["Runesmith:UnstableHammer","Runesmith:Retool"],"picked":"Runesmith:CraftMagma","floor":5},{"not_picked":["Runesmith:CraftObretio","Runesmith:NegativeSpace"],"picked":"Runesmith:CraftMagma","floor":7},{"not_picked":["Runesmith:OneForEveryone","Runesmith:UnstableHammer"],"picked":"Runesmith:EarthShield","floor":12},{"not_picked":["Runesmith:HammerTime","Runesmith:CraftObretio"],"picked":"Runesmith:ChiselStab","floor":14},{"not_picked":["Runesmith:GenerateForcefield","Runesmith:GrandSlam"],"picked":"Runesmith:CreatorForm","floor":16},{"not_picked":["Runesmith:Malloc","Runesmith:EnergizedChisel+1"],"picked":"Runesmith:ChiselStab","floor":18},{"not_picked":["Runesmith:ChargedHammer","Runesmith:ShiftingStrike"],"picked":"Runesmith:PoweredAnvil","floor":20},{"not_picked":["Runesmith:EnergizedChisel","Runesmith:Duplicate"],"picked":"Runesmith:PoweredAnvil","floor":23},{"not_picked":["Runesmith:HeatExchange","Runesmith:EarthShield"],"picked":"Runesmith:Grindstone","floor":25},{"not_picked":["Runesmith:ChiselStab","Runesmith:CraftProtectio","Runesmith:ShiftingStrike+1"],"picked":"SKIP","floor":30},{"not_picked":["Runesmith:DuctTape","Runesmith:ReplicatingBarrier"],"picked":"Runesmith:MetallurgicalResearch","floor":33},{"not_picked":["Runesmith:ChiselStab+1","Runesmith:UnstableHammer+1","Runesmith:CraftMagma+1"],"picked":"SKIP","floor":35},{"not_picked":["Runesmith:EnergizedChisel+1","Runesmith:CraftProtectio+1"],"picked":"Runesmith:GoWithTheFlow","floor":36},{"not_picked":["Runesmith:Overpower","Runesmith:ShiftingStrike+1","Runesmith:CraftMagma"],"picked":"SKIP","floor":38},{"not_picked":["Runesmith:Grindstone","Runesmith:HeatedChisel+1","Runesmith:PerfectChisel+1"],"picked":"SKIP","floor":40},{"not_picked":["Runesmith:Discharge","Runesmith:EnergizedChisel+1","Runesmith:ChiselStab+1"],"picked":"SKIP","floor":46},{"not_picked":["Runesmith:Overpower+1","Runesmith:ChargedHammer","Runesmith:Malloc+1"],"picked":"SKIP","floor":48},{"not_picked":["Runesmith:ChiselStab","Runesmith:StaticCage"],"picked":"Runesmith:BackupBattery","floor":54}],"player_experience":669651,"relics_obtained":[{"floor":7,"key":"Toy Ornithopter"},{"floor":9,"key":"Chameleon Ring"},{"floor":12,"key":"ReplayTheSpireMod:Shallot"},{"floor":23,"key":"Meat on the Bone"},{"floor":26,"key":"Replay:Rubber Ducky"},{"floor":40,"key":"War Paint"},{"floor":45,"key":"CatCart"},{"floor":46,"key":"CrazyTorch:ReiMu"},{"floor":54,"key":"Bag of Preparation"}],"event_choices":[{"damage_healed":0,"gold_gain":0,"player_choice":"Bought 1 Potion","damage_taken":0,"max_hp_gain":0,"max_hp_loss":0,"event_name":"The Woman in Blue","floor":2,"gold_loss":0},{"damage_healed":0,"gold_gain":0,"player_choice":"Grow","damage_taken":0,"max_hp_gain":0,"max_hp_loss":0,"event_name":"Living Wall","floor":11,"gold_loss":0,"cards_upgraded":["Runesmith:CraftFirestone"]},{"damage_healed":0,"gold_gain":0,"cards_transformed":["Runesmith:Strike_RS"],"player_choice":"Transformed","damage_taken":0,"max_hp_gain":0,"max_hp_loss":0,"event_name":"Transmorgrifier","floor":13,"gold_loss":0,"cards_obtained":["Runesmith:Permafrost"]},{"damage_healed":0,"gold_gain":0,"player_choice":"Ignored","damage_taken":0,"max_hp_gain":0,"max_hp_loss":0,"event_name":"N\u0027loth","floor":21,"gold_loss":0},{"damage_healed":0,"gold_gain":0,"player_choice":"Rummage","damage_taken":0,"relics_obtained":["WarpedTongs"],"max_hp_gain":0,"max_hp_loss":0,"event_name":"Accursed Blacksmith","floor":22,"gold_loss":0,"cards_obtained":["Pain"]},{"cards_removed":["Pain"],"damage_healed":0,"gold_gain":0,"player_choice":"Purged","damage_taken":0,"max_hp_gain":0,"max_hp_loss":0,"event_name":"Purifier","floor":27,"gold_loss":0},{"damage_healed":0,"gold_gain":3,"player_choice":"4","damage_taken":0,"max_hp_gain":0,"max_hp_loss":0,"event_name":"betterStone:BetterStone","floor":39,"gold_loss":0,"cards_obtained":["Runesmith:Firestorm"]},{"damage_healed":0,"gold_gain":0,"player_choice":"Fight","damage_taken":0,"max_hp_gain":0,"max_hp_loss":0,"event_name":"OrinTheCat","floor":45,"gold_loss":0},{"damage_healed":0,"gold_gain":0,"player_choice":"Max HP","damage_taken":0,"max_hp_gain":0,"max_hp_loss":4,"event_name":"Winding Halls","floor":47,"gold_loss":0}],"is_beta":false,"boss_relics":[{"not_picked":["Busted Crown","RedLine:ReiMu"],"picked":"Replay:Grab Bag"},{"not_picked":["ReplayTheSpireMod:Onyx Gauntlets","energizedSpire:DeadBattery"],"picked":"infinitespire:Cupcake"},{"not_picked":["Cursed Key","Fusion Hammer"],"picked":"Replay:Bronze Core"},{"not_picked":["Black Star","Astrolabe"],"picked":"SacredBark"},{"not_picked":["Honey Jar","aspiration:RunicSpoon"],"picked":"Painkiller Herb"}],"items_purged_floors":[4,4,10,19,31,37,41],"is_endless":false,"potions_floor_spawned":[5,14,16,23,30,36,40,45,48,54],"ascension_level":0}}