{"host":"ewfe3cr33ktd9xzj","time":1609831455,"event":{"mods":["AchievementEnabler","BaseMod","Colored Map","Custom Start","DeckTracker","Minty Spire (QoL Compilation)","Permanent Neow","Rare Cards Sparkle","StSLib","everything is the same but u backflip on backflip"],"gold_per_floor":[111,111,111,130,180,211,230,249,249,267,39,39,39,39],"floor_reached":13,"playtime":240,"items_purged":["Strike_G"],"score":220,"play_id":"1f19026f-df53-42fb-8f69-24089a7f4a68","local_time":"20210105162415","is_ascension_mode":true,"campfire_choices":[{"data":"Venomology","floor":12,"key":"SMITH"}],"circlet_count":0,"master_deck":["AscendersBane","Strike_G","Strike_G","Strike_G","Defend_G","Defend_G","Defend_G","Defend_G","Defend_G","Survivor","Neutralize","Skewer","Dagger Throw","Caltrops","Escape Plan","Venomology+1"],"relics":["Ring of the Snake","NeowsBlessing","Pantograph","Kunai"],"acts_visited":["Exordium"],"potions_floor_usage":[],"damage_taken":[{"damage":0,"enemies":"Small Slimes","floor":1,"turns":1},{"damage":0,"enemies":"Cultist","floor":4,"turns":1},{"damage":0,"enemies":"Gremlin Nob","floor":6,"turns":1},{"damage":9,"enemies":"Jaw Worm","floor":7,"turns":6},{"damage":7,"enemies":"Blue Slaver","floor":8,"turns":4},{"damage":12,"enemies":"Exordium Wildlife","floor":10,"turns":4},{"damage":0,"enemies":"Lagavulin","floor":13,"turns":1}],"seed_played":"4025889980210010565","potions_obtained":[{"floor":1,"key":"Explosive Potion"},{"floor":6,"key":"Poison Potion"}],"is_trial":false,"path_per_floor":["M","?","?","M","?","E","M","M","T","M","$","R","E"],"character_chosen":"THE_SILENT","items_purchased":["Venomology"],"campfire_rested":0,"item_purchase_floors":[11],"current_hp_per_floor":[59,64,57,57,57,57,48,41,41,29,29,29,29,29],"gold":39,"neow_bonus":"THREE_ENEMY_KILL","is_daily":false,"chose_seed":false,"campfire_upgraded":1,"win_rate":0.0,"timestamp":1609831455,"path_taken":["M","?","?","M","?","E","M","M","T","?","$","R","E"],"items_purchased_type":["Card"],"build_version":"2020-12-22","purchased_purges":1,"victory":false,"max_hp_per_floor":[66,71,71,71,71,71,71,71,71,71,71,71,71,71],"card_choices":[{"not_picked":["Reflex","Deflect"],"picked":"Skewer","floor":1},{"not_picked":["Expertise","Poisoned Stab"],"picked":"Dagger Throw","floor":4},{"not_picked":["Underhanded Strike","Leg Sweep"],"picked":"Caltrops","floor":6},{"not_picked":["Blade Dance","Catalyst","Accuracy"],"picked":"SKIP","floor":7},{"not_picked":["Dagger Throw","Bane"],"picked":"Escape Plan","floor":8},{"not_picked":["Sucker Punch","Reflex","Cloak And Dagger"],"picked":"SKIP","floor":10}],"player_experience":21183,"relics_obtained":[{"floor":6,"key":"Pantograph"},{"floor":9,"key":"Kunai"}],"event_choices":[{"damage_healed":0,"gold_gain":0,"player_choice":"Donut","damage_taken":0,"max_hp_gain":5,"max_hp_loss":0,"event_name":"Big Fish","floor":2,"gold_loss":0},{"cards_removed":["Strike_G"],"damage_healed":0,"gold_gain":0,"player_choice":"Card Removal","damage_taken":7,"max_hp_gain":0,"max_hp_loss":0,"event_name":"Golden Wing","floor":3,"gold_loss":0},{"damage_healed":0,"gold_gain":50,"player_choice":"Pray","damage_taken":0,"max_hp_gain":0,"max_hp_loss":0,"event_name":"Golden Shrine","floor":5,"gold_loss":0}],"is_beta":false,"boss_relics":[],"items_purged_floors":[11],"is_endless":false,"potions_floor_spawned":[1,6],"killed_by":"Lagavulin","ascension_level":20}}