{"host":"cz8vy971tc8wa11k","time":1609834010,"event":{"mods":["2.2 Compatiblity","BaseMod","Challenge The Spire","Colored Powertips","Downfall","GifTheSpireLib","Glutton Mod","GungeonMod","Minty Spire (QoL Compilation)","Prisma Mod","Rare Cards Sparkle","Remilia??????","Robot Space Explorer","Spicy Shops","StSLib","Stuff the Spire","The Dragon Tamer","The Druid","WarShipGirlsR/????R mod"],"gold_per_floor":[112,127,137,148,148,148,173,184,211,231,263,277,277,290,290,389,389,389,389],"floor_reached":18,"playtime":727,"items_purged":[],"score":201,"play_id":"95802348-8e45-4e0e-92e2-99a087ca81ff","local_time":"20210105030650","is_ascension_mode":false,"campfire_choices":[{"data":"StuffTheSpire:Innocence","floor":6.0,"key":"SMITH"},{"data":"RobotSpaceExplorer:Electropulse","floor":15.0,"key":"SMITH"}],"circlet_count":0,"master_deck":["RobotSpaceExplorer:Strike","RobotSpaceExplorer:Strike","RobotSpaceExplorer:Strike","RobotSpaceExplorer:Strike","RobotSpaceExplorer:Defend","RobotSpaceExplorer:Defend","RobotSpaceExplorer:Defend","RobotSpaceExplorer:Defend","RobotSpaceExplorer:Scan","RobotSpaceExplorer:MiniLasers","RobotSpaceExplorer:FrostMissile","RobotSpaceExplorer:Discharger","RobotSpaceExplorer:Electropulse+1","RobotSpaceExplorer:HighVoltage","StuffTheSpire:Innocence+1","RobotSpaceExplorer:FrostMissile","RobotSpaceExplorer:SlimeMissile","RobotSpaceExplorer:ScrapMissile","RobotSpaceExplorer:HighVoltage","RobotSpaceExplorer:DoubleFind","Parasite","RobotSpaceExplorer:Electropulse","RobotSpaceExplorer:Comet"],"relics":["RobotSpaceExplorer:RoboCore","NeowsBlessing","StuffTheSpire:Experiment12","PreservedInsect","StuffTheSpire:SapphireSignet","Coffee Dripper"],"acts_visited":["Exordium","TheCity"],"potions_floor_usage":[],"damage_taken":[{"damage":0.0,"enemies":"Cultist","floor":1.0,"turns":1.0},{"damage":0.0,"enemies":"2 Louse","floor":2.0,"turns":1.0},{"damage":0.0,"enemies":"Small Slimes","floor":3.0,"turns":1.0},{"damage":6.0,"enemies":"Blue Slaver","floor":4.0,"turns":3.0},{"damage":13.0,"enemies":"3 Sentries","floor":7.0,"turns":4.0},{"damage":0.0,"enemies":"Exordium Wildlife","floor":8.0,"turns":1.0},{"damage":0.0,"enemies":"3 Louse","floor":10.0,"turns":2.0},{"damage":0.0,"enemies":"Lagavulin","floor":11.0,"turns":4.0},{"damage":0.0,"enemies":"Looter","floor":12.0,"turns":3.0},{"damage":2.0,"enemies":"2 Fungi Beasts","floor":14.0,"turns":2.0},{"damage":24.0,"enemies":"Slime Boss","floor":16.0,"turns":7.0},{"damage":2,"enemies":"Chosen","floor":18,"turns":4}],"seed_played":"-788773396571932318","potions_obtained":[{"floor":1.0,"key":"Energy Potion"},{"floor":3.0,"key":"BlessingOfTheForge"},{"floor":4.0,"key":"ColorlessPotion"},{"floor":12.0,"key":"champ:CounterPotion"},{"floor":16.0,"key":"RobotSpaceExplorer:PlasmaFlask"}],"is_trial":false,"path_per_floor":["M","M","M","M","?","R","E","M","T","M","E","M","?","M","R","B",null,"M"],"character_chosen":"RobotSpaceExplorer","items_purchased":[],"campfire_rested":0,"item_purchase_floors":[],"current_hp_per_floor":[75,75,75,69,62,62,49,49,49,49,49,49,67,65,65,45,75,73,73],"gold":389,"neow_bonus":"THREE_ENEMY_KILL","is_daily":false,"chose_seed":false,"campfire_upgraded":2,"win_rate":0.0,"timestamp":1609834010,"path_taken":["M","M","M","M","?","R","E","M","T","M","E","M","?","M","R","BOSS","M"],"items_purchased_type":[],"build_version":"2020-12-22","purchased_purges":0,"victory":false,"max_hp_per_floor":[75,75,75,75,75,75,75,75,75,75,75,75,75,75,75,75,75,75,75],"card_choices":[{"not_picked":["RobotSpaceExplorer:Ammunition","RobotSpaceExplorer:Jetpack"],"picked":"RobotSpaceExplorer:FrostMissile","floor":1.0},{"not_picked":["RobotSpaceExplorer:ShockKick","RobotSpaceExplorer:ScrapMissile"],"picked":"RobotSpaceExplorer:Discharger","floor":2.0},{"not_picked":["RobotSpaceExplorer:StunGrenade","RobotSpaceExplorer:Pulsar"],"picked":"RobotSpaceExplorer:Electropulse","floor":3.0},{"not_picked":["RobotSpaceExplorer:Counterblock","RobotSpaceExplorer:FranticSearch"],"picked":"RobotSpaceExplorer:HighVoltage","floor":4.0},{"not_picked":["RobotSpaceExplorer:SurgingStrike","RobotSpaceExplorer:MetalStrike"],"picked":"RobotSpaceExplorer:FrostMissile","floor":7.0},{"not_picked":["RobotSpaceExplorer:ImprovisedAttack","RobotSpaceExplorer:StarDust"],"picked":"RobotSpaceExplorer:SlimeMissile","floor":8.0},{"not_picked":["RobotSpaceExplorer:MetalStrike","RobotSpaceExplorer:SwiftStep"],"picked":"RobotSpaceExplorer:ScrapMissile","floor":10.0},{"not_picked":["RobotSpaceExplorer:Ammunition","RobotSpaceExplorer:Fix"],"picked":"RobotSpaceExplorer:HighVoltage","floor":11.0},{"not_picked":["RobotSpaceExplorer:FranticSearch","RobotSpaceExplorer:GlueSpray"],"picked":"RobotSpaceExplorer:DoubleFind","floor":12.0},{"not_picked":["RobotSpaceExplorer:ImprovisedAttack","RobotSpaceExplorer:ScrapMissile"],"picked":"RobotSpaceExplorer:Electropulse","floor":14.0},{"not_picked":["RobotSpaceExplorer:Arsenal","RobotSpaceExplorer:Accelerator"],"picked":"RobotSpaceExplorer:Comet","floor":16.0}],"player_experience":261385,"relics_obtained":[{"floor":7.0,"key":"StuffTheSpire:Experiment12"},{"floor":9.0,"key":"PreservedInsect"},{"floor":11.0,"key":"StuffTheSpire:SapphireSignet"}],"event_choices":[{"damage_healed":18.0,"max_hp_gain":0.0,"max_hp_loss":0.0,"gold_gain":0.0,"event_name":"Mushrooms","player_choice":"Healed and dodged fight","floor":13.0,"gold_loss":0.0,"damage_taken":0.0,"cards_obtained":["Parasite"]}],"is_beta":false,"boss_relics":[{"not_picked":["StuffTheSpire:Kangaroo","StuffTheSpire:RunicConfusion"],"picked":"Coffee Dripper"}],"items_purged_floors":[],"is_endless":false,"potions_floor_spawned":[1,3,4,12,14,16],"killed_by":"Chosen","ascension_level":0}}