{"host":"7krnriczr1b2ou5r","time":1609850643,"event":{"mods":["BaseMod","Keyboard Shortcuts","Minty Spire (QoL Compilation)","Relic Stats","StSLib"],"gold_per_floor":[110,110,122,197,16,44,60,60,60,75,75,108,108,121,121,197,197,236,249,6,23,23,53,53,81,81,81,142,52,327,355,355,432,432,450,469,469,485,485,520,520,545,545,545,545,557,60,90,90,90,90,90,90,90,120,120],"floor_reached":57,"playtime":1888,"items_purged":["Strike_P","Strike_P","Defend_P"],"score":3237,"play_id":"4e0aa4f1-3de8-4ad9-a5b4-fb363f21f7cb","local_time":"20210105214403","is_ascension_mode":true,"campfire_choices":[{"data":"Eruption","floor":8,"key":"SMITH"},{"data":"Tantrum","floor":11,"key":"SMITH"},{"data":"Halt","floor":15,"key":"SMITH"},{"data":"MentalFortress","floor":24,"key":"SMITH"},{"data":"Omniscience","floor":32,"key":"SMITH"},{"data":"Wish","floor":41,"key":"SMITH"},{"data":"MentalFortress","floor":44,"key":"PURGE"},{"data":"Defend_P","floor":49,"key":"PURGE"},{"data":"InnerPeace","floor":53,"key":"SMITH"}],"circlet_count":0,"master_deck":["AscendersBane","Eruption+1","Vigilance+1","Wallop+1","InnerPeace+1","Tantrum+1","FlurryOfBlows","Halt+1","Adaptation+1","Wish+1","MentalFortress+1","Omniscience+1","DeusExMachina","Omniscience+1","MentalFortress+1","EmptyFist+1"],"relics":["PureWater","NeowsBlessing","StoneCalendar","Matryoshka","Centennial Puzzle","Meat on the Bone","Toy Ornithopter","VioletLotus","Shuriken","Molten Egg 2","Bottled Lightning","Ornamental Fan","Anchor","Mercury Hourglass","Peace Pipe","Sozu","Potion Belt","TungstenRod","Eternal Feather","Bottled Tornado","War Paint","Mummified Hand","Vajra"],"acts_visited":["Exordium","TheCity","TheBeyond","TheEnding"],"potions_floor_usage":[10,19,19,42],"damage_taken":[{"damage":0,"enemies":"Jaw Worm","floor":1,"turns":1},{"damage":0,"enemies":"Small Slimes","floor":3,"turns":1},{"damage":0,"enemies":"3 Sentries","floor":6,"turns":2},{"damage":6,"enemies":"2 Louse","floor":7,"turns":2},{"damage":0,"enemies":"Lots of Slimes","floor":10,"turns":2},{"damage":35,"enemies":"Lagavulin","floor":12,"turns":4},{"damage":0,"enemies":"2 Fungi Beasts","floor":14,"turns":3},{"damage":12,"enemies":"Slime Boss","floor":16,"turns":7},{"damage":3,"enemies":"3 Byrds","floor":18,"turns":4},{"damage":16,"enemies":"Shell Parasite","floor":19,"turns":3},{"damage":12,"enemies":"Snake Plant","floor":21,"turns":4},{"damage":9,"enemies":"Book of Stabbing","floor":23,"turns":4},{"damage":5,"enemies":"Gremlin Leader","floor":25,"turns":4},{"damage":18,"enemies":"Snecko","floor":28,"turns":6},{"damage":3,"enemies":"Slavers","floor":31,"turns":4},{"damage":20,"enemies":"Collector","floor":33,"turns":3},{"damage":0,"enemies":"Orb Walker","floor":35,"turns":1},{"damage":0,"enemies":"3 Shapes","floor":36,"turns":1},{"damage":0,"enemies":"Sphere and 2 Shapes","floor":38,"turns":1},{"damage":2,"enemies":"Reptomancer","floor":40,"turns":4},{"damage":0,"enemies":"Nemesis","floor":42,"turns":3},{"damage":0,"enemies":"3 Darklings","floor":46,"turns":2},{"damage":0,"enemies":"Giant Head","floor":48,"turns":4},{"damage":0,"enemies":"Time Eater","floor":50,"turns":4},{"damage":0,"enemies":"Donu and Deca","floor":51,"turns":4},{"damage":0,"enemies":"Shield and Spear","floor":55,"turns":2},{"damage":18,"enemies":"The Heart","floor":56,"turns":6}],"seed_played":"-5044159355193367078","potions_obtained":[{"floor":1,"key":"Explosive Potion"},{"floor":3,"key":"FairyPotion"},{"floor":12,"key":"Energy Potion"},{"floor":16,"key":"GamblersBrew"},{"floor":18,"key":"AttackPotion"},{"floor":28,"key":"FairyPotion"},{"floor":31,"key":"Block Potion"}],"is_trial":false,"path_per_floor":["M","?","M","?","$","E","M","R","T","M","R","E","?","M","R","B",null,"M","M","$","M","?","E","R","E","T","?","M","$","?","E","R","B",null,"M","M","?","M","?","E","R","E","T","R","?","M","$","E","R","B","B",null,"R","$","E","B",null],"character_chosen":"WATCHER","items_purchased":["EmptyFist","InnerPeace","Shuriken","MentalFortress","DeusExMachina","Bottled Tornado","War Paint","EmptyFist+1"],"campfire_rested":0,"item_purchase_floors":[5,5,20,29,29,47,47,47],"current_hp_per_floor":[61,35,35,24,24,24,18,18,18,30,30,32,32,44,44,44,62,59,53,53,41,41,44,44,39,39,20,14,14,14,23,23,15,59,59,59,59,59,59,57,57,62,62,71,71,71,71,71,73,73,73,73,73,73,73,55],"gold":120,"neow_bonus":"THREE_ENEMY_KILL","is_daily":false,"chose_seed":false,"campfire_upgraded":7,"win_rate":0.0,"timestamp":1609850643,"path_taken":["M","?","M","?","$","E","M","R","T","M","R","E","?","?","R","BOSS","M","M","$","M","?","E","R","E","T","?","M","$","?","E","R","BOSS","M","?","?","M","?","E","R","E","T","R","?","M","?","E","R","BOSS","BOSS","R","$","E","BOSS"],"items_purchased_type":["Card","Card","Relic","Card","Card","Relic","Relic","Card"],"build_version":"2020-12-22","purchased_purges":3,"victory":true,"max_hp_per_floor":[68,68,68,68,68,68,68,68,68,68,68,68,68,68,68,68,68,68,68,68,68,68,68,68,68,68,73,73,73,73,73,73,73,73,73,73,73,73,73,73,73,73,73,73,73,73,73,73,73,73,73,73,73,73,73,73],"relic_stats":{"counters":[27,86],"StoneCalendar":[4],"Eternal Feather":11,"War Paint":["Vigilance","Omniscience"],"Mercury Hourglass":[298],"Peace Pipe":2,"Sozu":5,"Centennial Puzzle":[36],"Shuriken":[50],"Ornamental Fan":[164],"Mummified Hand":[21],"VioletLotus":[31],"obtain_stats":[{"Potion Belt":40,"NeowsBlessing":0,"Vajra":55,"StoneCalendar":2,"Eternal Feather":43,"Bottled Tornado":47,"War Paint":47,"Mercury Hourglass":26,"Peace Pipe":31,"Sozu":34,"Centennial Puzzle":9,"Anchor":26,"Matryoshka":6,"Shuriken":20,"Ornamental Fan":25,"Mummified Hand":48,"Molten Egg 2":23,"VioletLotus":17,"Bottled Lightning":24,"PureWater":0,"Toy Ornithopter":12,"TungstenRod":42,"Meat on the Bone":9},{"Potion Belt":20,"NeowsBlessing":0,"Vajra":26,"StoneCalendar":1,"Eternal Feather":21,"Bottled Tornado":22,"War Paint":22,"Mercury Hourglass":13,"Peace Pipe":15,"Sozu":16,"Centennial Puzzle":4,"Anchor":13,"Matryoshka":3,"Shuriken":10,"Ornamental Fan":13,"Mummified Hand":23,"Molten Egg 2":12,"VioletLotus":8,"Bottled Lightning":12,"PureWater":0,"Toy Ornithopter":6,"TungstenRod":21,"Meat on the Bone":4},{"Potion Belt":61,"NeowsBlessing":0,"Vajra":80,"StoneCalendar":1,"Eternal Feather":64,"Bottled Tornado":66,"War Paint":66,"Mercury Hourglass":41,"Peace Pipe":51,"Sozu":54,"Centennial Puzzle":6,"Anchor":41,"Matryoshka":4,"Shuriken":29,"Ornamental Fan":41,"Mummified Hand":70,"Molten Egg 2":37,"VioletLotus":22,"Bottled Lightning":37,"PureWater":0,"Toy Ornithopter":12,"TungstenRod":64,"Meat on the Bone":6}],"Toy Ornithopter":15,"TungstenRod":14,"Meat on the Bone":96},"card_choices":[{"not_picked":["Crescendo","WindmillStrike"],"picked":"Wallop","floor":1},{"not_picked":["FlyingSleeves","ClearTheMind","Study"],"picked":"SKIP","floor":3},{"not_picked":["FlurryOfBlows","DevaForm"],"picked":"Tantrum","floor":6},{"not_picked":["BowlingBash","EmptyFist","Vengeance"],"picked":"SKIP","floor":7},{"not_picked":["BowlingBash","EmptyFist","Vengeance"],"picked":"SKIP","floor":7},{"not_picked":["JustLucky","Crescendo"],"picked":"FlurryOfBlows","floor":10},{"not_picked":["ThirdEye","PathToVictory","Prostrate"],"picked":"SKIP","floor":12},{"not_picked":["InnerPeace","Collect"],"picked":"Halt","floor":14},{"not_picked":["Establishment","Brilliance"],"picked":"Wish","floor":16},{"not_picked":["Wallop","Crescendo","Weave+1"],"picked":"SKIP","floor":18},{"not_picked":["FollowUp+1","WaveOfTheHand"],"picked":"MentalFortress","floor":19},{"not_picked":["FollowUp","Crescendo","Prostrate"],"picked":"SKIP","floor":21},{"not_picked":["ThirdEye+1","Halt"],"picked":"Omniscience","floor":23},{"not_picked":["Wish","Indignation","FlyingSleeves+1"],"picked":"SKIP","floor":25},{"not_picked":["PathToVictory","EmptyBody","SashWhip+1"],"picked":"SKIP","floor":28},{"not_picked":["Protect+1","FollowUp+1","ClearTheMind"],"picked":"SKIP","floor":31},{"not_picked":["Wish","DevaForm"],"picked":"Omniscience","floor":33},{"not_picked":["Weave+1","Evaluate","Adaptation"],"picked":"SKIP","floor":35},{"not_picked":["CrushJoints+1","Sanctity+1","LikeWater+1"],"picked":"SKIP","floor":36},{"not_picked":["Perseverance","SignatureMove+1","PathToVictory"],"picked":"SKIP","floor":38},{"not_picked":["Conclude+1","BowlingBash+1","DeusExMachina"],"picked":"SKIP","floor":40},{"not_picked":["Collect","FlyingSleeves+1","Prostrate"],"picked":"SKIP","floor":42},{"not_picked":["FlyingSleeves+1","SashWhip+1","FollowUp+1"],"picked":"SKIP","floor":46},{"not_picked":["Indignation","BowlingBash+1","Study+1"],"picked":"SKIP","floor":48},{"not_picked":["CrushJoints+1","ThirdEye","EmptyBody"],"picked":"SKIP","floor":55}],"player_experience":1065817,"relics_obtained":[{"floor":6,"key":"Matryoshka"},{"floor":9,"key":"Centennial Puzzle"},{"floor":9,"key":"Meat on the Bone"},{"floor":12,"key":"Toy Ornithopter"},{"floor":23,"key":"Molten Egg 2"},{"floor":25,"key":"Ornamental Fan"},{"floor":26,"key":"Anchor"},{"floor":26,"key":"Mercury Hourglass"},{"floor":31,"key":"Peace Pipe"},{"floor":40,"key":"Potion Belt"},{"floor":42,"key":"TungstenRod"},{"floor":43,"key":"Eternal Feather"},{"floor":48,"key":"Mummified Hand"},{"floor":55,"key":"Vajra"}],"event_choices":[{"damage_healed":0,"gold_gain":0,"player_choice":"Success","damage_taken":26,"relics_obtained":["StoneCalendar"],"max_hp_gain":0,"max_hp_loss":0,"event_name":"Scrap Ooze","floor":2,"gold_loss":0},{"damage_healed":0,"gold_gain":75,"player_choice":"Gather Gold","damage_taken":11,"max_hp_gain":0,"max_hp_loss":0,"event_name":"World of Goop","floor":4,"gold_loss":0},{"damage_healed":0,"gold_gain":0,"player_choice":"Upgraded","damage_taken":0,"max_hp_gain":0,"max_hp_loss":0,"event_name":"Upgrade Shrine","floor":13,"gold_loss":0,"cards_upgraded":["Wallop"]},{"damage_healed":0,"gold_gain":0,"player_choice":"Ignored","damage_taken":0,"max_hp_gain":0,"max_hp_loss":0,"event_name":"Ghosts","floor":22,"gold_loss":0},{"damage_healed":0,"gold_gain":0,"player_choice":"Shed Blood","damage_taken":24,"max_hp_gain":5,"max_hp_loss":0,"event_name":"Forgotten Altar","floor":27,"gold_loss":0},{"damage_healed":0,"gold_gain":275,"player_choice":"Desecrate","damage_taken":0,"max_hp_gain":0,"max_hp_loss":0,"event_name":"Golden Shrine","floor":30,"gold_loss":0,"cards_obtained":["Regret"]},{"damage_healed":0,"gold_gain":0,"player_choice":"Ignored","damage_taken":0,"max_hp_gain":0,"max_hp_loss":0,"event_name":"Tomb of Lord Red Mask","floor":37,"gold_loss":0},{"cards_removed":["EmptyFist"],"damage_healed":0,"gold_gain":0,"player_choice":"Removed Attack","damage_taken":0,"max_hp_gain":0,"max_hp_loss":0,"event_name":"Falling","floor":39,"gold_loss":0},{"damage_healed":0,"gold_gain":0,"player_choice":"Memory 1","damage_taken":0,"max_hp_gain":0,"max_hp_loss":0,"event_name":"SensoryStone","floor":45,"gold_loss":0}],"is_beta":false,"boss_relics":[{"not_picked":["Ectoplasm","SlaversCollar"],"picked":"VioletLotus"},{"not_picked":["Black Star","Coffee Dripper"],"picked":"Sozu"}],"items_purged_floors":[5,20,29],"is_endless":false,"potions_floor_spawned":[1,3,7,12,16,18,28,31,35,38,42,46,48],"ascension_level":20}}