{"host":"pletss163z7s8pvv","time":1609816237,"event":{"mods":["AchievementEnabler","BaseMod","Colored Map","Colored Powertips","Minty Spire (QoL Compilation)"],"gold_per_floor":[114,129,5,20,95,95,125,300,300,315,315,390,405,250,250,350,350,365,380,380,380,380],"floor_reached":21,"playtime":680,"items_purged":[],"score":229,"play_id":"8d612008-784d-4ada-a0b9-573780da9054","local_time":"20210104211037","daily_mods":["Shiny","Red Cards","Night Terrors"],"is_ascension_mode":false,"campfire_choices":[{"floor":6,"key":"REST"},{"data":"Judgement","floor":11,"key":"SMITH"},{"data":"Alpha","floor":15,"key":"SMITH"}],"circlet_count":0,"master_deck":["Double Tap","Demon Form","Bludgeon","Feed","Limit Break","Corruption","Barricade","Fiend Fire","Berserk","Impervious","Juggernaut","Brutality","Reaper","Exhume","Offering","Immolate","Judgement+1","ConjureBlade","MasterReality","Brilliance","Devotion","Blasphemy","Ragnarok","LessonLearned","Scrawl","Vault","Alpha+1","Wish","Omniscience","Establishment","SpiritShield","DevaForm","DeusExMachina","Clothesline+1","Conclude","FollowUp","Pray","Bloodletting","Doubt","FlyingSleeves","Spot Weakness","Omniscience","Offering","TalkToTheHand","TalkToTheHand","Writhe"],"relics":["PureWater","MealTicket","Kunai","Ornamental Fan","Philosopher\u0027s Stone","Molten Egg 2"],"acts_visited":["Exordium","TheCity"],"potions_floor_usage":[3,16,16,18,19],"damage_taken":[{"damage":20,"enemies":"Small Slimes","floor":1,"turns":6},{"damage":6,"enemies":"Jaw Worm","floor":2,"turns":1},{"damage":6,"enemies":"2 Louse","floor":4,"turns":2},{"damage":0,"enemies":"Gremlin Nob","floor":7,"turns":2},{"damage":11,"enemies":"Exordium Wildlife","floor":10,"turns":2},{"damage":34,"enemies":"3 Louse","floor":13,"turns":4},{"damage":35,"enemies":"Slime Boss","floor":16,"turns":6},{"damage":22,"enemies":"2 Thieves","floor":18,"turns":2},{"damage":36,"enemies":"Shell Parasite","floor":19,"turns":4},{"damage":29,"enemies":"Masked Bandits","floor":21,"turns":3}],"seed_played":"-8136925521176778862","potions_obtained":[{"floor":7,"key":"Ancient Potion"},{"floor":13,"key":"LiquidMemories"},{"floor":16,"key":"Block Potion"},{"floor":18,"key":"Regen Potion"}],"is_trial":false,"path_per_floor":["M","M","$","M","?","R","E","?","T","M","R","T","M","$","R","B",null,"M","M","?","?"],"character_chosen":"WATCHER","items_purchased":["Fruit Juice","FollowUp","Omniscience"],"campfire_rested":1,"item_purchase_floors":[3,3,14],"current_hp_per_floor":[52,46,51,45,34,72,72,72,72,61,61,61,27,42,42,7,72,50,30,30,1,1],"gold":380,"neow_bonus":"","is_daily":true,"chose_seed":false,"campfire_upgraded":2,"win_rate":0.0,"timestamp":1609816237,"path_taken":["M","M","$","M","?","R","E","?","T","M","R","?","M","$","R","BOSS","M","M","?","?"],"items_purchased_type":["Potion","Card","Card"],"build_version":"2020-12-22","purchased_purges":0,"victory":false,"max_hp_per_floor":[72,72,77,77,77,72,72,72,72,72,72,72,72,72,72,72,72,72,72,72,72,72],"card_choices":[{"not_picked":["Headbutt","Armaments"],"picked":"Clothesline","floor":1},{"not_picked":["JustLucky","MasterReality"],"picked":"Conclude","floor":2},{"not_picked":["MentalFortress","WheelKick"],"picked":"Pray","floor":4},{"not_picked":["FlyingSleeves","Havoc"],"picked":"Bloodletting","floor":7},{"not_picked":["Indignation","Whirlwind"],"picked":"FlyingSleeves","floor":10},{"not_picked":["Wallop","Indignation"],"picked":"Spot Weakness","floor":13},{"not_picked":["Vault","DevaForm"],"picked":"Offering","floor":16},{"not_picked":["EmptyFist+1","Clash"],"picked":"TalkToTheHand","floor":18},{"not_picked":["Hemokinesis","Halt+1"],"picked":"TalkToTheHand","floor":19}],"player_experience":407882,"relics_obtained":[{"floor":7,"key":"MealTicket"},{"floor":9,"key":"Kunai"},{"floor":12,"key":"Ornamental Fan"}],"event_choices":[{"damage_healed":0,"gold_gain":75,"player_choice":"Gather Gold","damage_taken":11,"max_hp_gain":0,"max_hp_loss":0,"event_name":"World of Goop","floor":5,"gold_loss":0},{"damage_healed":0,"gold_gain":175,"player_choice":"AGREE","damage_taken":0,"max_hp_gain":0,"max_hp_loss":0,"event_name":"Liars Game","floor":8,"gold_loss":0,"cards_obtained":["Doubt"]},{"damage_healed":0,"gold_gain":0,"player_choice":"Opened","damage_taken":0,"relics_obtained":["Molten Egg 2"],"max_hp_gain":0,"max_hp_loss":0,"event_name":"The Mausoleum","floor":20,"gold_loss":0,"cards_obtained":["Writhe"]},{"damage_healed":0,"gold_gain":0,"player_choice":"Fought Bandits","damage_taken":0,"max_hp_gain":0,"max_hp_loss":0,"event_name":"Masked Bandits","floor":21,"gold_loss":0}],"is_beta":false,"boss_relics":[{"not_picked":["Astrolabe","Snecko Eye"],"picked":"Philosopher\u0027s Stone"}],"items_purged_floors":[],"is_endless":false,"potions_floor_spawned":[7,13,16,18],"killed_by":"Masked Bandits","ascension_level":0}}