{"host":"d87lowmkmbc7rbf5","time":1609872367,"event":{"mods":["BaseMod","Beaked The Cultist","Conspire","Downfall","Infinite Spire","Minty Spire (QoL Compilation)","Rare Cards Sparkle","Replay The Spire","Shop Mod","StSLib"],"gold_per_floor":[111,131,150,168,168,193,84,84,84,101,101,101,129,143,143,266,266,330,71,80,103,117,117,136,136,136,53,53,74,110,140,140,261,261,278,290,302,37,55,55,75,75,102,102,102,149,3,63,63,77],"floor_reached":51,"playtime":6685,"items_purged":["beaked:Cower"],"score":876,"play_id":"37cd9800-27d5-448e-9c08-87ec6d44f087","local_time":"20210105134607","daily_mods":["Vintage","Flight"],"is_ascension_mode":false,"campfire_choices":[{"data":"beaked:Ceremony","floor":8,"key":"SMITH"},{"data":"beaked:Ceremony","floor":12,"key":"SMITH"},{"data":"beaked:Defend_Y","floor":15,"key":"SMITH"},{"data":"infinitespire:SevenWalls","floor":23,"key":"SMITH"},{"data":"beaked:Overpower","floor":25,"key":"SMITH"},{"data":"beaked:Overpower+1","floor":28,"key":"SMITH"},{"data":"beaked:SacrificialScars","floor":32,"key":"SMITH"},{"data":"beaked:SacrificialScars+1","floor":40,"key":"SMITH"},{"data":"beaked:Overpower+2","floor":42,"key":"SMITH"},{"data":"beaked:Overpower+3","floor":44,"key":"SMITH"}],"circlet_count":0,"master_deck":["beaked:Strike_Y","beaked:Strike_Y","beaked:Strike_Y","beaked:Strike_Y","beaked:Strike_Y","beaked:Strike_Y","beaked:Defend_Y","beaked:Defend_Y","beaked:Defend_Y","beaked:Defend_Y","beaked:Ceremony","beaked:Ceremony+1","beaked:Ceremony+1","beaked:BraceForImpact","beaked:Insight","beaked:Evade","beaked:SacrificialScars+2","beaked:Overpower+4","beaked:Windmill","infinitespire:SevenWalls+1","beaked:Hexing","beaked:Windmill+1","Pot Of Greed","beaked:LiftOff","Pot Of Greed+1","beaked:Evade","PanicButton","beaked:ScreechingChant","beaked:Tweet","beaked:Flinch+1"],"relics":["beaked:MendingPlumage","Lantern","Replay:Towering Pillar of Hats","MealTicket","conspire:InfiniteJournal","MerchantsRug","infinitespire:Midas Blood","CeramicFish","Nunchaku","conspire:TopHat","Mango","Strawberry","sneckomod:SneckoTalon","Torii","Replay:Rubber Ducky","Bag of Preparation","Matryoshka","infinitespire:Satchel","ReplayTheSpireMod:Shallot","Orichalcum","Whetstone","Grinning Jar","Black Star","ReplayTheSpireMod:Lightbulb","War Paint","BargainBundle","Simple Rune","Guardian:PocketSentry","Vajra","Mummified Hand","Juzu Bracelet","CaptainsWheel","conspire:GiftBox","Art of War","infinitespire:Eraser"],"acts_visited":["Exordium","TheCity","TheBeyond"],"potions_floor_usage":[19,24,24,33,50,50],"damage_taken":[{"damage":17.0,"enemies":"Cultist","floor":1.0,"turns":5.0},{"damage":11.0,"enemies":"Small Slimes","floor":2.0,"turns":4.0},{"damage":6,"enemies":"Jaw Worm","floor":3,"turns":5},{"damage":5,"enemies":"Looter","floor":4,"turns":4},{"damage":27,"enemies":"Lagavulin","floor":6,"turns":8},{"damage":19,"enemies":"2 Fungi Beasts","floor":10,"turns":4},{"damage":24,"enemies":"3 Louse","floor":13,"turns":5},{"damage":18,"enemies":"Blue Slaver","floor":14,"turns":6},{"damage":25,"enemies":"Fading Forest","floor":16,"turns":11},{"damage":43,"enemies":"3 Byrds","floor":18,"turns":9},{"damage":8,"enemies":"Spheric Guardian","floor":21,"turns":5},{"damage":12,"enemies":"Cultist and Chosen","floor":22,"turns":6},{"damage":6,"enemies":"Centurion and Healer","floor":24,"turns":6},{"damage":6,"enemies":"Snake Plant","floor":29,"turns":2},{"damage":0,"enemies":"conspire:SneckoGhost","floor":30,"turns":5},{"damage":6,"enemies":"conspire:HollyBat","floor":31,"turns":7},{"damage":7,"enemies":"Champ","floor":33,"turns":9},{"damage":0,"enemies":"3 Shapes","floor":35,"turns":4},{"damage":0,"enemies":"Orb Walker","floor":36,"turns":5},{"damage":7,"enemies":"3 Darklings","floor":37,"turns":7},{"damage":7,"enemies":"Spire Growth","floor":39,"turns":5},{"damage":8,"enemies":"Jaw Worm Horde","floor":41,"turns":5},{"damage":15,"enemies":"Nightmare","floor":46,"turns":6},{"damage":53,"enemies":"Awakened One","floor":50,"turns":9}],"seed_played":"-1424106442342826982","potions_obtained":[{"floor":2,"key":"SpeedPotion"},{"floor":4,"key":"GamblersBrew"},{"floor":6,"key":"Dexterity Potion"},{"floor":16,"key":"EntropicBrew"},{"floor":18,"key":"Energy Potion"},{"floor":21,"key":"Adrenaline Potion"},{"floor":31,"key":"Strength Potion"},{"floor":39,"key":"SneckoOil"},{"floor":41,"key":"Strength Potion"},{"floor":48,"key":"LiquidMemories"}],"is_trial":true,"path_per_floor":["M","M","M","M","?","E","$","R","T","M","$","R","M","M","R","B",null,"M","$","AVR","M","M","R","M","R","T","$","R","M","E","M","R","B",null,"M","M","M","$","M","R","M","R","T","R","?","NM","$","?","R","B",null],"character_chosen":"BEAKED_THE_CULTIST","items_purchased":["MerchantsRug","beaked:Insight","beaked:Evade","beaked:Overpower","Strawberry","beaked:Windmill","beaked:Cower","beaked:Hexing","BargainBundle","Simple Rune","beaked:Evade","PanicButton","Art of War"],"campfire_rested":0,"item_purchase_floors":[7,7,7,19,19,19,27,27,38,38,38,38,47],"current_hp_per_floor":[38,36,42,49,39,32,47,47,47,36,50,50,40,45,45,43,50,44,66,66,69,67,67,78,78,78,79,79,75,83,85,85,88,88,88,91,93,94,90,90,98,98,98,98,101,91,105,79,105,87],"gold":77,"neow_bonus":"","is_daily":false,"chose_seed":false,"campfire_upgraded":10,"win_rate":0.0,"timestamp":1609872367,"path_taken":["M","M","M","?","?","E","$","R","T","M","$","R","M","M","R","BOSS","M","$","AVR","M","M","R","M","R","T","$","R","M","E","M","R","BOSS","M","M","M","$","M","R","M","R","T","R","?","NM","$","?","R","BOSS"],"items_purchased_type":["Relic","Card","Card","Card","Relic","Card","Card","Card","Relic","Relic","Card","Card","Relic"],"build_version":"2020-12-22","purchased_purges":1,"victory":true,"max_hp_per_floor":[50,50,50,50,50,50,50,50,50,50,50,50,50,50,50,50,50,66,73,73,75,77,77,79,79,79,79,79,81,83,85,85,88,88,88,91,94,94,97,97,101,101,101,101,101,105,105,105,105,109],"card_choices":[{"not_picked":["ReplayTheSpireMod:RavenHex","beaked:Poke"],"picked":"beaked:BraceForImpact","floor":6},{"not_picked":["beaked:ShadowFade","beaked:DarkPact"],"picked":"beaked:SacrificialScars","floor":16},{"not_picked":["beaked:MimicMachine","ReplayTheSpireMod:Prepare the Ceremony+1"],"picked":"beaked:Windmill+1","floor":30},{"not_picked":["beaked:CheekyTricks","beaked:Caw"],"picked":"beaked:LiftOff","floor":33},{"not_picked":["beaked:ShadowFade","beaked:Caw"],"picked":"beaked:ScreechingChant","floor":46},{"not_picked":["beaked:Devastation+1","beaked:Poke"],"picked":"beaked:Tweet","floor":46},{"not_picked":["beaked:HuntressSpirit","beaked:Pecker"],"picked":"beaked:Flinch+1","floor":48}],"player_experience":13779,"relics_obtained":[{"floor":1.0,"key":"Lantern"},{"floor":2,"key":"Replay:Towering Pillar of Hats"},{"floor":3,"key":"infinitespire:BottledMercury"},{"floor":4,"key":"MealTicket"},{"floor":6,"key":"conspire:InfiniteJournal"},{"floor":9,"key":"infinitespire:Midas Blood"},{"floor":10,"key":"CeramicFish"},{"floor":13,"key":"Nunchaku"},{"floor":14,"key":"conspire:TopHat"},{"floor":18,"key":"Mango"},{"floor":21,"key":"Replay:Rubber Ducky"},{"floor":22,"key":"Bag of Preparation"},{"floor":24,"key":"Matryoshka"},{"floor":26,"key":"infinitespire:Satchel"},{"floor":26,"key":"ReplayTheSpireMod:Shallot"},{"floor":29,"key":"Orichalcum"},{"floor":30,"key":"Whetstone"},{"floor":31,"key":"Grinning Jar"},{"floor":35,"key":"ReplayTheSpireMod:Lightbulb"},{"floor":36,"key":"War Paint"},{"floor":37,"key":"InkBottle"},{"floor":39,"key":"Guardian:PocketSentry"},{"floor":41,"key":"Vajra"},{"floor":43,"key":"Mummified Hand"},{"floor":43,"key":"Juzu Bracelet"},{"floor":46,"key":"CaptainsWheel"},{"floor":46,"key":"conspire:GiftBox"},{"floor":48,"key":"infinitespire:Eraser"}],"event_choices":[{"damage_healed":0,"gold_gain":0,"player_choice":"Entered Light","damage_taken":10,"max_hp_gain":0,"max_hp_loss":0,"event_name":"Shining Light","floor":5,"gold_loss":0,"cards_upgraded":["beaked:Defend_Y","beaked:Defend_Y"]},{"cards_removed":["Pot Of Greed"],"damage_healed":5,"gold_gain":0,"player_choice":"Offered Special","damage_taken":0,"max_hp_gain":0,"max_hp_loss":0,"event_name":"Bonfire Elementals","floor":45,"gold_loss":0}],"is_beta":false,"boss_relics":[{"not_picked":["Cursed Key","Replay:Drink Me","beaked:MawFillet"]},{"not_picked":["Honey Jar","SacredBark"],"picked":"Black Star"}],"items_purged_floors":[38],"is_endless":false,"potions_floor_spawned":[2,4,6,16,18,21,22,31,39,41],"ascension_level":0}}