{"host":"2lrkmsuh7nz013qb","time":1609843249,"event":{"mods":["BaseMod","Colored Map","DeckTracker","Minty Spire (QoL Compilation)","SuperFastMode","everything is the same but u backflip on backflip"],"gold_per_floor":[112,187,202,71,71,71,84,9,9,19,19,39,51,51,51,124,174,188,188,188,188,188,188,188,188],"floor_reached":24,"playtime":624,"items_purged":["Strike_G"],"score":372,"play_id":"8c77dd1e-d8f0-4bd3-a18e-e5f9e71da645","local_time":"20210105194049","is_ascension_mode":true,"campfire_choices":[{"data":"Cloak And Dagger","floor":6.0,"key":"SMITH"},{"data":"Accuracy","floor":11.0,"key":"SMITH"},{"floor":15.0,"key":"REST"},{"data":"Accuracy","floor":23,"key":"SMITH"}],"circlet_count":0,"master_deck":["AscendersBane","Strike_G","Strike_G","Strike_G","Defend_G","Defend_G","Defend_G","Defend_G","Survivor","Neutralize","Prepared+1","Accuracy+1","Cloak And Dagger+1","Accuracy+1","Backflip","Acrobatics","Acrobatics+1"],"relics":["Ring of the Snake","Tiny House","MutagenicStrength","Happy Flower"],"acts_visited":["Exordium","TheCity"],"potions_floor_usage":[21],"damage_taken":[{"damage":3.0,"enemies":"Small Slimes","floor":1.0,"turns":6.0},{"damage":3.0,"enemies":"Jaw Worm","floor":3.0,"turns":5.0},{"damage":6.0,"enemies":"Cultist","floor":7.0,"turns":4.0},{"damage":13.0,"enemies":"Exordium Thugs","floor":10.0,"turns":6.0},{"damage":3.0,"enemies":"Blue Slaver","floor":12.0,"turns":4.0},{"damage":0.0,"enemies":"3 Louse","floor":13.0,"turns":3.0},{"damage":22.0,"enemies":"Slime Boss","floor":16.0,"turns":9.0},{"damage":21.0,"enemies":"3 Byrds","floor":18.0,"turns":8.0},{"damage":0,"enemies":"Chosen","floor":21,"turns":2},{"damage":47,"enemies":"Snecko","floor":24,"turns":6}],"seed_played":"-5703271788761799982","potions_obtained":[{"floor":5.0,"key":"Dexterity Potion"},{"floor":5.0,"key":"Energy Potion"},{"floor":7.0,"key":"BlessingOfTheForge"},{"floor":10.0,"key":"LiquidMemories"},{"floor":12.0,"key":"CunningPotion"},{"floor":16.0,"key":"SneckoOil"},{"floor":17.0,"key":"SmokeBomb"}],"is_trial":false,"path_per_floor":["M","?","M","$","?","R","M","$","T","M","R","M","M","$","R","B",null,"M","?","?","M","?","R","M"],"character_chosen":"THE_SILENT","items_purchased":["Accuracy","Cloak And Dagger"],"campfire_rested":1,"item_purchase_floors":[4,4],"current_hp_per_floor":[41,30,27,27,27,27,21,21,21,8,8,5,5,5,24,2,55,34,34,34,34,34,34,0,0],"gold":188,"neow_bonus":"REMOVE_TWO","is_daily":false,"chose_seed":false,"campfire_upgraded":3,"win_rate":0.0,"timestamp":1609843249,"path_taken":["M","?","M","$","?","R","M","$","T","M","R","?","M","?","R","BOSS","M","?","?","?","?","R","M"],"items_purchased_type":["Card","Card"],"build_version":"2020-12-22","purchased_purges":1,"victory":false,"max_hp_per_floor":[66,66,66,66,66,66,66,66,66,66,66,66,66,66,66,66,71,71,71,71,71,71,71,71,71],"card_choices":[{"not_picked":["Outmaneuver","Bane"],"picked":"Prepared","floor":1.0},{"not_picked":["Riddle With Holes","Noxious Fumes","Dash"],"picked":"SKIP","floor":3.0},{"not_picked":["Masterful Stab","All Out Attack"],"picked":"Accuracy","floor":7.0},{"not_picked":["Footwork","Deadly Poison"],"picked":"Backflip","floor":10.0},{"not_picked":["Infinite Blades","Deadly Poison"],"picked":"Acrobatics","floor":12.0},{"not_picked":["Caltrops","Acrobatics","Sucker Punch"],"picked":"SKIP","floor":13.0},{"not_picked":["Eviscerate","Slice"],"picked":"Acrobatics+1","floor":18.0}],"player_experience":728092,"relics_obtained":[],"event_choices":[{"damage_healed":0.0,"max_hp_gain":0.0,"max_hp_loss":0.0,"gold_gain":75.0,"event_name":"World of Goop","player_choice":"Gather Gold","floor":2.0,"gold_loss":0.0,"damage_taken":11.0},{"damage_healed":0.0,"max_hp_gain":0.0,"max_hp_loss":0.0,"gold_gain":0.0,"event_name":"Lab","player_choice":"Got Potions","floor":5.0,"gold_loss":0.0,"damage_taken":0.0},{"damage_healed":0,"gold_gain":0,"player_choice":"Inject Mutagens","damage_taken":0,"relics_obtained":["MutagenicStrength"],"max_hp_gain":0,"max_hp_loss":0,"event_name":"Drug Dealer","floor":19,"gold_loss":0},{"damage_healed":0,"gold_gain":0,"player_choice":"Gave Potion","damage_taken":0,"relics_obtained":["Happy Flower"],"max_hp_gain":0,"max_hp_loss":0,"event_name":"WeMeetAgain","floor":20,"gold_loss":0},{"damage_healed":0,"gold_gain":0,"player_choice":"Ignored","damage_taken":0,"max_hp_gain":0,"max_hp_loss":0,"event_name":"Ghosts","floor":22,"gold_loss":0}],"is_beta":false,"boss_relics":[{"not_picked":["Busted Crown","Coffee Dripper"],"picked":"Tiny House"}],"items_purged_floors":[8],"is_endless":false,"potions_floor_spawned":[7,10,12,16,21],"killed_by":"Snecko","ascension_level":20}}