{"host":"34w8p723gpcx9kua","time":1609865465,"event":{"mods":["Act Like it!","BaseMod","ChefMod","Colored Map","Colored Powertips","Googly Eyes","Hallownest","Lobotomy","Minty Spire (QoL Compilation)","Prisma Mod","StSLib","The IronCluck","The Marked","Yakumo Yukari mod"],"gold_per_floor":[387,387,401,401,401,444,444,459,459,459,254,254,254,268,268,392,455,471,396,396,396,410,410,443,457,457,457,582,595,595,595,595,723,723,742,760,778,778,799,799,521,540,540,540,452,472,317,317,317,317],"floor_reached":51,"playtime":6224,"items_purged":["AT_purpleEX"],"score":665,"play_id":"833b3149-b56d-48c8-a4ba-aa8fbec083cd","local_time":"20210105165105","is_ascension_mode":false,"campfire_choices":[{"floor":7,"key":"REST"},{"data":"PositiveMatter_Antimatter_Universe_purple","floor":12,"key":"SMITH"},{"data":"CommonSense_AntiCommonSense_purple","floor":15,"key":"SMITH"},{"floor":23,"key":"REST"},{"data":"Line_surface_state_purple","floor":30,"key":"SMITH"},{"floor":32,"key":"REST"},{"data":"OpenedBox_purple","floor":40,"key":"SMITH"},{"data":"Apotheosis","floor":44,"key":"SMITH"},{"floor":49,"key":"REST"}],"circlet_count":0,"master_deck":["AT_purpleEX","AT_purpleEX","AT_purpleEX","Defend_purpleEX","Defend_purpleEX","Defend_purpleEX","Defend_purpleEX","Observe_purple_1","Observe_purple_2","PositiveMatter_Antimatter_Universe_purple+1","OpenedBox_purple+1","Line_surface_state_purple+1","Charmbait_purple","Bait_HighSpeedFlying_purple","CommonSense_AntiCommonSense_purple+1","Parasite","Charmbait_purple","BarrageBoundary_PipeDream_purple+1","StateErode_purple","Shallow_ocean_purpleEX+1","Shallow_ocean_purpleEX+1","Fantasy_PerpetualMotionMachine_purple+1","DimensionStaggered_purple","EighthInstrument_OneDividesIntoTwo_purple+1","BarrageBoundary_PipeDream_purple+1","Nest_LightFlightworm_purple+1","MonsterNeedle_purple+1","Apotheosis+1","Finesse","Umbrella_purple+1","Mirror_FourBoundary_purple","Fantasy_PerpetualMotionMachine_purple","Mayhem"],"relics":["Boundary_crack","Memoryfragments_purpleEX","HornCleat","Golden Idol","Mercury Hourglass","Question Card","ThegodofHakurei_purpleEX","Tiny House","Enchiridion","Bottled Lightning","Molten Egg 2","Mummified Hand","MutagenicStrength","Parasol_purpleEX","Bottled Tornado","Darkstone Periapt","Runic Pyramid","Mango"],"acts_visited":["Exordium","TheCity","TheBeyond"],"potions_floor_usage":[16,16,22,22,22,24,28,28,33,50],"damage_taken":[{"damage":4,"enemies":"2 Louse","floor":1,"turns":3},{"damage":6,"enemies":"Small Slimes","floor":3,"turns":4},{"damage":28,"enemies":"3 Sentries","floor":6,"turns":7},{"damage":6,"enemies":"Jaw Worm","floor":8,"turns":3},{"damage":0,"enemies":"2 Fungi Beasts","floor":10,"turns":3},{"damage":2,"enemies":"Blue Slaver","floor":14,"turns":3},{"damage":20,"enemies":"The Guardian","floor":16,"turns":8},{"damage":18,"enemies":"Shell Parasite","floor":18,"turns":6},{"damage":17,"enemies":"3 Byrds","floor":22,"turns":4},{"damage":25,"enemies":"Gremlin Leader","floor":24,"turns":7},{"damage":1,"enemies":"Cultist and Chosen","floor":25,"turns":3},{"damage":7,"enemies":"Colosseum Slavers","floor":28,"turns":3},{"damage":0,"enemies":"Colosseum Nobs","floor":28,"turns":3},{"damage":0,"enemies":"Sentry and Sphere","floor":29,"turns":3},{"damage":10,"enemies":"Collector","floor":33,"turns":4},{"damage":14,"enemies":"3 Darklings","floor":35,"turns":3},{"damage":0,"enemies":"3 Shapes","floor":36,"turns":1},{"damage":0,"enemies":"Jaw Worm Horde","floor":37,"turns":2},{"damage":5,"enemies":"3 Darklings","floor":39,"turns":3},{"damage":0,"enemies":"Transient","floor":42,"turns":5},{"damage":10,"enemies":"Maw","floor":46,"turns":5},{"damage":10,"enemies":"Time Eater","floor":50,"turns":7}],"seed_played":"7482897513876300597","potions_obtained":[{"floor":6,"key":"Regen Potion"},{"floor":14,"key":"Dexterity Potion"},{"floor":17,"key":"EntropicBrew"},{"floor":18,"key":"LiquidBronze"},{"floor":25,"key":"Regen Potion"},{"floor":28,"key":"Ancient Potion"},{"floor":29,"key":"Ancient Potion"},{"floor":39,"key":"GamblersBrew"},{"floor":46,"key":"SneckoOil"}],"is_trial":false,"path_per_floor":["M","?","M","?","T","E","R","M","T","M","$","R","?","M","R","B",null,"M","?","?","T","M","R","E","M","T","?","?","M","R","?","R","B",null,"M","M","M","?","M","R","$","M","T","R","$","M","$","?","R","B",null],"character_chosen":"Youkari","items_purchased":["Charmbait_purple","Bait_HighSpeedFlying_purple","CommonSense_AntiCommonSense_purple","Apotheosis","Finesse","Umbrella_purple+1","Mirror_FourBoundary_purple","Fantasy_PerpetualMotionMachine_purple"],"campfire_rested":4,"item_purchase_floors":[11,11,11,41,41,45,45,47],"current_hp_per_floor":[60,57,52,52,52,27,45,40,40,41,41,41,56,59,59,58,68,55,55,39,39,29,49,29,33,33,33,36,45,45,45,65,55,68,54,57,61,61,61,61,61,66,80,80,80,75,75,75,82,72],"gold":317,"neow_bonus":"TWO_FIFTY_GOLD","is_daily":false,"chose_seed":false,"campfire_upgraded":5,"win_rate":0.0,"timestamp":1609865465,"path_taken":["M","?","M","?","?","E","R","M","T","M","$","R","?","?","R","BOSS","M","?","?","?","M","R","E","M","T","?","?","M","R","?","R","BOSS","M","M","?","?","M","R","$","M","T","R","$","?","$","?","R","BOSS"],"items_purchased_type":["Card","Card","Card","Card","Card","Card","Card","Card"],"build_version":"2020-12-22","purchased_purges":1,"victory":true,"max_hp_per_floor":[63,63,63,63,63,63,63,63,63,63,63,63,63,63,63,63,68,68,68,68,68,68,68,68,68,68,68,68,68,68,68,68,68,68,68,68,68,68,68,68,68,68,82,82,82,82,82,82,82,82],"card_choices":[{"not_picked":["AdvanceAttack_purple","MeetDecomposer_purple"],"picked":"PositiveMatter_Antimatter_Universe_purple","floor":1},{"not_picked":["Erosivefilter_purple","StateDuplicate_purple","ExistenceContinue_purple"],"picked":"SKIP","floor":3},{"not_picked":["Realm_recovery_purpleEX","WeekHit_purple"],"picked":"OpenedBox_purple","floor":6},{"not_picked":["Boundary_DreamRealityDamnation_purple","AdvanceAttack_purple","Worldmountain_purple"],"picked":"Line_surface_state_purple","floor":8},{"not_picked":["SharpContractionReality_purple","DarkRealmRedLine_purple","MetroBOOM_purple","Bait_Toxicbait_purple"],"picked":"SKIP","floor":10},{"not_picked":["Realm_recovery_purpleEX","Boundary_LightAndDark_purple","Boundary_DynamicStaticEquilibrium_purple"],"picked":"Charmbait_purple","floor":14},{"not_picked":["MagicEyes_LaplaceDemon_purple","Monsters_DoubleDeathButterfly_purple","LoveAcrossDimensions_purple"],"picked":"BarrageBoundary_PipeDream_purple","floor":16},{"not_picked":["Line_surface_state_purple","OmniscientAndOmnipotent_Monster_purple","AdvanceAttack_purple"],"picked":"StateErode_purple","floor":17},{"not_picked":["Bait_HighSpeedFlying_purple+1","RuleDissolution_purple","RuptureOfTimeAndSpace_purple","StateErode_purple+1"],"picked":"SKIP","floor":18},{"not_picked":["RealityDreamConfluencek_purple","MeetDecomposer_purple+1","OmniscientAndOmnipotent_Monster_purple+1"],"picked":"Shallow_ocean_purpleEX+1","floor":22},{"not_picked":["ExistenceContinue_purple+1","Worldmountain_purple+1","Charmbait_purple+1"],"picked":"Shallow_ocean_purpleEX+1","floor":24},{"not_picked":["StateDuplicate_purple+1","UniverseChoice_purple","OmniscientAndOmnipotent_Monster_purple+1"],"picked":"Fantasy_PerpetualMotionMachine_purple+1","floor":25},{"not_picked":["Mirror_FormAndEmptin_purple","StateDuplicate_purple","ExistenceContinue_purple+1"],"picked":"DimensionStaggered_purple","floor":28},{"not_picked":["WeekHit_purple+1","MonsterNeedle_purple+1","Worldmountain_purple+1"],"picked":"EighthInstrument_OneDividesIntoTwo_purple+1","floor":29},{"not_picked":["GluttonyofRealm_purpleEX+1","LoveAcrossDimensions_purple","Price_of_realm_purpleEX"],"picked":"BarrageBoundary_PipeDream_purple+1","floor":33},{"not_picked":["Charmbait_purple+1","PurpleNeedle_purple+1","AdvanceAttack_purple+1"],"picked":"Nest_LightFlightworm_purple+1","floor":35},{"not_picked":["Mirror_Drifter_purple+1","Umbrella_purple+1","RuleDissolution_purple"],"picked":"MonsterNeedle_purple","floor":36},{"not_picked":["DimensionStaggered_purple","OmniscientAndOmnipotent_Monster_purple+1","ExistenceContinue_purple+1","Mirror_WaveAndshot_purple"],"picked":"SKIP","floor":37},{"not_picked":["Mirror_Drifter_purple+1","Extrememeaning_purpleEX","Boundary_LightAndDark_purple+1","ExistenceContinue_purple+1"],"picked":"SKIP","floor":39},{"not_picked":["Fantasy_PerpetualMotionMachine_purple","OmniscientAndOmnipotent_Monster_purple+1","Mirror_FormAndEmptin_purple","PurpleNeedle_purple+1"],"picked":"SKIP","floor":42},{"not_picked":["StateDuplicate_purple+1","SharpContractionReality_purple+1","Worldmountain_purple+1","Boundary_LifeAndDeath_purple"],"picked":"SKIP","floor":46},{"not_picked":["Secret Weapon","Finesse","Panacea"],"picked":"Mayhem","floor":48}],"player_experience":1723,"relics_obtained":[{"floor":5,"key":"Mercury Hourglass"},{"floor":6,"key":"Question Card"},{"floor":9,"key":"ThegodofHakurei_purpleEX"},{"floor":20,"key":"Enchiridion"},{"floor":21,"key":"Bottled Lightning"},{"floor":24,"key":"Molten Egg 2"},{"floor":26,"key":"Mummified Hand"},{"floor":28,"key":"Parasol_purpleEX"},{"floor":28,"key":"Bottled Tornado"},{"floor":43,"key":"Mango"}],"event_choices":[{"damage_healed":0,"gold_gain":0,"player_choice":"Success","damage_taken":3,"relics_obtained":["HornCleat"],"max_hp_gain":0,"max_hp_loss":0,"event_name":"Scrap Ooze","floor":2,"gold_loss":0},{"damage_healed":0,"gold_gain":0,"player_choice":"Take Wound","damage_taken":0,"relics_obtained":["Golden Idol"],"max_hp_gain":0,"max_hp_loss":0,"event_name":"Golden Idol","floor":4,"gold_loss":0,"cards_obtained":["Injury"]},{"damage_healed":15,"gold_gain":0,"player_choice":"Healed and dodged fight","damage_taken":0,"max_hp_gain":0,"max_hp_loss":0,"event_name":"Mushrooms","floor":13,"gold_loss":0,"cards_obtained":["Parasite"]},{"cards_removed":["Injury"],"damage_healed":0,"gold_gain":0,"player_choice":"Gave Gold","damage_taken":0,"max_hp_gain":0,"max_hp_loss":0,"event_name":"Beggar","floor":19,"gold_loss":75},{"damage_healed":0,"gold_gain":0,"player_choice":"Obtained Book","damage_taken":16,"max_hp_gain":0,"max_hp_loss":0,"event_name":"Cursed Tome","floor":20,"gold_loss":0},{"damage_healed":0,"gold_gain":0,"player_choice":"Inject Mutagens","damage_taken":0,"relics_obtained":["MutagenicStrength"],"max_hp_gain":0,"max_hp_loss":0,"event_name":"Drug Dealer","floor":27,"gold_loss":0},{"damage_healed":0,"gold_gain":0,"player_choice":"Fight","damage_taken":0,"max_hp_gain":0,"max_hp_loss":0,"event_name":"Colosseum","floor":28,"gold_loss":0},{"damage_healed":0,"gold_gain":0,"player_choice":"Fought Nobs","damage_taken":0,"max_hp_gain":0,"max_hp_loss":0,"event_name":"Colosseum","floor":28,"gold_loss":0},{"damage_healed":0,"gold_gain":0,"player_choice":"Gave Potion","damage_taken":0,"relics_obtained":["Darkstone Periapt"],"max_hp_gain":0,"max_hp_loss":0,"event_name":"WeMeetAgain","floor":31,"gold_loss":0},{"damage_healed":0,"gold_gain":0,"player_choice":"Upgraded","damage_taken":0,"max_hp_gain":0,"max_hp_loss":0,"event_name":"Upgrade Shrine","floor":38,"gold_loss":0,"cards_upgraded":["MonsterNeedle_purple"]},{"damage_healed":0,"gold_gain":0,"player_choice":"Memory 1","damage_taken":0,"max_hp_gain":0,"max_hp_loss":0,"event_name":"SensoryStone","floor":48,"gold_loss":0}],"is_beta":false,"boss_relics":[{"not_picked":["Ectoplasm","Runic Dome"],"picked":"Tiny House"},{"not_picked":["Black Star","Fusion Hammer"],"picked":"Runic Pyramid"}],"items_purged_floors":[47],"is_endless":false,"potions_floor_spawned":[6,14,18,25,28,28,29,39,46],"ascension_level":0}}