{"host":"Qube","time":1609847072,"event":{"mods":["AchievementEnabler","BaseMod","Colored Map","Colored Powertips","Minty Spire (QoL Compilation)","Quick Restart","Random Character Button","StSLib"],"gold_per_floor":[115,126,126,146,146,178,178,206,206,206,356,356,367,379,379,451,451,471,487,505,505,11,11,11],"floor_reached":23,"playtime":706,"items_purged":[],"score":382,"play_id":"c4aeb5b5-173d-47c7-a9b6-eb67b345718d","local_time":"20210105034432","is_ascension_mode":true,"campfire_choices":[{"floor":7.0,"key":"REST"},{"data":"Ragnarok","floor":10.0,"key":"SMITH"},{"floor":12.0,"key":"DIG"},{"floor":15.0,"key":"DIG"}],"circlet_count":0,"master_deck":["AscendersBane","Strike_P","Strike_P","Strike_P","Strike_P","Defend_P","Defend_P+1","Defend_P","Defend_P","Eruption","Vigilance+1","Ragnarok+1","Protect","FollowUp","Conclude","JustLucky","Doubt","SandsOfTime","Devotion+1","Wallop","Panache"],"relics":["PureWater","Shovel","Ice Cream","MealTicket","Mango","CaptainsWheel","GoldenEye","VioletLotus","Dead Branch"],"acts_visited":["Exordium","TheCity"],"potions_floor_usage":[16,18,23],"damage_taken":[{"damage":0.0,"enemies":"Jaw Worm","floor":1.0,"turns":3.0},{"damage":0.0,"enemies":"2 Louse","floor":2.0,"turns":2.0},{"damage":0.0,"enemies":"Small Slimes","floor":4.0,"turns":3.0},{"damage":7.0,"enemies":"3 Sentries","floor":6.0,"turns":3.0},{"damage":8.0,"enemies":"Lagavulin","floor":8.0,"turns":4.0},{"damage":3.0,"enemies":"Exordium Wildlife","floor":13.0,"turns":3.0},{"damage":1.0,"enemies":"Lots of Slimes","floor":14.0,"turns":3.0},{"damage":13,"enemies":"Hexaghost","floor":16,"turns":7},{"damage":0,"enemies":"Chosen","floor":18,"turns":3},{"damage":9,"enemies":"Shell Parasite","floor":19,"turns":2},{"damage":0,"enemies":"Snecko","floor":20,"turns":4},{"damage":35,"enemies":"Book of Stabbing","floor":23,"turns":6}],"seed_played":"-6101074267735458547","potions_obtained":[{"floor":1.0,"key":"Weak Potion"},{"floor":2.0,"key":"ColorlessPotion"},{"floor":6.0,"key":"LiquidBronze"},{"floor":8.0,"key":"Fire Potion"},{"floor":13.0,"key":"LiquidBronze"},{"floor":16,"key":"Energy Potion"},{"floor":20,"key":"Swift Potion"}],"is_trial":false,"path_per_floor":["M","M","?","M","?","E","R","E","T","R","?","R","M","M","R","B",null,"M","M","M","?","$","E"],"character_chosen":"WATCHER","items_purchased":["Panache","Dead Branch"],"campfire_rested":1,"item_purchase_floors":[22,22],"current_hp_per_floor":[43,43,38,38,18,11,31,23,37,37,37,37,34,33,33,20,67,67,58,58,58,73,38,38],"gold":11,"neow_bonus":"THREE_RARE_CARDS","is_daily":false,"chose_seed":false,"campfire_upgraded":1,"win_rate":0.0,"timestamp":1609847072,"path_taken":["M","M","?","M","?","E","R","E","T","R","?","R","?","M","R","BOSS","M","?","M","?","$","E"],"items_purchased_type":["Card","Relic"],"build_version":"2020-12-18","purchased_purges":0,"victory":false,"max_hp_per_floor":[68,68,68,68,68,68,68,68,82,82,82,82,82,82,82,82,82,82,82,82,82,82,82,82],"card_choices":[{"not_picked":["DeusExMachina","SpiritShield"],"picked":"Ragnarok","floor":0.0},{"not_picked":["Prostrate","Meditate"],"picked":"Protect","floor":1.0},{"not_picked":["SashWhip","FearNoEvil"],"picked":"FollowUp","floor":2.0},{"not_picked":["Halt","Vengeance"],"picked":"Conclude","floor":4.0},{"not_picked":["Conclude","Sanctity","Omniscience"],"picked":"SKIP","floor":6.0},{"not_picked":["ForeignInfluence","FlyingSleeves"],"picked":"JustLucky","floor":8.0},{"not_picked":["EmptyBody","PathToVictory"],"picked":"SandsOfTime","floor":13.0},{"not_picked":["SandsOfTime","Evaluate","BowlingBash"],"picked":"SKIP","floor":14.0},{"not_picked":["Wish","MasterReality"],"picked":"Devotion","floor":16},{"not_picked":["JustLucky","MentalFortress","Study"],"picked":"SKIP","floor":18},{"not_picked":["DeceiveReality","Consecrate"],"picked":"Wallop","floor":19},{"not_picked":["WreathOfFlame+1","EmptyFist","ClearTheMind"],"picked":"SKIP","floor":20}],"player_experience":786677,"relics_obtained":[{"floor":6.0,"key":"Ice Cream"},{"floor":8.0,"key":"MealTicket"},{"floor":9.0,"key":"Mango"},{"floor":12.0,"key":"CaptainsWheel"},{"floor":15.0,"key":"GoldenEye"}],"event_choices":[{"damage_healed":0.0,"max_hp_gain":0.0,"max_hp_loss":0.0,"gold_gain":0.0,"event_name":"Scrap Ooze","player_choice":"Success","floor":3.0,"gold_loss":0.0,"damage_taken":5.0,"relics_obtained":["Shovel"]},{"damage_healed":0.0,"max_hp_gain":0.0,"max_hp_loss":0.0,"gold_gain":0.0,"event_name":"Shining Light","player_choice":"Entered Light","floor":5.0,"gold_loss":0.0,"damage_taken":20.0,"cards_upgraded":["Vigilance","Defend_P"]},{"damage_healed":0.0,"max_hp_gain":0.0,"max_hp_loss":0.0,"gold_gain":150.0,"event_name":"Liars Game","player_choice":"AGREE","floor":11.0,"gold_loss":0.0,"damage_taken":0.0,"cards_obtained":["Doubt"]},{"damage_healed":0,"gold_gain":0,"player_choice":"Upgraded","damage_taken":0,"max_hp_gain":0,"max_hp_loss":0,"event_name":"Upgrade Shrine","floor":21,"gold_loss":0,"cards_upgraded":["Devotion"]}],"is_beta":true,"boss_relics":[{"not_picked":["Tiny House","SacredBark"],"picked":"VioletLotus"}],"items_purged_floors":[],"is_endless":false,"potions_floor_spawned":[1,2,6,8,13,16,20],"killed_by":"Book of Stabbing","ascension_level":18}}