{"host":"m77rrhbqzv44va4v","time":1609860426,"event":{"mods":["AchievementEnabler","BaseMod","Colored Map","DeckTracker","Keyboard Shortcuts","Minty Spire (QoL Compilation)","StSLib","SuperFastMode","everything is the same but u backflip on backflip"],"gold_per_floor":[119,119,294,294,66,66,99,99,99,117,67,41,76,92,92,193,193,209,209,229,58,58,58,87,87,87,87,99,433,52,78,78,181,181,200,200,200,219,219,219,251,30,55,67,97,128,153,86,86,86],"floor_reached":51,"playtime":1254,"items_purged":["Doubt","Defend_B","Strike_B","Strike_B"],"score":1148,"play_id":"b2580317-4ff4-4e2a-9e7e-589d8db2258a","local_time":"20210106002706","is_ascension_mode":true,"campfire_choices":[{"data":"Seek","floor":6.0,"key":"SMITH"},{"data":"Dualcast","floor":8.0,"key":"SMITH"},{"data":"Turbo","floor":15.0,"key":"SMITH"},{"data":"Echo Form","floor":23.0,"key":"SMITH"},{"data":"Self Repair","floor":25.0,"key":"SMITH"},{"data":"Glacier","floor":27.0,"key":"SMITH"},{"floor":32.0,"key":"REST"},{"data":"Apotheosis","floor":40,"key":"SMITH"},{"floor":44,"key":"REST"},{"data":"Creative AI","floor":49,"key":"SMITH"}],"circlet_count":0,"master_deck":["AscendersBane","Strike_B+1","Defend_B","Defend_B+1","Defend_B","Zap","Dualcast+1","Ball Lightning","Seek+1","Ball Lightning","Reinforced Body","Conserve Battery","Turbo+1","Echo Form+1","White Noise+1","Self Repair+1","Glacier+1","Compile Driver+1","Undo","Apotheosis+1","Defragment","Buffer","Thunder Strike","Hologram+1","Loop","Redo+1","Creative AI+1","Steam Power+1"],"relics":["FrozenCore","NeowsBlessing","Thread and Needle","Gremlin Horn","Calipers","Sozu","White Beast Statue","Tiny Chest","Old Coin","Bronze Scales","Singing Bowl","Toxic Egg 2","MawBank"],"acts_visited":["Exordium","TheCity","TheBeyond"],"potions_floor_usage":[],"damage_taken":[{"damage":0.0,"enemies":"Small Slimes","floor":1.0,"turns":1.0},{"damage":0.0,"enemies":"3 Sentries","floor":7.0,"turns":1.0},{"damage":0.0,"enemies":"2 Louse","floor":10.0,"turns":1.0},{"damage":7.0,"enemies":"Gremlin Nob","floor":13.0,"turns":3.0},{"damage":0.0,"enemies":"Jaw Worm","floor":14.0,"turns":2.0},{"damage":3.0,"enemies":"The Guardian","floor":16.0,"turns":11.0},{"damage":7.0,"enemies":"Shell Parasite","floor":18.0,"turns":6.0},{"damage":8.0,"enemies":"Chosen","floor":20.0,"turns":5.0},{"damage":24.0,"enemies":"Slavers","floor":24.0,"turns":7.0},{"damage":1.0,"enemies":"3 Cultists","floor":28.0,"turns":4.0},{"damage":27.0,"enemies":"Gremlin Leader","floor":29.0,"turns":7.0},{"damage":17.0,"enemies":"Collector","floor":33.0,"turns":12.0},{"damage":0.0,"enemies":"3 Shapes","floor":35.0,"turns":5.0},{"damage":37,"enemies":"3 Darklings","floor":38,"turns":6},{"damage":7,"enemies":"Nemesis","floor":41,"turns":11},{"damage":0,"enemies":"Maw","floor":45,"turns":8},{"damage":21,"enemies":"Jaw Worm Horde","floor":46,"turns":5},{"damage":14,"enemies":"3 Darklings","floor":47,"turns":6},{"damage":28,"enemies":"Time Eater","floor":50,"turns":10}],"seed_played":"-7070829216755484476","potions_obtained":[{"floor":7.0,"key":"FearPotion"},{"floor":10.0,"key":"Swift Potion"},{"floor":14.0,"key":"DuplicationPotion"}],"is_trial":false,"path_per_floor":["M","?","?","?","$","R","E","R","T","M","?","$","E","M","R","B",null,"M","?","M","$","?","R","E","R","T","R","M","E","$","T","R","B",null,"M","?","?","M","T","R","E","$","T","R","M","M","M","$","R","B",null],"character_chosen":"DEFECT","items_purchased":["Seek","Conserve Battery","Self Repair","Apotheosis","Defragment","Loop","Steam Power+1"],"campfire_rested":2,"item_purchase_floors":[5,12,21,30,30,42,48],"current_hp_per_floor":[68,53,53,58,58,58,58,58,58,58,58,58,51,51,51,48,72,65,65,57,57,57,57,54,54,54,54,63,46,46,46,70,63,76,80,80,80,53,53,53,56,56,56,80,82,71,67,67,67,39],"gold":86,"neow_bonus":"THREE_ENEMY_KILL","is_daily":false,"chose_seed":false,"campfire_upgraded":8,"win_rate":0.0,"timestamp":1609860426,"path_taken":["M","?","?","?","$","R","E","R","T","M","?","$","E","M","R","BOSS","M","?","M","$","?","R","E","R","T","R","M","E","$","?","R","BOSS","M","?","?","M","?","R","E","$","T","R","M","M","M","$","R","BOSS"],"items_purchased_type":["Card","Card","Card","Card","Card","Card","Card"],"build_version":"2020-12-22","purchased_purges":4,"victory":true,"max_hp_per_floor":[75,75,75,80,80,80,80,80,80,80,80,80,80,80,80,80,80,80,80,80,80,80,80,80,80,80,80,80,80,80,80,80,80,80,80,80,80,80,80,80,80,80,80,80,82,82,82,82,82,82],"card_choices":[{"not_picked":["Redo","Compile Driver"],"picked":"Ball Lightning","floor":1.0},{"not_picked":["Hologram","Amplify"],"picked":"Ball Lightning","floor":7.0},{"not_picked":["Redo","Compile Driver"],"picked":"Reinforced Body","floor":10.0},{"not_picked":["Redo","Barrage"],"picked":"Turbo","floor":13.0},{"not_picked":["Leap","Barrage","Gash"],"picked":"SKIP","floor":14.0},{"not_picked":["Buffer","Electrodynamics"],"picked":"Echo Form","floor":16.0},{"not_picked":["Turbo","Leap"],"picked":"White Noise+1","floor":18.0},{"not_picked":["Conserve Battery","Beam Cell","Gash"],"picked":"SKIP","floor":20.0},{"not_picked":["Melter","Force Field","Steam"],"picked":"SKIP","floor":24.0},{"not_picked":["Tempest","Heatsinks"],"picked":"Compile Driver+1","floor":28.0},{"not_picked":["Go for the Eyes","Multi-Cast"],"picked":"Undo","floor":29.0},{"not_picked":["Thunder Strike","Reboot"],"picked":"Buffer","floor":33.0},{"not_picked":["Stack+1","Steam+1","Gash+1"],"picked":"SKIP","floor":35.0},{"not_picked":["Go for the Eyes+1","Chaos"],"picked":"Thunder Strike","floor":38},{"not_picked":["Glacier+1","Streamline+1"],"picked":"Hologram+1","floor":41},{"not_picked":["Beam Cell+1","Ball Lightning+1","Compile Driver+1"],"picked":"Singing Bowl","floor":45},{"not_picked":["Conserve Battery+1","Cold Snap"],"picked":"Redo+1","floor":46},{"not_picked":["Compile Driver","Streamline+1"],"picked":"Creative AI","floor":47}],"player_experience":900909,"relics_obtained":[{"floor":7.0,"key":"Thread and Needle"},{"floor":9.0,"key":"Gremlin Horn"},{"floor":13.0,"key":"Calipers"},{"floor":24.0,"key":"White Beast Statue"},{"floor":26.0,"key":"Tiny Chest"},{"floor":29.0,"key":"Old Coin"},{"floor":31.0,"key":"Bronze Scales"},{"floor":39,"key":"Singing Bowl"},{"floor":41,"key":"Toxic Egg 2"},{"floor":43,"key":"MawBank"}],"event_choices":[{"damage_healed":0.0,"max_hp_gain":0.0,"max_hp_loss":0.0,"gold_gain":0.0,"event_name":"Shining Light","player_choice":"Entered Light","floor":2.0,"gold_loss":0.0,"damage_taken":15.0,"cards_upgraded":["Strike_B","Defend_B"]},{"damage_healed":0.0,"max_hp_gain":0.0,"max_hp_loss":0.0,"gold_gain":175.0,"event_name":"Liars Game","player_choice":"AGREE","floor":3.0,"gold_loss":0.0,"damage_taken":0.0,"cards_obtained":["Doubt"]},{"damage_healed":0.0,"max_hp_gain":5.0,"max_hp_loss":0.0,"gold_gain":0.0,"event_name":"Big Fish","player_choice":"Donut","floor":4.0,"gold_loss":0.0,"damage_taken":0.0},{"cards_removed":["Strike_B"],"damage_healed":0.0,"max_hp_gain":0.0,"max_hp_loss":0.0,"gold_gain":0.0,"event_name":"The Cleric","player_choice":"Card Removal","floor":11.0,"gold_loss":50.0,"damage_taken":0.0},{"damage_healed":0.0,"max_hp_gain":0.0,"max_hp_loss":0.0,"gold_gain":0.0,"event_name":"Vampires","player_choice":"Ignored","floor":19.0,"gold_loss":0.0,"damage_taken":0.0},{"damage_healed":0.0,"max_hp_gain":0.0,"max_hp_loss":0.0,"gold_gain":0.0,"event_name":"The Library","player_choice":"Read","floor":22.0,"gold_loss":0.0,"damage_taken":0.0,"cards_obtained":["Glacier"]},{"damage_healed":0.0,"max_hp_gain":0.0,"max_hp_loss":0.0,"gold_gain":0.0,"event_name":"Tomb of Lord Red Mask","player_choice":"Ignored","floor":36.0,"gold_loss":0.0,"damage_taken":0.0},{"damage_healed":0,"gold_gain":0,"player_choice":"Ignored","damage_taken":0,"max_hp_gain":0,"max_hp_loss":0,"event_name":"Mysterious Sphere","floor":37,"gold_loss":0}],"is_beta":false,"boss_relics":[{"not_picked":["Cursed Key","Velvet Choker"],"picked":"Sozu"},{"not_picked":["Black Star","Coffee Dripper"],"picked":"FrozenCore"}],"items_purged_floors":[5,21,30,42],"is_endless":false,"potions_floor_spawned":[7,10,14,20,28,29,33,35,38,41,45,46,47],"ascension_level":11}}