{"host":"jn2qdns2nxijvlnt","time":1609825894,"event":{"mods":["BaseMod","Minty Spire (QoL Compilation)","Quick Restart"],"gold_per_floor":[113,113,130,130,19,58,58,72,96,171,204,227,3,3,3,124,187,205,120,136,156,179,179,179,179],"floor_reached":24,"playtime":1637,"items_purged":["Regret"],"score":245,"play_id":"3ac66f31-f127-4840-8c02-80c7df1bcd24","local_time":"20210105005134","is_ascension_mode":true,"campfire_choices":[{"floor":7.0,"key":"REST"},{"floor":15.0,"key":"REST"},{"floor":23.0,"key":"REST"}],"circlet_count":0,"master_deck":["Strike_G","Strike_G","Strike_G","Strike_G","Strike_G","Defend_G","Defend_G","Defend_G","Defend_G","Defend_G","Survivor","Neutralize","Flying Knee","Underhanded Strike","Infinite Blades","Heel Hook","Cloak And Dagger","Poisoned Stab","Leg Sweep","Terror","Poisoned Stab+1","Bullet Time","Poisoned Stab","Noxious Fumes","Bane"],"relics":["Ring of the Snake","NeowsBlessing","Potion Belt","Golden Idol","MealTicket","Ancient Tea Set","InkBottle","DollysMirror","Tiny House","Matryoshka"],"acts_visited":["Exordium","TheCity"],"potions_floor_usage":[24],"damage_taken":[{"damage":0.0,"enemies":"2 Louse","floor":1.0,"turns":1.0},{"damage":0.0,"enemies":"Jaw Worm","floor":3.0,"turns":1.0},{"damage":0.0,"enemies":"3 Sentries","floor":6.0,"turns":2.0},{"damage":0.0,"enemies":"Small Slimes","floor":8.0,"turns":2.0},{"damage":15.0,"enemies":"Lagavulin","floor":11.0,"turns":6.0},{"damage":1.0,"enemies":"3 Louse","floor":12.0,"turns":3.0},{"damage":1.0,"enemies":"Exordium Thugs","floor":14.0,"turns":2.0},{"damage":38.0,"enemies":"Slime Boss","floor":16.0,"turns":12.0},{"damage":5.0,"enemies":"Chosen","floor":18.0,"turns":5.0},{"damage":26.0,"enemies":"Spheric Guardian","floor":20.0,"turns":6.0},{"damage":18.0,"enemies":"Cultist and Chosen","floor":21.0,"turns":5.0},{"damage":29.0,"enemies":"Snecko","floor":22.0,"turns":6.0},{"damage":16,"enemies":"Book of Stabbing","floor":24,"turns":4}],"seed_played":"3736841384275086035","potions_obtained":[{"floor":1.0,"key":"Explosive Potion"},{"floor":3.0,"key":"Poison Potion"},{"floor":11.0,"key":"Dexterity Potion"},{"floor":12.0,"key":"SmokeBomb"},{"floor":17.0,"key":"Fruit Juice"},{"floor":20.0,"key":"ColorlessPotion"},{"floor":22.0,"key":"AttackPotion"}],"is_trial":false,"path_per_floor":["M","?","M","?","$","E","R","M","T","?","E","M","$","M","R","B",null,"M","?","M","M","M","R","E"],"character_chosen":"THE_SILENT","items_purchased":["Infinite Blades","Terror","DollysMirror"],"campfire_rested":3,"item_purchase_floors":[5,13,13],"current_hp_per_floor":[70,70,70,53,53,53,70,70,70,59,44,43,58,57,70,32,80,75,75,49,31,2,26,10,10],"gold":179,"neow_bonus":"THREE_ENEMY_KILL","is_daily":false,"chose_seed":false,"campfire_upgraded":0,"win_rate":0.0,"timestamp":1609825894,"path_taken":["M","?","M","?","$","E","R","M","T","?","E","M","$","M","R","BOSS","M","?","M","M","M","R","E"],"items_purchased_type":["Card","Card","Relic"],"build_version":"2020-12-22","purchased_purges":1,"victory":false,"max_hp_per_floor":[70,70,70,70,70,70,70,70,70,70,70,70,70,70,70,70,80,80,80,80,80,80,80,80,80],"card_choices":[{"not_picked":["Riddle With Holes","Catalyst"],"picked":"Flying Knee","floor":1.0},{"not_picked":["Endless Agony","Prepared"],"picked":"Underhanded Strike","floor":3.0},{"not_picked":["Prepared","Cloak And Dagger"],"picked":"Heel Hook","floor":6.0},{"not_picked":["Calculated Gamble","Prepared"],"picked":"Cloak And Dagger","floor":8.0},{"not_picked":["Calculated Gamble","Footwork"],"picked":"Poisoned Stab","floor":11.0},{"not_picked":["Tools of the Trade","Acrobatics"],"picked":"Leg Sweep","floor":12.0},{"not_picked":["Malaise","Storm of Steel"],"picked":"Bullet Time","floor":16.0},{"not_picked":["Tactician","Acrobatics"],"picked":"Poisoned Stab","floor":17.0},{"not_picked":["Eviscerate","Infinite Blades+1"],"picked":"Noxious Fumes","floor":18.0},{"not_picked":["Crippling Poison","Reflex"],"picked":"Bane","floor":20.0},{"not_picked":["Terror","Bouncing Flask","Dodge and Roll"],"picked":"SKIP","floor":21.0},{"not_picked":["Cloak And Dagger","Slice","Leg Sweep"],"picked":"SKIP","floor":22.0}],"player_experience":465056,"relics_obtained":[{"floor":6.0,"key":"MealTicket"},{"floor":9.0,"key":"Ancient Tea Set"},{"floor":11.0,"key":"InkBottle"}],"event_choices":[{"damage_healed":0.0,"max_hp_gain":0.0,"max_hp_loss":0.0,"gold_gain":0.0,"event_name":"Big Fish","player_choice":"Box","floor":2.0,"gold_loss":0.0,"damage_taken":0.0,"relics_obtained":["Potion Belt"],"cards_obtained":["Regret"]},{"damage_healed":0.0,"max_hp_gain":0.0,"max_hp_loss":0.0,"gold_gain":0.0,"event_name":"Golden Idol","player_choice":"Take Damage","floor":4.0,"gold_loss":0.0,"damage_taken":17.0,"relics_obtained":["Golden Idol"]},{"damage_healed":0.0,"max_hp_gain":0.0,"max_hp_loss":0.0,"gold_gain":75.0,"event_name":"World of Goop","player_choice":"Gather Gold","floor":10.0,"gold_loss":0.0,"damage_taken":11.0},{"damage_healed":0.0,"max_hp_gain":0.0,"max_hp_loss":0.0,"gold_gain":0.0,"event_name":"Addict","player_choice":"Obtained Relic","floor":19.0,"gold_loss":85.0,"damage_taken":0.0,"relics_obtained":["Matryoshka"]}],"is_beta":false,"boss_relics":[{"not_picked":["Velvet Choker","Runic Pyramid"],"picked":"Tiny House"}],"items_purged_floors":[5],"is_endless":false,"potions_floor_spawned":[1,3,11,12,20,22],"killed_by":"Book of Stabbing","ascension_level":1}}