{"host":"skzt5oiq3jmvln28","time":1609832523,"event":{"mods":["AchievementEnabler","Act Like it!","BaseMod","GifTheSpireLib","Minty Spire (QoL Compilation)","StSLib","The Animator"],"gold_per_floor":[130,130,148,0,0,0,16,42,42,52,66,91,91,109,109,222,247,263,203,220,232,257,257,114,127,152,252,276,290,315,215,215,318,343,358,358,2,16,26,26,25,25,50,69,69,82,98,115,115,115],"floor_reached":51,"playtime":7310,"items_purged":["Writhe","animator:Strike"],"score":595,"play_id":"540f4a1b-392e-48a9-aab7-007192dca7b1","local_time":"20210104234203","is_ascension_mode":false,"campfire_choices":[{"data":"animator:DolaSchwi","floor":6.0,"key":"SMITH"},{"data":"animator:CowGirl","floor":13.0,"key":"SMITH"},{"data":"animator:Yuuichirou","floor":15.0,"key":"SMITH"},{"data":"animator:Gilgamesh+4","floor":23.0,"key":"SMITH"},{"data":"animator:DolaStephanie","floor":32.0,"key":"SMITH"},{"data":"animator:Lancer","floor":40.0,"key":"SMITH"},{"data":"animator:Shinoa","floor":42.0,"key":"SMITH"},{"data":"animator:ChlammyZell","floor":49,"key":"SMITH"}],"circlet_count":0,"master_deck":["animator:Strike_NoGameNoLife","animator:Defend_NoGameNoLife","animator:Strike","animator:Strike","animator:Defend","animator:Defend","animator:Defend","animator:DolaSchwi+1","animator:DolaCouronne","animator:CowGirl+1","animator:Mitsuba","animator:DolaSchwi+1","animator:Darkness","animator:IzunaHatsuse","animator:Priestess","animator:Gilgamesh+10","animator:Yuuichirou+1","animator:HigakiRinne","animator:DolaStephanie+1","animator:EmiyaShirou","animator:DolaStephanie+1","animator:FielNirvalen","animator:DolaRiku","animator:ChlammyZell+1","animator:Mitsuba+1","animator:Lancer+1","animator:Shinoa+1","animator:UneriGinkaku+1","animator:RinTohsaka"],"relics":["animator:LivingPicture","animator:TheMissingPiece","WingedGreaves","Incense Burner","Mercury Hourglass","Coffee Dripper","InkBottle","Bird Faced Urn","Unceasing Top","MutagenicStrength","animator:CursedBlade","Ginger","Red Mask","Toy Ornithopter"],"acts_visited":[],"potions_floor_usage":[50,50,50,50,50],"damage_taken":[{"damage":0.0,"enemies":"2 Louse","floor":1.0,"turns":4.0},{"damage":0.0,"enemies":"Cultist","floor":3.0,"turns":4.0},{"damage":0.0,"enemies":"Jaw Worm","floor":7.0,"turns":4.0},{"damage":4.0,"enemies":"Exordium Thugs","floor":8.0,"turns":4.0},{"damage":0.0,"enemies":"Blue Slaver","floor":10.0,"turns":4.0},{"damage":0.0,"enemies":"Large Slime","floor":11.0,"turns":6.0},{"damage":0.0,"enemies":"Looter","floor":14.0,"turns":3.0},{"damage":3.0,"enemies":"Hexaghost","floor":16.0,"turns":8.0},{"damage":1.0,"enemies":"2 Thieves","floor":18.0,"turns":4.0},{"damage":5.0,"enemies":"Shell Parasite","floor":20.0,"turns":4.0},{"damage":0.0,"enemies":"Centurion and Healer","floor":21.0,"turns":6.0},{"damage":0.0,"enemies":"Sentry and Sphere","floor":25.0,"turns":5.0},{"damage":0.0,"enemies":"Snecko","floor":28.0,"turns":5.0},{"damage":0.0,"enemies":"Centurion and Healer","floor":29.0,"turns":5.0},{"damage":3.0,"enemies":"Champ","floor":33.0,"turns":9.0},{"damage":0.0,"enemies":"3 Shapes","floor":35.0,"turns":5.0},{"damage":0.0,"enemies":"3 Darklings","floor":38.0,"turns":6.0},{"damage":0.0,"enemies":"Jaw Worm Horde","floor":39.0,"turns":4.0},{"damage":3.0,"enemies":"Maw","floor":44.0,"turns":7.0},{"damage":11.0,"enemies":"3 Darklings","floor":46.0,"turns":4.0},{"damage":4.0,"enemies":"Jaw Worm Horde","floor":47.0,"turns":4.0},{"damage":0.0,"enemies":"Transient","floor":48.0,"turns":5.0},{"damage":35,"enemies":"Donu and Deca","floor":50,"turns":10}],"seed_played":"-7277832326769465254","potions_obtained":[{"floor":3.0,"key":"SpeedPotion"},{"floor":7.0,"key":"ColorlessPotion"},{"floor":8.0,"key":"Fire Potion"},{"floor":16.0,"key":"Fire Potion"},{"floor":18.0,"key":"LiquidBronze"},{"floor":25.0,"key":"AttackPotion"},{"floor":29.0,"key":"Fire Potion"},{"floor":38.0,"key":"Weak Potion"},{"floor":46.0,"key":"Energy Potion"},{"floor":47.0,"key":"EntropicBrew"}],"is_trial":false,"path_per_floor":["M","?","M","$","?","R","M","M","T","M","M","T","R","M","R","B",null,"M","?","M","M","?","R","$","M","T","?","M","M","?","$","R","B",null,"M","?","$","M","M","R","?","R","T","M","?","M","M","M","R","B",null],"character_chosen":"THE_ANIMATOR","items_purchased":["animator:Yoichi","animator:DolaSchwi","animator:Darkness","animator:FielNirvalen","animator:Lancer","Ginger"],"campfire_rested":0,"item_purchase_floors":[4,4,4,24,37,37],"current_hp_per_floor":[60,60,60,60,60,60,60,56,56,57,57,57,57,57,57,54,61,61,61,56,56,56,56,56,60,60,60,62,63,63,63,63,62,63,63,60,60,60,60,60,60,60,60,58,58,51,54,58,58,34],"gold":115,"neow_bonus":"ONE_RARE_RELIC","is_daily":false,"chose_seed":false,"campfire_upgraded":8,"win_rate":0.0,"timestamp":1609832523,"path_taken":["M","?","?","$","?","R","M","M","T","M","M","?","R","M","R","BOSS","M","?","M","M","?","R","$","M","T","?","?","M","?","$","R","BOSS","M","?","$","M","M","R","?","R","T","M","?","M","?","M","R","BOSS"],"items_purchased_type":["Card","Card","Card","Card","Card","Relic"],"build_version":"2020-12-22","purchased_purges":2,"victory":true,"max_hp_per_floor":[60,60,60,60,60,60,60,60,60,61,61,61,61,61,61,61,61,62,62,62,62,62,62,62,62,62,62,62,63,63,63,63,63,63,63,60,60,60,60,60,60,60,60,61,61,61,61,61,61,61],"card_choices":[{"not_picked":["animator:DwarfShaman","animator:Kuribayashi"],"picked":"animator:CowGirl","floor":1.0},{"not_picked":["animator:Bozes","animator:Togame"],"picked":"animator:Mitsuba","floor":3.0},{"not_picked":["animator:Shigure","animator:Alexander","animator:Shinoa"],"picked":"SKIP","floor":7.0},{"not_picked":["animator:DolaCouronne","animator:DolaRiku"],"picked":"animator:IzunaHatsuse","floor":8.0},{"not_picked":["animator:GuildGirl","animator:Shinoa"],"picked":"animator:Priestess","floor":10.0},{"not_picked":["animator:Kazuma","animator:Azekura"],"picked":"animator:Gilgamesh","floor":11.0},{"not_picked":["animator:HighElfArcher","animator:Bozes"],"picked":"animator:Yuuichirou","floor":14.0},{"not_picked":["animator:Wiz","animator:PinaCoLada"],"picked":"animator:HigakiRinne","floor":16.0},{"not_picked":["animator:DolaSchwi","animator:Tet"],"picked":"animator:DolaStephanie","floor":18.0},{"not_picked":["animator:Shinoa","animator:Kazuma"],"picked":"animator:EmiyaShirou","floor":20.0},{"not_picked":["animator:Rider","animator:Gilgamesh"],"picked":"animator:DolaStephanie+1","floor":21.0},{"not_picked":["animator:ZankiKiguchi","animator:DwarfShaman","animator:RinTohsaka"],"picked":"SKIP","floor":25.0},{"not_picked":["animator:DolaStephanie","animator:Jibril"],"picked":"animator:DolaRiku","floor":28.0},{"not_picked":["animator:DolaSchwi+1","animator:LeleiLaLalena+1"],"picked":"animator:ChlammyZell","floor":29.0},{"not_picked":["animator:Arpeggio","animator:DolaRiku"],"picked":"animator:Mitsuba+1","floor":35.0},{"not_picked":["animator:SakuraMatou+1","animator:HighElfArcher+1","animator:FielNirvalen+1"],"picked":"SKIP","floor":38.0},{"not_picked":["animator:SakuraMatou+1","animator:HighElfArcher+1","animator:FielNirvalen+1"],"picked":"SKIP","floor":38.0},{"not_picked":["animator:Yoichi","animator:Mitsuba"],"picked":"animator:Shinoa","floor":39.0},{"not_picked":["animator:HighElfArcher+1","animator:Jibril"],"picked":"animator:UneriGinkaku+1","floor":44.0},{"not_picked":["animator:Darkness+1","animator:Spearman+1","animator:Shigure+1"],"picked":"SKIP","floor":46.0},{"not_picked":["animator:DolaRiku","animator:Vanir+1"],"picked":"animator:RinTohsaka","floor":47.0}],"player_experience":31999,"relics_obtained":[{"floor":9.0,"key":"Incense Burner"},{"floor":12.0,"key":"Mercury Hourglass"},{"floor":26.0,"key":"Unceasing Top"},{"floor":43.0,"key":"Toy Ornithopter"}],"event_choices":[{"damage_healed":0.0,"max_hp_gain":0.0,"max_hp_loss":0.0,"gold_gain":0.0,"event_name":"Accursed Blacksmith","player_choice":"Forge","floor":2.0,"gold_loss":0.0,"damage_taken":0.0,"cards_upgraded":["animator:DolaSchwi"]},{"cards_removed":["animator:Yoichi"],"damage_healed":5.0,"max_hp_gain":0.0,"max_hp_loss":0.0,"gold_gain":0.0,"event_name":"Bonfire Elementals","player_choice":"Offered Common","floor":5.0,"gold_loss":0.0,"damage_taken":0.0},{"cards_removed":["animator:Yoichi"],"damage_healed":5.0,"max_hp_gain":0.0,"max_hp_loss":0.0,"gold_gain":0.0,"event_name":"Bonfire Elementals","player_choice":"Offered Special","floor":5.0,"gold_loss":0.0,"damage_taken":0.0},{"damage_healed":0.0,"max_hp_gain":0.0,"max_hp_loss":0.0,"gold_gain":0.0,"event_name":"Addict","player_choice":"Obtained Relic","floor":19.0,"gold_loss":85.0,"damage_taken":0.0,"relics_obtained":["InkBottle"]},{"damage_healed":0.0,"max_hp_gain":0.0,"max_hp_loss":0.0,"gold_gain":0.0,"event_name":"The Mausoleum","player_choice":"Opened","floor":22.0,"gold_loss":0.0,"damage_taken":0.0,"relics_obtained":["Bird Faced Urn"],"cards_obtained":["Writhe"]},{"damage_healed":0.0,"max_hp_gain":0.0,"max_hp_loss":0.0,"gold_gain":100.0,"event_name":"Golden Shrine","player_choice":"Pray","floor":27.0,"gold_loss":0.0,"damage_taken":0.0},{"damage_healed":0.0,"max_hp_gain":0.0,"max_hp_loss":0.0,"gold_gain":0.0,"event_name":"Drug Dealer","player_choice":"Inject Mutagens","floor":30.0,"gold_loss":0.0,"damage_taken":0.0,"relics_obtained":["MutagenicStrength"]},{"damage_healed":0.0,"max_hp_gain":0.0,"max_hp_loss":3.0,"gold_gain":0.0,"event_name":"Winding Halls","player_choice":"Max HP","floor":36.0,"gold_loss":0.0,"damage_taken":0.0},{"damage_healed":0.0,"max_hp_gain":0.0,"max_hp_loss":0.0,"gold_gain":0.0,"event_name":"Tomb of Lord Red Mask","player_choice":"Paid","floor":41.0,"gold_loss":26.0,"damage_taken":0.0,"relics_obtained":["Red Mask"]},{"damage_healed":0.0,"max_hp_gain":0.0,"max_hp_loss":0.0,"gold_gain":0.0,"event_name":"SensoryStone","player_choice":"Memory 1","floor":45.0,"gold_loss":0.0,"damage_taken":0.0}],"is_beta":false,"boss_relics":[{"not_picked":["Fusion Hammer","Astrolabe"],"picked":"Coffee Dripper"},{"not_picked":["Sozu","SlaversCollar"],"picked":"animator:CursedBlade"}],"items_purged_floors":[24,31],"is_endless":false,"potions_floor_spawned":[3,7,8,16,18,25,29,38,46,47],"ascension_level":0}}