{"host":"ijmqth23a408ytzh","time":1609830988,"event":{"mods":["BaseMod","Curses Come First","Downfall","Minty Spire (QoL Compilation)","StSLib"],"gold_per_floor":[99,118,138,138,44,57,102,128,1,20,470,490,519,519,536,633,633,558,577,593,593,593,593],"floor_reached":21,"playtime":3127,"items_purged":[],"score":216,"play_id":"1f00e934-7454-43de-8923-2cd84783aa60","local_time":"20210104231628","is_ascension_mode":false,"campfire_choices":[{"data":"hexamod:Sear","floor":1.0,"key":"SMITH"},{"floor":18,"key":"RECALL"}],"circlet_count":0,"master_deck":["hexamod:Sear+1","hexamod:Float","hexamod:AdvancingGuard","hexamod:NightmareStrike","hexamod:NecessarySacrifice","hexamod:FourthSeal","hexamod:GhostOfSpirePast","hexamod:InspiringFlames","hexamod:HauntingEcho","hexamod:FirstSeal","hexamod:ChargedBarrage+1","hexamod:Incineration","Slimebound:Icky","Slimebound:Icky","Slimebound:Icky","hexamod:BurningTouch","hexamod:EmpoweredFlame+1","hexamod:ThermalTransfer","hexamod:HexaLevel","hexamod:FourthSeal","hexamod:VolcanoVisage","hexamod:DynamicBlow","hexamod:SixthSeal","hexamod:SixthSeal","hexamod:Incineration","hexamod:NecessarySacrifice","hexamod:NightmareStrike","hexamod:FirstSeal","hexamod:AdvancingGuard"],"relics":["hexamod:SpiritBrand","hexamod:SoulConsumer","Bag of Marbles","Meat on the Bone","Pandora\u0027s Box","downfall:HeartBlessingBlue"],"acts_visited":["Exordium","TheCity"],"potions_floor_usage":[10,15,15,19,19,20],"damage_taken":[{"damage":0,"enemies":"Jaw Worm","floor":2,"turns":4},{"damage":0,"enemies":"Cultist","floor":3,"turns":3},{"damage":0,"enemies":"downfall:FleeingMerchant","floor":5,"turns":4},{"damage":0,"enemies":"Small Slimes","floor":6,"turns":3},{"damage":6,"enemies":"Gremlin Nob","floor":8,"turns":4},{"damage":0,"enemies":"downfall:FleeingMerchant","floor":9,"turns":4},{"damage":9,"enemies":"Exordium Thugs","floor":10,"turns":4},{"damage":4,"enemies":"3 Louse","floor":12,"turns":3},{"damage":26,"enemies":"3 Sentries","floor":13,"turns":8},{"damage":1,"enemies":"Blue Slaver","floor":15,"turns":4},{"damage":30,"enemies":"downfall:Watcher","floor":16,"turns":9},{"damage":21,"enemies":"3 Byrds","floor":19,"turns":5},{"damage":49,"enemies":"Spheric Guardian","floor":20,"turns":6},{"damage":50,"enemies":"3 Cultists","floor":21,"turns":4}],"seed_played":"-3816211390556543970","potions_obtained":[{"floor":6,"key":"DuplicationPotion"},{"floor":8,"key":"Fire Potion"},{"floor":10,"key":"PowerPotion"},{"floor":10,"key":"Swift Potion"},{"floor":15,"key":"sneckomod:MuddlingPotion"},{"floor":15,"key":"DistilledChaos"},{"floor":16,"key":"DistilledChaos"},{"floor":19,"key":"Strength Potion"}],"is_trial":false,"path_per_floor":["R","M","M","?","$","M","T","E","$","M","?","M","E","T","M","B",null,"R","M","M","M"],"character_chosen":"THE_SPIRIT","items_purchased":["hexamod:FourthSeal","hexamod:FirstSeal","hexamod:ChargedBarrage"],"campfire_rested":0,"item_purchase_floors":[5,9,9],"current_hp_per_floor":[77,77,77,77,77,77,77,71,71,69,69,72,53,53,52,34,77,87,73,50,0,0,0],"gold":593,"neow_bonus":"TEN_PERCENT_HP_BONUS","is_daily":false,"chose_seed":false,"campfire_upgraded":1,"win_rate":0.0,"timestamp":1609830988,"path_taken":["R","M","M","?","$","?","T","E","$","?","?","M","E","?","M","BOSS","R","M","M","M"],"items_purchased_type":["Card","Card","Card"],"build_version":"2020-12-22","purchased_purges":0,"victory":false,"max_hp_per_floor":[77,77,77,77,77,77,77,77,77,77,77,77,77,77,77,77,77,87,87,87,87,87,87],"card_choices":[{"not_picked":["hexamod:GhostLash","hexamod:HeatCrush"],"picked":"hexamod:AdvancingGuard","floor":2},{"not_picked":["hexamod:Firestarter","hexamod:FastForward"],"picked":"hexamod:NightmareStrike","floor":3},{"not_picked":["hexamod:ThermalTransfer","hexamod:BacktrackSmack"],"picked":"hexamod:NecessarySacrifice","floor":5},{"not_picked":["hexamod:PhantomFireball","hexamod:NecessarySacrifice"],"picked":"hexamod:GhostOfSpirePast","floor":6},{"not_picked":["hexamod:RainOfEmbers","hexamod:AdvancingGuard"],"picked":"hexamod:InspiringFlames","floor":8},{"not_picked":["hexamod:GhostOfSpirePast","hexamod:InspiringFlames"],"picked":"hexamod:HauntingEcho","floor":9},{"not_picked":["hexamod:FifthSeal","hexamod:BacktrackSmack"],"picked":"hexamod:Incineration","floor":10},{"not_picked":["hexamod:GhostShield","hexamod:NightmareGuise"],"picked":"hexamod:BurningTouch","floor":12},{"not_picked":["hexamod:GhostShield","hexamod:HauntingEcho"],"picked":"hexamod:EmpoweredFlame","floor":13},{"not_picked":["hexamod:NightmareGuise","hexamod:InspiringFlames"],"picked":"hexamod:ThermalTransfer","floor":15},{"not_picked":["hexamod:VolcanoVisage","hexamod:SearingWound"],"picked":"hexamod:HexaLevel","floor":16},{"not_picked":["hexamod:SpectersWail","hexamod:FastForward"],"picked":"hexamod:FirstSeal","floor":19},{"not_picked":["hexamod:GhostLash","hexamod:Firestarter"],"picked":"hexamod:AdvancingGuard","floor":20}],"player_experience":737509,"relics_obtained":[{"floor":8,"key":"hexamod:SoulConsumer"},{"floor":13,"key":"Bag of Marbles"},{"floor":14,"key":"Meat on the Bone"}],"event_choices":[{"damage_healed":0,"gold_gain":0,"player_choice":"Ignored","damage_taken":0,"max_hp_gain":0,"max_hp_loss":0,"event_name":"NoteForYourself","floor":4,"gold_loss":0}],"is_beta":false,"boss_relics":[{"not_picked":["Cursed Key","SlaversCollar"],"picked":"Pandora\u0027s Box"}],"items_purged_floors":[],"is_endless":false,"potions_floor_spawned":[10,12,13,16],"killed_by":"3 Cultists","ascension_level":0}}