{"host":"jgqxb38yl0c1w101","time":1609814485,"event":{"mods":["BaseMod","Colored Map","Downfall","Minty Spire (QoL Compilation)","StSLib"],"gold_per_floor":[99,99,99,99,34,59,59,59,84,101,101,1,11,28,46,145,145,45,59,76,93,193,193,193,193,193,193],"floor_reached":25,"playtime":1510,"items_purged":[],"score":230,"play_id":"41e05236-ce0e-4f26-9441-7d003e6ab52a","local_time":"20210104214125","is_ascension_mode":true,"campfire_choices":[{"floor":1.0,"key":"RECALL"},{"floor":8.0,"key":"REST"},{"floor":12.0,"key":"REST"},{"data":"Guardian:Planning","floor":18,"key":"SMITH"}],"circlet_count":0,"master_deck":["Guardian:Strike_Guardian","Guardian:Strike_Guardian","Guardian:Strike_Guardian","Guardian:Strike_Guardian","Guardian:Defend_Guardian","Guardian:Defend_Guardian","Guardian:Defend_Guardian","Guardian:Defend_Guardian","Guardian:CurlUp","Guardian:TwinSlam","Guardian:CrystalBeam","Guardian:Gem_Red","Guardian:Gem_Synthetic","Guardian:MultiBeam+1","Guardian:TwinSlam+1","Parasite","Guardian:Suspension","Guardian:Planning+1","Guardian:Gem_Orange","Guardian:TemporalStrike+1","Guardian:Preprogram","Guardian:VentSteam","Pride"],"relics":["Guardian:ModeShifter","downfall:HeartsMalice","Bag of Marbles","Molten Egg 2","downfall:HeartBlessingBlue","Black Star","downfall:HeartBlessingRed","Ancient Tea Set","Mummified Hand"],"acts_visited":["Exordium","TheCity"],"potions_floor_usage":[16,21],"damage_taken":[{"damage":0.0,"enemies":"2 Louse","floor":2.0,"turns":1.0},{"damage":0.0,"enemies":"Cultist","floor":3.0,"turns":1.0},{"damage":0.0,"enemies":"Jaw Worm","floor":4.0,"turns":1.0},{"damage":10.0,"enemies":"downfall:FleeingMerchant","floor":5.0,"turns":4.0},{"damage":49.0,"enemies":"Lagavulin","floor":6.0,"turns":11.0},{"damage":10.0,"enemies":"3 Sentries","floor":9.0,"turns":8.0},{"damage":7.0,"enemies":"Large Slime","floor":10.0,"turns":7.0},{"damage":1.0,"enemies":"2 Fungi Beasts","floor":13.0,"turns":2.0},{"damage":5,"enemies":"Exordium Thugs","floor":14,"turns":2},{"damage":0,"enemies":"3 Louse","floor":15,"turns":1},{"damage":30,"enemies":"ArchetypeAct1Statuses","floor":16,"turns":8},{"damage":13,"enemies":"Chosen","floor":19,"turns":4},{"damage":25,"enemies":"Shell Parasite","floor":20,"turns":6},{"damage":43,"enemies":"Snake Plant","floor":21,"turns":5},{"damage":12,"enemies":"Cultist and Chosen","floor":25,"turns":1}],"seed_played":"2083235044817432395","potions_obtained":[{"floor":6.0,"key":"BlessingOfTheForge"},{"floor":9.0,"key":"PowerPotion"},{"floor":10.0,"key":"Guardian:StasisDiscoveryPotion"},{"floor":13.0,"key":"SmokeBomb"},{"floor":15,"key":"Dexterity Potion"},{"floor":21,"key":"bronze:BurnAndBuffPotion"}],"is_trial":false,"path_per_floor":["R","M","M","M","$","E","T","R","E","M","?","R","M","M","M","B",null,"R","M","M","M","?","?","T","M"],"character_chosen":"GUARDIAN","items_purchased":["Guardian:Gem_Red"],"campfire_rested":2,"item_purchase_floors":[5],"current_hp_per_floor":[80,80,80,80,70,21,21,45,35,28,28,65,64,59,59,29,90,90,77,52,9,9,9,9,0,0,0],"gold":193,"neow_bonus":"THREE_ENEMY_KILL","is_daily":false,"chose_seed":false,"campfire_upgraded":1,"win_rate":0.0,"timestamp":1609814485,"path_taken":["R","M","M","M","$","E","T","R","E","M","?","R","M","M","M","BOSS","R","M","?","M","?","?","T","M"],"items_purchased_type":["Card"],"build_version":"2020-12-22","purchased_purges":0,"victory":false,"max_hp_per_floor":[80,80,80,80,80,80,80,80,80,80,80,90,90,90,90,90,90,90,90,90,90,90,90,90,90,90,90],"card_choices":[{"not_picked":["Guardian:DonusPower","Guardian:MultiBeam"],"picked":"Guardian:CrystalBeam","floor":2.0},{"not_picked":["Guardian:Gem_Lightblue","Guardian:FloatingOrbs"],"picked":"Guardian:Gem_Red","floor":3.0},{"not_picked":["Guardian:Incinerate","Guardian:Harden"],"picked":"Guardian:Gem_Green","floor":4.0},{"not_picked":["Guardian:TemporalShield","Guardian:RollAttack","Guardian:CrystalBeam"],"picked":"SKIP","floor":5.0},{"not_picked":["Guardian:ChargeCore","Guardian:Gem_Green"],"picked":"Guardian:Gem_Cyan","floor":6.0},{"not_picked":["Guardian:Gem_Green","Guardian:ShieldCharger"],"picked":"Guardian:Gem_Synthetic","floor":9.0},{"not_picked":["Guardian:ShieldCharger","Guardian:Gem_Green"],"picked":"Guardian:MultiBeam+1","floor":10.0},{"not_picked":["Guardian:TemporalShield","Guardian:Recover"],"picked":"Guardian:Suspension","floor":13.0},{"not_picked":["Guardian:Incinerate+1","Guardian:ShieldCharger"],"picked":"Guardian:Planning","floor":14},{"not_picked":["Guardian:Suspension","Guardian:Harden"],"picked":"Guardian:Gem_Orange","floor":15},{"not_picked":["Guardian:SphericShield","Guardian:CompilePackage"],"picked":"Guardian:Gem_Orange","floor":16},{"not_picked":["Guardian:EvasiveProtocol+1","Guardian:Recover"],"picked":"Guardian:TemporalStrike+1","floor":19},{"not_picked":["Guardian:Gem_Lightblue","Guardian:Suspension"],"picked":"Guardian:Preprogram","floor":20},{"not_picked":["Guardian:RollAttack+1","Guardian:MultiBeam+1"],"picked":"Guardian:VentSteam","floor":21}],"player_experience":145156,"relics_obtained":[{"floor":6.0,"key":"Bag of Marbles"},{"floor":9.0,"key":"Molten Egg 2"},{"floor":24,"key":"Mummified Hand"}],"event_choices":[{"damage_healed":0,"gold_gain":0,"player_choice":"Stole Relic","damage_taken":0,"relics_obtained":["Ancient Tea Set"],"max_hp_gain":0,"max_hp_loss":0,"event_name":"Addict","floor":23,"gold_loss":0,"cards_obtained":["Pride"]}],"is_beta":false,"boss_relics":[{"not_picked":["Velvet Choker","bronze:MakeshiftBattery"],"picked":"Black Star"}],"items_purged_floors":[],"is_endless":false,"potions_floor_spawned":[6,9,10,13,15,21],"killed_by":"Cultist and Chosen","ascension_level":2}}