{"host":"5dk97cf2ubw2v967","time":1609834818,"event":{"mods":["AlwaysNeverKeys","BaseMod","Better Altar","Better Vampires","Block Reminder","Colored Powertips","Downfall","Googly Eyes","Highlight Path","Minty Spire (QoL Compilation)","Permanent Neow","Potion Indicator Mod","Quick Restart","Relic Filter","Relic Stats","Say the Spire","Spicy Shops","StSLib","Waifu the Spire","everything is the same but u backflip on backflip"],"gold_per_floor":[0,14,24,42,142,142,214,42,52,120,148,160,160,221,232,308,308,308,321,334,352,402,419,547,672,733,783,798,798,798,798],"floor_reached":29,"playtime":1963,"items_purged":["Guardian:Defend_Guardian"],"score":541,"play_id":"d24560b2-d9df-4915-a614-aa34b2cb6e8e","local_time":"20210105082018","is_ascension_mode":true,"campfire_choices":[{"data":"Guardian:TwinSlam","floor":1,"key":"SMITH"},{"data":"Guardian:ChargeUp","floor":6,"key":"SMITH"},{"floor":13,"key":"REST"},{"data":"Guardian:CompilePackage","floor":18,"key":"SMITH"}],"circlet_count":0,"master_deck":["AscendersBane","Guardian:Strike_Guardian","Guardian:Strike_Guardian","Guardian:Strike_Guardian","Guardian:Defend_Guardian","Guardian:Defend_Guardian","Guardian:CurlUp","Guardian:TwinSlam+1","Guardian:Orbwalk","Guardian:ShieldCharger","Guardian:ChargeUp+1","Guardian:Preprogram","Guardian:DecasProtection","Guardian:ShieldCharger","Guardian:TemporalShield","Guardian:Gem_White","Guardian:FierceBash+1","Guardian:CompilePackage+1","Guardian:Gem_Lightblue","Guardian:BronzeOrb","Guardian:DonusPower","Guardian:WalkerClaw+1","Guardian:TimeCapacitor","Guardian:GatlingBeam"],"relics":["Guardian:ModeShifter","downfall:CloakOfManyFaces","CultistMask","FaceOfCleric","NlothsMask","GremlinMask","SsserpentHead","Bottled Lightning","Sozu","Tiny House","The Courier","Bloody Idol"],"acts_visited":["Exordium","TheCity"],"potions_floor_usage":[5,14,16,28,29],"damage_taken":[{"damage":6,"enemies":"Small Slimes","floor":2,"turns":4},{"damage":1,"enemies":"Cultist","floor":3,"turns":3},{"damage":12,"enemies":"Jaw Worm","floor":4,"turns":3},{"damage":0,"enemies":"downfall:FaceTrader","floor":5,"turns":7},{"damage":5,"enemies":"downfall:FleeingMerchant","floor":8,"turns":4},{"damage":12,"enemies":"Lots of Slimes","floor":9,"turns":5},{"damage":13,"enemies":"Blue Slaver","floor":10,"turns":4},{"damage":0,"enemies":"Lagavulin","floor":11,"turns":8},{"damage":10,"enemies":"3 Louse","floor":12,"turns":6},{"damage":0,"enemies":"Large Slime","floor":14,"turns":6},{"damage":3,"enemies":"Exordium Wildlife","floor":15,"turns":5},{"damage":18,"enemies":"downfall:Silent","floor":16,"turns":7},{"damage":0,"enemies":"Spheric Guardian","floor":19,"turns":5},{"damage":14,"enemies":"Shell Parasite","floor":20,"turns":5},{"damage":0,"enemies":"3 Cultists","floor":21,"turns":5},{"damage":13,"enemies":"Snecko","floor":23,"turns":6},{"damage":11,"enemies":"Shelled Parasite and Fungi","floor":26,"turns":4},{"damage":2,"enemies":"Centurion and Healer","floor":28,"turns":3},{"damage":12,"enemies":"Book of Stabbing","floor":29,"turns":3}],"seed_played":"-6014763750432180149","potions_obtained":[{"floor":2,"key":"Regen Potion"},{"floor":4,"key":"Block Potion"},{"floor":11,"key":"PowerPotion"},{"floor":14,"key":"CultistPotion"}],"is_trial":false,"path_per_floor":["R","M","M","M","?","R","T","$","M","M","E","M","R","M","M","B",null,"R","M","M","M","?","M","T","T","M","?","M","E"],"character_chosen":"GUARDIAN","items_purchased":["Guardian:DecasProtection","Guardian:ShieldCharger"],"campfire_rested":1,"item_purchase_floors":[8,8],"current_hp_per_floor":[65,59,58,46,61,61,61,57,46,34,35,26,49,50,48,31,68,68,69,56,57,74,62,67,67,57,7,11,0,0,0],"gold":798,"neow_bonus":"REMOVE_TWO","is_daily":false,"chose_seed":false,"campfire_upgraded":3,"win_rate":0.0,"timestamp":1609834818,"path_taken":["R","M","M","M","?","R","T","?","M","?","E","M","R","?","M","BOSS","R","M","M","M","?","M","T","?","?","?","M","E"],"items_purchased_type":["Card","Card"],"build_version":"2020-12-22","purchased_purges":1,"victory":false,"max_hp_per_floor":[72,72,72,72,72,72,72,73,74,75,76,77,77,78,79,80,80,80,81,82,83,83,84,89,89,90,90,91,91,91,91],"relic_stats":{"Sozu":2,"SsserpentHead":350,"FaceOfCleric":14,"counters":[19,93],"Bloody Idol":5,"obtain_stats":[{"Sozu":17,"SsserpentHead":5,"Tiny House":24,"FaceOfCleric":5,"Bloody Idol":27,"Guardian:ModeShifter":0,"GremlinMask":5,"CultistMask":5,"The Courier":25,"downfall:CloakOfManyFaces":5,"Bottled Lightning":11,"NlothsMask":5},{"Sozu":12,"SsserpentHead":4,"Tiny House":16,"FaceOfCleric":4,"Bloody Idol":17,"Guardian:ModeShifter":0,"GremlinMask":4,"CultistMask":4,"The Courier":16,"downfall:CloakOfManyFaces":4,"Bottled Lightning":8,"NlothsMask":4},{"Sozu":62,"SsserpentHead":17,"Tiny House":83,"FaceOfCleric":17,"Bloody Idol":87,"Guardian:ModeShifter":0,"GremlinMask":17,"CultistMask":17,"The Courier":83,"downfall:CloakOfManyFaces":17,"Bottled Lightning":38,"NlothsMask":17}]},"card_choices":[{"not_picked":["Guardian:PrismaticBeam","Guardian:Preprogram"],"picked":"Guardian:Orbwalk","floor":2},{"not_picked":["Guardian:ChargeCore","Guardian:TemporalShield"],"picked":"Guardian:ShieldCharger","floor":3},{"not_picked":["Guardian:ChargeCore","Guardian:BronzeArmor"],"picked":"Guardian:ChargeUp","floor":4},{"not_picked":["Guardian:StasisField","Guardian:Gem_Green"],"picked":"Guardian:Preprogram","floor":5},{"not_picked":["Guardian:CrystalBeam","Guardian:TemporalStrike"],"picked":"Guardian:Gem_Red","floor":8},{"not_picked":["Guardian:FloatingOrbs","Guardian:SpikerProtocol"],"picked":"Guardian:TemporalShield","floor":9},{"not_picked":["Guardian:ArmoredProtocol","Guardian:Reroute"],"picked":"Guardian:Gem_Purple","floor":10},{"not_picked":["Guardian:GuardianWhirl","Guardian:Gem_Purple"],"picked":"Guardian:Gem_Crimson","floor":11},{"not_picked":["Guardian:SentryBeam","Guardian:TemporalStrike"],"picked":"Guardian:Gem_White","floor":12},{"not_picked":["Guardian:ShieldCharger","Guardian:Reroute"],"picked":"Guardian:FierceBash","floor":14},{"not_picked":["Guardian:Harden","Guardian:Gem_Red","Guardian:ChargeCore"],"picked":"SKIP","floor":15},{"not_picked":["Guardian:SphericShield","Guardian:GatlingBeam"],"picked":"Guardian:CompilePackage","floor":16},{"not_picked":["Guardian:VentSteam","Guardian:PrimingBeam"],"picked":"Guardian:Gem_Lightblue","floor":19},{"not_picked":["Guardian:TemporalShield","Guardian:PrismaticBarrier"],"picked":"Guardian:BronzeOrb","floor":20},{"not_picked":["Guardian:Gem_Blue","Guardian:TemporalStrike"],"picked":"Guardian:DonusPower","floor":21},{"not_picked":["Guardian:Gem_Fragmented","Guardian:ChargeCore"],"picked":"Guardian:WalkerClaw+1","floor":23},{"not_picked":["Guardian:VentSteam+1","Guardian:PiercingHide"],"picked":"Guardian:TimeCapacitor","floor":26},{"not_picked":["Guardian:Repulse","Guardian:Gem_Cyan"],"picked":"Guardian:GatlingBeam","floor":28}],"player_experience":1299397,"relics_obtained":[{"floor":5,"key":"downfall:CloakOfManyFaces"},{"floor":11,"key":"Bottled Lightning"},{"floor":24,"key":"Tiny House"},{"floor":25,"key":"The Courier"}],"event_choices":[{"damage_healed":17,"gold_gain":0,"player_choice":"Heal","damage_taken":0,"max_hp_gain":0,"max_hp_loss":0,"event_name":"The Library","floor":22,"gold_loss":0},{"damage_healed":0,"gold_gain":0,"player_choice":" Idol ","damage_taken":50,"relics_obtained":["Bloody Idol"],"max_hp_gain":57,"max_hp_loss":7,"event_name":"betterAltar:BetterAltar","floor":27,"potions_obtained":[],"relics_lost":[],"gold_loss":0}],"is_beta":false,"boss_relics":[{"not_picked":["Ectoplasm","Fusion Hammer"],"picked":"Sozu"}],"items_purged_floors":[8],"is_endless":false,"potions_floor_spawned":[2,4,11,14,19,26],"killed_by":"Book of Stabbing","ascension_level":20}}