{"host":"d4km6p8r92tm3vpl","time":1609858260,"event":{"mods":["AchievementEnabler","BaseMod","Colored Map","Colored Powertips","DeckTracker","Minty Spire (QoL Compilation)","Relic Stats","StSLib"],"gold_per_floor":[369,65,84,99,110,440,440,468,468,468,99,44,54,65,65,168,168,179,179,54,72,72,72,72],"floor_reached":23,"playtime":818,"items_purged":["Doubt","Strike_G","Decay"],"score":312,"play_id":"99dac6e4-107b-47a3-8051-6feee41df0cc","local_time":"20210105095100","is_ascension_mode":true,"campfire_choices":[{"floor":7,"key":"REST"},{"floor":10,"key":"REST"},{"data":"Malaise","floor":15,"key":"SMITH"}],"circlet_count":0,"master_deck":["AscendersBane","Strike_G","Strike_G","Strike_G","Strike_G","Defend_G","Defend_G","Defend_G","Defend_G","Defend_G","Survivor","Neutralize","Poisoned Stab","Noxious Fumes","Bane","Dagger Spray","Corpse Explosion","Catalyst","Malaise+1","Leg Sweep","Envenom","Dodge and Roll+1","Dagger Spray+1","Writhe"],"relics":["Ring of the Snake","ClockworkSouvenir","Old Coin","Paper Crane","Mummified Hand","Happy Flower","Matryoshka","Velvet Choker","Eternal Feather"],"acts_visited":["Exordium","TheCity"],"potions_floor_usage":[11],"damage_taken":[{"damage":17,"enemies":"Cultist","floor":1,"turns":7},{"damage":0,"enemies":"Small Slimes","floor":3,"turns":4},{"damage":18,"enemies":"Jaw Worm","floor":4,"turns":4},{"damage":0,"enemies":"Large Slime","floor":5,"turns":4},{"damage":12,"enemies":"3 Sentries","floor":6,"turns":4},{"damage":27,"enemies":"Lagavulin","floor":8,"turns":7},{"damage":13,"enemies":"Red Slaver","floor":13,"turns":4},{"damage":12,"enemies":"Blue Slaver","floor":14,"turns":5},{"damage":5,"enemies":"Hexaghost","floor":16,"turns":12},{"damage":17,"enemies":"Shell Parasite","floor":18,"turns":7},{"damage":0,"enemies":"Spheric Guardian","floor":21,"turns":3},{"damage":42,"enemies":"Slavers","floor":23,"turns":4}],"seed_played":"-5057636165124631560","potions_obtained":[{"floor":1,"key":"SteroidPotion"},{"floor":4,"key":"Fruit Juice"}],"is_trial":false,"path_per_floor":["M","$","M","M","M","E","R","E","T","R","$","?","M","M","R","B",null,"M","?","$","M","?","E"],"character_chosen":"THE_SILENT","items_purchased":["Noxious Fumes","ClockworkSouvenir","Happy Flower","SpeedPotion","Catalyst"],"campfire_rested":2,"item_purchase_floors":[2,2,11,11,11],"current_hp_per_floor":[46,46,46,28,28,16,37,10,10,31,36,36,23,11,11,6,58,41,41,41,41,41,0,0],"gold":72,"neow_bonus":"TWO_FIFTY_GOLD","is_daily":false,"chose_seed":false,"campfire_upgraded":1,"win_rate":0.0,"timestamp":1609858260,"path_taken":["M","$","M","M","M","E","R","E","T","R","$","?","?","M","R","BOSS","M","?","$","M","?","E"],"items_purchased_type":["Card","Relic","Relic","Potion","Card"],"build_version":"2020-12-22","purchased_purges":3,"victory":false,"max_hp_per_floor":[70,70,70,70,70,70,70,70,70,70,75,75,75,75,75,75,75,75,75,75,75,75,75,75],"relic_stats":{"Happy Flower":[11],"counters":[12,65],"Mummified Hand":[6],"Eternal Feather":0,"obtain_stats":[{"Matryoshka":12,"Happy Flower":11,"Mummified Hand":9,"Velvet Choker":17,"Eternal Feather":22,"Paper Crane":8,"Ring of the Snake":0,"ClockworkSouvenir":2,"Old Coin":6},{"Matryoshka":6,"Happy Flower":6,"Mummified Hand":6,"Velvet Choker":9,"Eternal Feather":11,"Paper Crane":6,"Ring of the Snake":0,"ClockworkSouvenir":1,"Old Coin":5},{"Matryoshka":30,"Happy Flower":30,"Mummified Hand":30,"Velvet Choker":51,"Eternal Feather":61,"Paper Crane":30,"Ring of the Snake":0,"ClockworkSouvenir":7,"Old Coin":23}],"Ring of the Snake":[24]},"card_choices":[{"not_picked":["Cloak And Dagger","Dodge and Roll"],"picked":"Poisoned Stab","floor":1},{"not_picked":["Slice","Prepared"],"picked":"Bane","floor":3},{"not_picked":["Outmaneuver","Backflip"],"picked":"Dagger Spray","floor":4},{"not_picked":["Dodge and Roll","Dagger Spray"],"picked":"Corpse Explosion","floor":5},{"not_picked":["Bane","PiercingWail","Acrobatics"],"picked":"SKIP","floor":6},{"not_picked":["Eviscerate","Acrobatics","Distraction"],"picked":"SKIP","floor":8},{"not_picked":["Prepared","Deadly Poison"],"picked":"Malaise","floor":13},{"not_picked":["Finisher","Prepared"],"picked":"Leg Sweep","floor":14},{"not_picked":["Malaise","Glass Knife"],"picked":"Envenom","floor":16},{"not_picked":["Cloak And Dagger","Outmaneuver"],"picked":"Dodge and Roll+1","floor":18},{"not_picked":["Deflect","Tactician+1"],"picked":"Dagger Spray+1","floor":21}],"player_experience":811698,"relics_obtained":[{"floor":6,"key":"Old Coin"},{"floor":8,"key":"Paper Crane"},{"floor":9,"key":"Mummified Hand"}],"event_choices":[{"damage_healed":0,"gold_gain":0,"player_choice":"Paid Gold","damage_taken":0,"relics_obtained":["Matryoshka"],"max_hp_gain":0,"max_hp_loss":0,"event_name":"WeMeetAgain","floor":12,"gold_loss":55},{"damage_healed":0,"gold_gain":0,"player_choice":"Smashed Altar","damage_taken":0,"max_hp_gain":0,"max_hp_loss":0,"event_name":"Forgotten Altar","floor":19,"gold_loss":0,"cards_obtained":["Decay"]},{"damage_healed":0,"gold_gain":0,"player_choice":"Opened","damage_taken":0,"relics_obtained":["Eternal Feather"],"max_hp_gain":0,"max_hp_loss":0,"event_name":"The Mausoleum","floor":22,"gold_loss":0,"cards_obtained":["Writhe"]}],"is_beta":false,"boss_relics":[{"not_picked":["Sozu","Snecko Eye"],"picked":"Velvet Choker"}],"items_purged_floors":[2,11,20],"is_endless":false,"potions_floor_spawned":[1,4,14,16,18,21],"killed_by":"Slavers","ascension_level":11}}