{"host":"2sct7qpnpunnnd84","time":1609840846,"event":{"mods":["BaseMod","Minty Spire (QoL Compilation)","Quick Restart","StSLib","The IronCluck"],"gold_per_floor":[109,74,74,88,35,63,63,238,238,58,82,99,99,109,109,211,211,229,229,229,240,240,240,252,252,252,267,267,277,304,56,56,160,160,178,1177,1177,1177,1197,1197,1212,1212,1212,1231,446,446,446,463,463,463,463],"floor_reached":50,"playtime":7786,"items_purged":["Doubt","Normality"],"score":583,"play_id":"205021ee-3d0a-4470-bef9-a02cc7c2e639","local_time":"20210105020046","is_ascension_mode":false,"campfire_choices":[{"floor":7.0,"key":"REST"},{"floor":13.0,"key":"REST"},{"data":"Armaments","floor":15.0,"key":"SMITH"},{"floor":23.0,"key":"REST"},{"data":"Limit Break","floor":25.0,"key":"SMITH"},{"floor":32.0,"key":"REST"},{"floor":40.0,"key":"REST"},{"floor":42.0,"key":"REST"},{"floor":46.0,"key":"REST"},{"floor":49.0,"key":"REST"}],"circlet_count":0,"master_deck":["Strike_R+1","Strike_R+1","Strike_R+1","Strike_R+1","Defend_R+1","Defend_R+1","Defend_R+1","Defend_R+1","Bash","Headbutt","Shrug It Off","Armaments+1","Flex","Rampage","Flex","Dropkick","Cleave","Rage","Limit Break+1","Headbutt+1","Dropkick+1","Thunderclap","Cleave","Thunderclap","Flame Barrier","Feed","Heavy Blade+1","Normality","Enlightenment","Shrug It Off+1","Heavy Blade+1","Inflame","Flex","Armaments","Bludgeon","Evolve"],"relics":["Burning Blood","InkBottle","MealTicket","Ornamental Fan","Odd Mushroom","Philosopher\u0027s Stone","Charon\u0027s Ashes","Paper Frog","Shuriken","SacredBark","Kunai","Torii","Brimstone","Juzu Bracelet"],"acts_visited":["Exordium","TheCity","TheBeyond"],"potions_floor_usage":[50,50],"damage_taken":[{"damage":15.0,"enemies":"Jaw Worm","floor":1.0,"turns":4.0},{"damage":7.0,"enemies":"Small Slimes","floor":4.0,"turns":4.0},{"damage":22.0,"enemies":"3 Sentries","floor":6.0,"turns":11.0},{"damage":21.0,"enemies":"The Mushroom Lair","floor":11.0,"turns":4.0},{"damage":6.0,"enemies":"2 Louse","floor":12.0,"turns":2.0},{"damage":1.0,"enemies":"2 Fungi Beasts","floor":14.0,"turns":3.0},{"damage":73.0,"enemies":"Hexaghost","floor":16.0,"turns":13.0},{"damage":15.0,"enemies":"Spheric Guardian","floor":18.0,"turns":4.0},{"damage":0.0,"enemies":"Chosen","floor":21.0,"turns":4.0},{"damage":21.0,"enemies":"Snake Plant","floor":24.0,"turns":5.0},{"damage":16.0,"enemies":"Centurion and Healer","floor":27.0,"turns":4.0},{"damage":0.0,"enemies":"Colosseum Slavers","floor":28.0,"turns":1.0},{"damage":17.0,"enemies":"Shelled Parasite and Fungi","floor":29.0,"turns":5.0},{"damage":24.0,"enemies":"Book of Stabbing","floor":30.0,"turns":5.0},{"damage":59.0,"enemies":"Automaton","floor":33.0,"turns":8.0},{"damage":48.0,"enemies":"3 Darklings","floor":35.0,"turns":5.0},{"damage":28.0,"enemies":"Orb Walker","floor":39.0,"turns":4.0},{"damage":29.0,"enemies":"Sphere and 2 Shapes","floor":41.0,"turns":5.0},{"damage":22.0,"enemies":"Spire Growth","floor":44.0,"turns":4.0},{"damage":35.0,"enemies":"Transient","floor":48.0,"turns":5.0},{"damage":100,"enemies":"Donu and Deca","floor":50,"turns":6}],"seed_played":"3385965288467898075","potions_obtained":[{"floor":1.0,"key":"SneckoOil"},{"floor":6.0,"key":"Dexterity Potion"},{"floor":11.0,"key":"GamblersBrew"},{"floor":24.0,"key":"DuplicationPotion"},{"floor":27.0,"key":"SmokeBomb"},{"floor":30.0,"key":"Energy Potion"},{"floor":33.0,"key":"Dexterity Potion"},{"floor":44.0,"key":"ElixirPotion"}],"is_trial":false,"path_per_floor":["M","?","?","M","$","E","R","?","T","$","?","M","R","M","R","B",null,"M","?","?","M","?","R","M","R","T","M","?","M","E","$","R","B",null,"M","?","?","?","M","R","M","R","T","M","$","R","T","M","R","B"],"character_chosen":"IRONCLAD","items_purchased":["Armaments","Rampage","Flex","Shuriken","Flex","Armaments","Torii","Brimstone","Bludgeon"],"campfire_rested":8,"item_purchase_floors":[5,10,10,31,45,45,45,45,45],"current_hp_per_floor":[79,88,85,84,84,68,88,88,88,88,73,73,88,88,88,21,88,79,79,79,85,68,93,78,78,78,68,74,63,45,60,87,34,93,51,51,51,51,29,56,37,66,66,50,65,94,94,65,94,0,0],"gold":463,"neow_bonus":"TEN_PERCENT_HP_BONUS","is_daily":false,"chose_seed":false,"campfire_upgraded":2,"win_rate":0.0,"timestamp":1609840846,"path_taken":["M","?","?","M","$","E","R","?","T","?","?","M","R","?","R","BOSS","M","?","?","M","?","R","M","R","T","M","?","M","E","$","R","BOSS","M","?","?","?","M","R","M","R","T","?","$","R","?","M","R","BOSS"],"items_purchased_type":["Card","Card","Card","Relic","Card","Card","Relic","Relic","Card"],"build_version":"2020-12-22","purchased_purges":2,"victory":false,"max_hp_per_floor":[88,88,88,88,88,88,88,88,88,88,88,88,88,88,88,88,88,88,88,88,88,93,93,93,93,93,93,93,93,93,93,93,93,93,93,93,93,93,93,93,97,97,97,97,97,97,97,97,97,97,97],"card_choices":[{"not_picked":["Rupture","True Grit"],"picked":"Headbutt","floor":1.0},{"not_picked":["Dual Wield","Shockwave"],"picked":"Shrug It Off","floor":4.0},{"not_picked":["Infernal Blade","Carnage"],"picked":"Flex","floor":6.0},{"not_picked":["Twin Strike","Dual Wield"],"picked":"Dropkick","floor":11.0},{"not_picked":["Heavy Blade","Anger"],"picked":"Cleave","floor":12.0},{"not_picked":["Clothesline","Uppercut"],"picked":"Rage","floor":14.0},{"not_picked":["Juggernaut","Offering"],"picked":"Limit Break","floor":16.0},{"not_picked":["Entrench","True Grit"],"picked":"Headbutt+1","floor":18.0},{"not_picked":["Second Wind+1","Perfected Strike"],"picked":"Dropkick+1","floor":21.0},{"not_picked":["Bloodletting+1","Pommel Strike"],"picked":"Thunderclap","floor":24.0},{"not_picked":["Hemokinesis","Combust"],"picked":"Cleave","floor":27.0},{"not_picked":["Shockwave","Headbutt+1"],"picked":"Thunderclap","floor":29.0},{"not_picked":["Perfected Strike","Battle Trance"],"picked":"Flame Barrier","floor":30.0},{"not_picked":["Fiend Fire","Double Tap"],"picked":"Feed","floor":33.0},{"not_picked":["Shockwave+1","Clothesline"],"picked":"Heavy Blade+1","floor":35.0},{"not_picked":["Mind Blast","Forethought"],"picked":"Enlightenment","floor":38.0},{"not_picked":["Seeing Red","Intimidate+1"],"picked":"Shrug It Off+1","floor":39.0},{"not_picked":["Rampage","Wild Strike+1"],"picked":"Heavy Blade+1","floor":41.0},{"not_picked":["Warcry+1","Burning Pact+1"],"picked":"Inflame","floor":44.0},{"not_picked":["Dark Embrace","Combust+1"],"picked":"Evolve","floor":48.0}],"player_experience":3387930,"relics_obtained":[{"floor":6.0,"key":"MealTicket"},{"floor":9.0,"key":"Ornamental Fan"},{"floor":11.0,"key":"Odd Mushroom"},{"floor":26.0,"key":"Charon\u0027s Ashes"},{"floor":30.0,"key":"Paper Frog"},{"floor":43.0,"key":"Kunai"},{"floor":47.0,"key":"Juzu Bracelet"}],"event_choices":[{"damage_healed":22.0,"max_hp_gain":0.0,"max_hp_loss":0.0,"gold_gain":0.0,"event_name":"The Cleric","player_choice":"Healed","floor":2.0,"gold_loss":35.0,"damage_taken":0.0},{"damage_healed":0.0,"max_hp_gain":0.0,"max_hp_loss":0.0,"gold_gain":0.0,"event_name":"Scrap Ooze","player_choice":"Success","floor":3.0,"gold_loss":0.0,"damage_taken":3.0,"relics_obtained":["InkBottle"]},{"damage_healed":0.0,"max_hp_gain":0.0,"max_hp_loss":0.0,"gold_gain":175.0,"event_name":"Liars Game","player_choice":"AGREE","floor":8.0,"gold_loss":0.0,"damage_taken":0.0,"cards_obtained":["Doubt"]},{"damage_healed":0.0,"max_hp_gain":0.0,"max_hp_loss":0.0,"gold_gain":0.0,"event_name":"Mushrooms","player_choice":"Fought Mushrooms","floor":11.0,"gold_loss":0.0,"damage_taken":0.0},{"damage_healed":0.0,"max_hp_gain":0.0,"max_hp_loss":0.0,"gold_gain":0.0,"event_name":"Back to Basics","player_choice":"Simplicity","floor":19.0,"gold_loss":0.0,"damage_taken":0.0,"cards_upgraded":["Strike_R","Strike_R","Strike_R","Strike_R","Strike_R","Defend_R","Defend_R","Defend_R","Defend_R"]},{"damage_healed":0.0,"max_hp_gain":0.0,"max_hp_loss":0.0,"gold_gain":0.0,"event_name":"Cursed Tome","player_choice":"Ignored","floor":20.0,"gold_loss":0.0,"damage_taken":0.0},{"damage_healed":0.0,"max_hp_gain":5.0,"max_hp_loss":0.0,"gold_gain":0.0,"event_name":"Forgotten Altar","player_choice":"Shed Blood","floor":22.0,"gold_loss":0.0,"damage_taken":22.0},{"damage_healed":0.0,"max_hp_gain":0.0,"max_hp_loss":0.0,"gold_gain":0.0,"event_name":"Colosseum","player_choice":"Fight","floor":28.0,"gold_loss":0.0,"damage_taken":0.0},{"damage_healed":0.0,"max_hp_gain":0.0,"max_hp_loss":0.0,"gold_gain":0.0,"event_name":"Colosseum","player_choice":"Fled From Nobs","floor":28.0,"gold_loss":0.0,"damage_taken":0.0},{"damage_healed":0.0,"max_hp_gain":0.0,"max_hp_loss":0.0,"gold_gain":999.0,"event_name":"MindBloom","player_choice":"Gold","floor":36.0,"gold_loss":0.0,"damage_taken":0.0,"cards_obtained":["Normality","Normality"]},{"cards_removed":["Strike_R"],"damage_healed":0.0,"max_hp_gain":0.0,"max_hp_loss":0.0,"gold_gain":0.0,"event_name":"Falling","player_choice":"Removed Attack","floor":37.0,"gold_loss":0.0,"damage_taken":0.0},{"damage_healed":0.0,"max_hp_gain":0.0,"max_hp_loss":0.0,"gold_gain":0.0,"event_name":"SensoryStone","player_choice":"Memory 1","floor":38.0,"gold_loss":0.0,"damage_taken":0.0}],"is_beta":false,"boss_relics":[{"not_picked":["Fusion Hammer","Black Star"],"picked":"Philosopher\u0027s Stone"},{"not_picked":["Black Blood","Coffee Dripper"],"picked":"SacredBark"}],"items_purged_floors":[10,45],"is_endless":false,"potions_floor_spawned":[1,6,11,24,27,30,33,44],"killed_by":"Donu and Deca","ascension_level":0}}