{"host":"ox77rn1xcurm2t5a","time":1609856473,"event":{"mods":["2.2 Compatiblity","AchievementEnabler","Act Like it!","Aspiration","BaseMod","Best Route Mod","Better Match","Better Note","Better Sensory Stone","Block Reminder","Colored Map","Colored Powertips","Conjunction","Conspire","Custom Start","Energized Spire","GifTheSpireLib","Gold Saver","Gremlin Skip","Halation","Highlight Path","Hubris","Infinite Spire","Minty Spire (QoL Compilation)","Pale of the Ancients","Quick Restart","Replay The Spire","Reworked Bosses","ShortenTheSpire","Spire Exporter","StSLib","Stuff the Spire","Wandering Minibosses","vexMod"],"gold_per_floor":[228,228,153,166,184,214,214,214,214,55,55,67,67,99,99,196,196,207,207,217,217,229,229,258,277,277,297,257,289,289,25,25,25,25],"floor_reached":33,"playtime":766,"items_purged":["Strike_B","Strike_B"],"score":493,"play_id":"41327e91-8893-45f2-81cd-2852fe862d8d","local_time":"20210105162113","is_ascension_mode":true,"campfire_choices":[{"floor":8.0,"key":"RECALL"},{"data":"Electrodynamics","floor":11.0,"key":"SMITH"},{"data":"Buffer","floor":13.0,"key":"SMITH"},{"data":"Dualcast","floor":15.0,"key":"SMITH"},{"floor":23.0,"key":"REST"},{"floor":30.0,"key":"REST"},{"data":"hubris:PowerSurge","floor":32.0,"key":"SMITH"}],"circlet_count":0,"master_deck":["AscendersBane","Strike_B","Strike_B","Defend_B","Defend_B+1","Defend_B","Defend_B+1","Zap+1","Dualcast+1","Ball Lightning","Ball Lightning","Buffer+1","Electrodynamics+1","Electrodynamics","Hologram+1","Echo Form","BootSequence+1","Gash","hubris:PowerSurge+1"],"relics":["Cracked Core","Lantern","MealTicket","infinitespire:Lucky Rock","energizedSpire:MagnifyingGlass","infinitespire:PuzzleCube","Toxic Egg 2","wanderingMiniBosses:CarrionFlame","conspire:GiftBox","Prayer Wheel","PreservedInsect"],"acts_visited":["Exordium","TheCity"],"potions_floor_usage":[],"damage_taken":[{"damage":0.0,"enemies":"Small Slimes","floor":1.0,"turns":2.0},{"damage":0.0,"enemies":"Cultist","floor":4.0,"turns":3.0},{"damage":0.0,"enemies":"2 Louse","floor":5.0,"turns":3.0},{"damage":2.0,"enemies":"3 Sentries","floor":6.0,"turns":6.0},{"damage":11.0,"enemies":"Exordium Thugs","floor":12.0,"turns":3.0},{"damage":0.0,"enemies":"Lagavulin","floor":14.0,"turns":4.0},{"damage":24.0,"enemies":"The Guardian","floor":16.0,"turns":10.0},{"damage":4.0,"enemies":"Shell Parasite","floor":18.0,"turns":5.0},{"damage":12.0,"enemies":"Chosen","floor":20.0,"turns":4.0},{"damage":15.0,"enemies":"Snecko","floor":22.0,"turns":5.0},{"damage":20.0,"enemies":"Slavers","floor":24.0,"turns":3.0},{"damage":0.0,"enemies":"Shelled Parasite and Fungi","floor":25.0,"turns":3.0},{"damage":13.0,"enemies":"Chosen and Byrds","floor":27.0,"turns":5.0},{"damage":9.0,"enemies":"Book of Stabbing","floor":29.0,"turns":5.0},{"damage":0,"enemies":"hubris:MusketHawk","floor":33,"turns":1}],"seed_played":"1699152981229418257","potions_obtained":[{"floor":1.0,"key":"LiquidMemories"},{"floor":4.0,"key":"BlessingOfTheForge"},{"floor":22.0,"key":"infinitespire:BlackPotion"},{"floor":28.0,"key":"DuplicationPotion"},{"floor":28.0,"key":"PotionOfCapacity"}],"is_trial":false,"path_per_floor":["M","?","$","M","M","E","?","R","T","$","R","M","R","E","R","B",null,"M","?","M","AVR","M","R","E","M","T","M","?","E","R","$","R","B"],"character_chosen":"DEFECT","items_purchased":["Electrodynamics","Gash","PreservedInsect","hubris:PowerSurge"],"campfire_rested":2,"item_purchase_floors":[10,31,31,31],"current_hp_per_floor":[68,68,68,68,68,66,51,51,51,66,66,55,55,55,55,31,64,60,60,48,48,33,55,35,35,35,22,22,13,35,50,50,50,50],"gold":25,"neow_bonus":"RANDOM_COMMON_RELIC","is_daily":false,"chose_seed":false,"campfire_upgraded":4,"win_rate":0.0,"timestamp":1609856473,"path_taken":["M","?","$","?","M","E","?","R","T","$","R","M","R","E","R","BOSS","M","?","?","AVR","M","R","E","M","T","M","?","E","R","$","R","BOSS"],"items_purchased_type":["Card","Card","Relic","Card"],"build_version":"2020-12-22","purchased_purges":2,"victory":false,"max_hp_per_floor":[75,75,75,75,75,75,75,75,75,75,75,75,75,75,75,75,75,75,75,75,75,75,75,75,75,75,75,75,75,75,75,75,75,75],"card_choices":[{"not_picked":["Conserve Battery","Hologram"],"picked":"Ball Lightning","floor":1.0},{"not_picked":["StuffTheSpire:LoadUp","Beam Cell"],"picked":"Ball Lightning","floor":4.0},{"not_picked":["Rebound","StuffTheSpire:LoadUp"],"picked":"Buffer","floor":5.0},{"not_picked":["Barrage","Conserve Battery","Steam"],"picked":"SKIP","floor":6.0},{"not_picked":["Rebound","Streamline","Sunder"],"picked":"SKIP","floor":12.0},{"not_picked":["ReplaySolidLightProjector","Compile Driver","Streamline"],"picked":"SKIP","floor":14.0},{"not_picked":["hubris:SpecializedCircuitry","StuffTheSpire:LaunchingStrike"],"picked":"Electrodynamics","floor":16.0},{"not_picked":["Sweeping Beam","ReplayTheSpireMod:GoodbyeWorld","Redo"],"picked":"SKIP","floor":18.0},{"not_picked":["Sweeping Beam","hubris:PowerSurge+1","Coolheaded+1"],"picked":"SKIP","floor":20.0},{"not_picked":["ReplayTheSpireMod:System Scan","Recycle+1","Chaos"],"picked":"SKIP","floor":22.0},{"not_picked":["Coolheaded+1","conspire:SharedLibrary"],"picked":"Hologram+1","floor":24.0},{"not_picked":["Coolheaded+1","Steam Power+1","Streamline"],"picked":"SKIP","floor":25.0},{"not_picked":["Electrodynamics","Amplify+1"],"picked":"Echo Form","floor":26.0},{"not_picked":["StuffTheSpire:CleanHardDrive+1","Crystallizer","Fission+1"],"picked":"SKIP","floor":27.0},{"not_picked":["Leap+1","ReplayTheSpireMod:Reroute Power+1"],"picked":"BootSequence+1","floor":29.0}],"player_experience":2913120,"relics_obtained":[{"floor":6.0,"key":"MealTicket"},{"floor":14.0,"key":"infinitespire:Lucky Rock"},{"floor":24.0,"key":"Toxic Egg 2"},{"floor":25.0,"key":"wanderingMiniBosses:CarrionFlame"},{"floor":26.0,"key":"conspire:GiftBox"},{"floor":29.0,"key":"Prayer Wheel"}],"event_choices":[{"damage_healed":0.0,"max_hp_gain":0.0,"max_hp_loss":0.0,"gold_gain":0.0,"event_name":"Upgrade Shrine","player_choice":"Upgraded","floor":2.0,"gold_loss":0.0,"damage_taken":0.0,"cards_upgraded":["Zap"]},{"damage_healed":0.0,"max_hp_gain":0.0,"max_hp_loss":0.0,"gold_gain":0.0,"event_name":"Shining Light","player_choice":"Entered Light","floor":7.0,"gold_loss":0.0,"damage_taken":15.0,"cards_upgraded":["Defend_B","Defend_B"]},{"damage_healed":0.0,"max_hp_gain":0.0,"max_hp_loss":0.0,"gold_gain":0.0,"event_name":"betterNote:BetterNote","player_choice":"Ignored","floor":19.0,"gold_loss":0.0,"damage_taken":0.0,"cards_obtained":["Strike_P"]},{"damage_healed":0.0,"max_hp_gain":0.0,"max_hp_loss":0.0,"gold_gain":0.0,"event_name":"The Woman in Blue","player_choice":"Bought 3 Potions","floor":28.0,"gold_loss":0.0,"damage_taken":0.0}],"is_beta":false,"boss_relics":[{"not_picked":["halation:LoveArrow","Busted Crown"],"picked":"energizedSpire:MagnifyingGlass"}],"items_purged_floors":[3,21],"is_endless":false,"potions_floor_spawned":[1,4,22],"killed_by":"hubris:MusketHawk","ascension_level":11}}