{"host":"l84l8xigz5v5foa2","time":1609869537,"event":{"mods":["2.2 Compatiblity","AchievementEnabler","BaseMod","Better Note","Better Vampires","Card Filter","Colored Map","DeckTracker","Downfall","Gremlin Skip","Highlight Path","Keyboard Shortcuts","Minty Spire (QoL Compilation)","Permanent Neow","Quick Restart","Relic Filter","Relic Stats","StSLib","SuperFastMode","Transform Curses","Unknown Chances"],"gold_per_floor":[99,119,119,119,119,49,49,49,69,103,103,154,79,95,107,181,181,181,181,181,181,181,181,181,181,181,181,181,181,181,181,181,181,181,181,181,181,181,32,32,32,32,32,32,32,32,32,32,32,32],"floor_reached":51,"playtime":3023,"items_purged":[],"score":1399,"play_id":"485aa4f5-1f7e-46d4-b844-75e53f918b40","local_time":"20210106025857","is_ascension_mode":true,"campfire_choices":[{"data":"Guardian:TwinSlam","floor":1.0,"key":"SMITH"},{"data":"Guardian:FierceBash","floor":13.0,"key":"SMITH"},{"data":"Guardian:ShieldSpikes","floor":18.0,"key":"SMITH"},{"data":"Guardian:TemporalShield","floor":23.0,"key":"SMITH"},{"floor":25.0,"key":"RECALL"},{"data":"Bite","floor":28.0,"key":"SMITH"},{"data":"Guardian:GemFinder","floor":35.0,"key":"SMITH"},{"data":"Guardian:RevengeProtocol","floor":46,"key":"SMITH"}],"circlet_count":0,"master_deck":["AscendersBane","Guardian:Defend_Guardian+1","Guardian:Defend_Guardian","Guardian:CurlUp+1","Guardian:TwinSlam+1","Guardian:ChargeCore+1","Guardian:Reroute","Guardian:TemporalShield+1","Guardian:FierceBash+1","Guardian:ShieldSpikes+1","Guardian:StasisField+1","Guardian:Incinerate+1","Bite+1","Guardian:GemFinder+1","Guardian:GemFinder","CurseOfTheBell","Guardian:FuturePlans+1","Guardian:PiercingHide+1","Guardian:Clone+1","Guardian:RevengeProtocol+1"],"relics":["Guardian:ModeShifter","sneckomod:BlankCard","hexamod:BolsterEngine","downfall:HeartBlessingBlue","downfall:Hecktoplasm","downfall:HeartBlessingGreen","Du-Vu Doll","The Courier","downfall:HeartBlessingRed","Matryoshka","Potion Belt","Whetstone","Calling Bell","Ornamental Fan","Calipers","War Paint","Guardian:DefensiveModeMoreBlock","Thread and Needle","PreservedInsect","Guardian:PickAxe"],"acts_visited":["Exordium","TheCity","TheBeyond"],"potions_floor_usage":[50,50,50,50],"damage_taken":[{"damage":1.0,"enemies":"Cultist","floor":2.0,"turns":5.0},{"damage":0.0,"enemies":"downfall:FleeingMerchant","floor":6.0,"turns":4.0},{"damage":0.0,"enemies":"2 Louse","floor":9.0,"turns":2.0},{"damage":37.0,"enemies":"Gremlin Nob","floor":10.0,"turns":5.0},{"damage":0.0,"enemies":"Small Slimes","floor":14.0,"turns":2.0},{"damage":0.0,"enemies":"3 Louse","floor":15.0,"turns":2.0},{"damage":12.0,"enemies":"downfall:Watcher","floor":16.0,"turns":15.0},{"damage":11.0,"enemies":"Spheric Guardian","floor":19.0,"turns":6.0},{"damage":0.0,"enemies":"3 Cultists","floor":22.0,"turns":6.0},{"damage":13.0,"enemies":"Slavers","floor":26.0,"turns":6.0},{"damage":21.0,"enemies":"Book of Stabbing","floor":29.0,"turns":5.0},{"damage":0.0,"enemies":"Shelled Parasite and Fungi","floor":30.0,"turns":4.0},{"damage":3.0,"enemies":"Snecko","floor":32.0,"turns":8.0},{"damage":13.0,"enemies":"downfall:Silent","floor":33.0,"turns":9.0},{"damage":0.0,"enemies":"Orb Walker","floor":36.0,"turns":3.0},{"damage":3.0,"enemies":"3 Darklings","floor":37.0,"turns":7.0},{"damage":0.0,"enemies":"4 Shapes","floor":38.0,"turns":6.0},{"damage":0.0,"enemies":"downfall:FleeingMerchant","floor":39.0,"turns":4.0},{"damage":0.0,"enemies":"Mind Bloom Boss Battle","floor":40.0,"turns":6.0},{"damage":0.0,"enemies":"Transient","floor":42.0,"turns":6.0},{"damage":0.0,"enemies":"3 Darklings","floor":44.0,"turns":6.0},{"damage":0.0,"enemies":"Spire Growth","floor":45.0,"turns":7.0},{"damage":0,"enemies":"Transient","floor":47,"turns":6},{"damage":0,"enemies":"Writhing Mass","floor":49,"turns":9},{"damage":0,"enemies":"downfall:Defect","floor":50,"turns":9}],"seed_played":"4364319097881317963","potions_obtained":[{"floor":9.0,"key":"SkillPotion"},{"floor":14.0,"key":"SkillPotion"},{"floor":19.0,"key":"AttackPotion"},{"floor":30.0,"key":"FearPotion"},{"floor":33.0,"key":"ColorlessPotion"},{"floor":37.0,"key":"SpeedPotion"},{"floor":44.0,"key":"Slimebound:ThreeZeroPotion"},{"floor":45.0,"key":"Strength Potion"},{"floor":47,"key":"SkillPotion"},{"floor":49,"key":"Dexterity Potion"}],"is_trial":false,"path_per_floor":["R","M","?","?","?","$","T","?","M","E","?","T","R","M","M","B",null,"R","M","?","?","M","R","T","R","E","?","R","E","M","T","M","B",null,"R","M","M","M","$","?","T","M","?","M","M","R","M","?","M","B",null],"character_chosen":"GUARDIAN","items_purchased":["Guardian:Reroute","Guardian:DefensiveModeMoreBlock"],"campfire_rested":0,"item_purchase_floors":[6,39],"current_hp_per_floor":[65,64,64,64,64,64,64,64,64,27,11,11,21,21,21,9,64,64,53,53,53,57,57,57,57,50,50,50,29,29,29,32,34,66,66,72,77,77,77,77,77,77,77,77,77,77,77,77,77,77],"gold":32,"neow_bonus":"UPGRADE_CARD","is_daily":false,"chose_seed":false,"campfire_upgraded":7,"win_rate":0.0,"timestamp":1609869537,"path_taken":["R","M","?","?","?","$","T","?","M","E","?","?","R","?","M","BOSS","R","M","?","?","M","R","T","R","E","?","R","E","M","?","M","BOSS","R","M","M","M","$","?","T","M","?","M","M","R","M","?","M","BOSS"],"items_purchased_type":["Card","Relic"],"build_version":"2020-12-22","purchased_purges":0,"victory":true,"max_hp_per_floor":[72,72,72,72,72,72,72,72,72,72,72,72,82,82,82,82,82,82,82,82,77,77,77,77,77,77,77,77,77,77,77,77,77,77,77,77,77,77,77,77,77,77,77,77,77,77,77,77,77,77],"relic_stats":{"counters":[25,148],"Ornamental Fan":[68],"PreservedInsect":0,"Whetstone":["Guardian:ChargeCore","Guardian:Incinerate"],"War Paint":["Guardian:Defend_Guardian","Guardian:StasisField"],"obtain_stats":[{"Potion Belt":31,"Guardian:DefensiveModeMoreBlock":39,"Calipers":34,"downfall:HeartBlessingRed":28,"sneckomod:BlankCard":7,"Guardian:ModeShifter":0,"downfall:HeartBlessingGreen":18,"Thread and Needle":40,"The Courier":26,"PreservedInsect":41,"Whetstone":31,"War Paint":34,"Du-Vu Doll":24,"Calling Bell":34,"Guardian:PickAxe":41,"Matryoshka":29,"downfall:HeartBlessingBlue":13,"Ornamental Fan":34,"downfall:Hecktoplasm":17,"hexamod:BolsterEngine":10},{"Potion Belt":12,"Guardian:DefensiveModeMoreBlock":18,"Calipers":14,"downfall:HeartBlessingRed":10,"sneckomod:BlankCard":2,"Guardian:ModeShifter":0,"downfall:HeartBlessingGreen":7,"Thread and Needle":19,"The Courier":10,"PreservedInsect":19,"Whetstone":12,"War Paint":14,"Du-Vu Doll":9,"Calling Bell":14,"Guardian:PickAxe":19,"Matryoshka":11,"downfall:HeartBlessingBlue":4,"Ornamental Fan":14,"downfall:Hecktoplasm":7,"hexamod:BolsterEngine":4},{"Potion Belt":62,"Guardian:DefensiveModeMoreBlock":99,"Calipers":79,"downfall:HeartBlessingRed":53,"sneckomod:BlankCard":9,"Guardian:ModeShifter":0,"downfall:HeartBlessingGreen":35,"Thread and Needle":105,"The Courier":53,"PreservedInsect":105,"Whetstone":62,"War Paint":79,"Du-Vu Doll":47,"Calling Bell":79,"Guardian:PickAxe":105,"Matryoshka":58,"downfall:HeartBlessingBlue":16,"Ornamental Fan":79,"downfall:Hecktoplasm":35,"hexamod:BolsterEngine":16}]},"card_choices":[{"not_picked":["Guardian:Planning","Guardian:Gem_Red"],"picked":"Guardian:ChargeCore","floor":2.0},{"not_picked":["Guardian:PrismaticBarrier","Guardian:GuardianWhirl","Guardian:Gem_Yellow"],"picked":"SKIP","floor":6.0},{"not_picked":["Guardian:Suspension","Guardian:ArmoredProtocol"],"picked":"Guardian:TemporalShield","floor":9.0},{"not_picked":["Guardian:PolyBeam","Guardian:Repulse"],"picked":"Guardian:FierceBash","floor":10.0},{"not_picked":["Guardian:Reroute","Guardian:ArmoredProtocol","Guardian:ChargeUp"],"picked":"SKIP","floor":14.0},{"not_picked":["Guardian:GuardianWhirl","Guardian:Gem_Red"],"picked":"Guardian:ShieldSpikes","floor":15.0},{"not_picked":["Guardian:GatlingBeam","Guardian:GemFire"],"picked":"Guardian:StasisField","floor":16.0},{"not_picked":["Guardian:PrismaticBeam","Guardian:PrimingBeam"],"picked":"Guardian:Incinerate","floor":19.0},{"not_picked":["Guardian:MultiBeam","Guardian:Gem_Green"],"picked":"Guardian:Gem_Cyan","floor":22.0},{"not_picked":["Guardian:Reroute","Guardian:Gem_Green","Guardian:Gem_Red"],"picked":"SKIP","floor":26.0},{"not_picked":["Guardian:DecasProtection","Guardian:PrismaticBeam+1"],"picked":"Guardian:GemFinder","floor":29.0},{"not_picked":["Guardian:PiercingHide","Guardian:WalkerClaw"],"picked":"Guardian:Gem_Cyan","floor":30.0},{"not_picked":["Guardian:Gem_Lightblue","Guardian:Gem_Red"],"picked":"Guardian:Gem_Cyan","floor":32.0},{"not_picked":["Guardian:Gem_Crimson","Guardian:Planning","Guardian:Gem_Green"],"picked":"SKIP","floor":32.0},{"not_picked":["Guardian:RevengeProtocol","Guardian:FastForward"],"picked":"Guardian:GemFinder","floor":33.0},{"not_picked":["Guardian:Gem_Green","Guardian:Gem_Red"],"picked":"Guardian:Gem_Cyan","floor":33.0},{"not_picked":["Guardian:Recover","Guardian:BronzeArmor+1"],"picked":"Guardian:FuturePlans+1","floor":36.0},{"not_picked":["Guardian:RollAttack","Guardian:Gem_Crimson","Guardian:Clone"],"picked":"SKIP","floor":37.0},{"not_picked":["Guardian:DecasProtection","Guardian:RefractedBeam","Guardian:WalkerClaw+1"],"picked":"SKIP","floor":38.0},{"not_picked":["Guardian:AncientConstruct","Guardian:Gem_Fragmented"],"picked":"Guardian:PiercingHide+1","floor":39.0},{"not_picked":["Guardian:Reroute","Guardian:ChargeCore"],"picked":"Guardian:Clone+1","floor":40.0},{"not_picked":["Guardian:ArmoredProtocol","Guardian:PrimingBeam","Guardian:Reroute+1"],"picked":"SKIP","floor":42.0},{"not_picked":["Guardian:PolyBeam","Guardian:Gem_Red","Guardian:MultiBeam"],"picked":"SKIP","floor":44.0},{"not_picked":["Guardian:Gem_Red","Guardian:RollAttack+1"],"picked":"Guardian:RevengeProtocol","floor":45.0},{"not_picked":["Guardian:Harden+1","Guardian:PrimingBeam+1","Guardian:PolyBeam"],"picked":"SKIP","floor":47},{"not_picked":["Guardian:Gem_Green","Guardian:PiercingHide+1","Guardian:BronzeArmor"],"picked":"SKIP","floor":49}],"player_experience":2890074,"relics_obtained":[{"floor":7.0,"key":"sneckomod:BlankCard"},{"floor":10.0,"key":"hexamod:BolsterEngine"},{"floor":24.0,"key":"Du-Vu Doll"},{"floor":26.0,"key":"The Courier"},{"floor":29.0,"key":"Matryoshka"},{"floor":31.0,"key":"Potion Belt"},{"floor":31.0,"key":"Whetstone"},{"floor":34.0,"key":"Ornamental Fan"},{"floor":34.0,"key":"Calipers"},{"floor":34.0,"key":"War Paint"},{"floor":40.0,"key":"Thread and Needle"},{"floor":41.0,"key":"PreservedInsect"},{"floor":41.0,"key":"Guardian:PickAxe"}],"event_choices":[{"cards_removed":["Guardian:Defend_Guardian"],"damage_healed":0.0,"max_hp_gain":0.0,"max_hp_loss":0.0,"gold_gain":0.0,"event_name":"The Cleric","player_choice":"Card Removal","floor":5.0,"gold_loss":0.0,"damage_taken":0.0},{"cards_removed":["Guardian:Strike_Guardian"],"damage_healed":0.0,"max_hp_gain":0.0,"max_hp_loss":0.0,"gold_gain":0.0,"event_name":"Back to Basics","player_choice":"Elegance","floor":20.0,"gold_loss":0.0,"damage_taken":0.0},{"damage_healed":0.0,"max_hp_gain":0.0,"max_hp_loss":5.0,"gold_gain":0.0,"event_name":"Vampires","player_choice":"Became a vampire","floor":21.0,"gold_loss":0.0,"damage_taken":0.0,"cards_obtained":["Bite"]},{"cards_removed":["Guardian:Defend_Guardian"],"damage_healed":0.0,"max_hp_gain":0.0,"max_hp_loss":0.0,"gold_gain":0.0,"event_name":"Falling","player_choice":"Removed Skill","floor":43.0,"gold_loss":0.0,"damage_taken":0.0}],"is_beta":false,"boss_relics":[{"not_picked":["Empty Cage","Guardian:ModeShifterPlus"],"picked":"downfall:Hecktoplasm"},{"not_picked":["Astrolabe","Guardian:StasisSlotReductionRelic"],"picked":"Calling Bell"}],"items_purged_floors":[],"is_endless":false,"potions_floor_spawned":[9,14,15,19,30,33,37,44,45,47,49],"ascension_level":20}}