{"host":"p7j7o00jacnw7qzt","time":1609808787,"event":{"mods":["BaseMod","Colored Map","Colored Powertips","DeckTracker","Highlight Path","Minty Spire (QoL Compilation)","Relic Stats"],"gold_per_floor":[111,127,146,164,179,179,214,214,240,258,25,44,44,59,59,133,133,147,161,161,235,249,249,174,209,209,209,243,143,143,18,18,92,92,111,122,1121,1132,1142,1142,1168,1168,1192,1221,1221,1221,1238,1248,1248,1248,1248],"floor_reached":50,"playtime":2167,"items_purged":["Strike_R","Strike_R","Strike_R"],"score":1413,"play_id":"e47f1d46-3ca1-4eee-be36-4cce5dac1702","local_time":"20210104200627","is_ascension_mode":true,"campfire_choices":[{"data":"Blood for Blood","floor":6.0,"key":"SMITH"},{"floor":8.0,"key":"RECALL"},{"data":"Battle Trance","floor":13.0,"key":"SMITH"},{"data":"Body Slam","floor":15.0,"key":"SMITH"},{"data":"Second Wind","floor":23.0,"key":"SMITH"},{"data":"Pommel Strike","floor":27.0,"key":"SMITH"},{"data":"Second Wind","floor":30.0,"key":"SMITH"},{"data":"Power Through","floor":32.0,"key":"SMITH"},{"data":"Shrug It Off","floor":40.0,"key":"SMITH"},{"data":"Impervious","floor":45.0,"key":"SMITH"},{"data":"Impervious","floor":49.0,"key":"SMITH"}],"circlet_count":0,"master_deck":["AscendersBane","Defend_R","Defend_R","Defend_R","Defend_R","Bash","Second Wind+1","Impervious+1","Impervious+1","Power Through+1","Battle Trance+1","Body Slam+1","Pommel Strike+1","Second Wind+1","Normality","Normality","Shrug It Off+1","Shockwave+1"],"relics":["Burning Blood","Happy Flower","Tiny Chest","TheAbacus","Empty Cage","Enchiridion","Gremlin Horn","Juzu Bracelet","Art of War","MealTicket","Runic Dome","Blood Vial","PreservedInsect","Omamori"],"acts_visited":["Exordium","TheCity","TheBeyond"],"potions_floor_usage":[50],"damage_taken":[{"damage":6.0,"enemies":"Cultist","floor":1.0,"turns":3.0},{"damage":4.0,"enemies":"Jaw Worm","floor":2.0,"turns":5.0},{"damage":1.0,"enemies":"2 Louse","floor":3.0,"turns":3.0},{"damage":15.0,"enemies":"Looter","floor":4.0,"turns":4.0},{"damage":27.0,"enemies":"Large Slime","floor":5.0,"turns":7.0},{"damage":20.0,"enemies":"3 Sentries","floor":7.0,"turns":8.0},{"damage":16.0,"enemies":"Blue Slaver","floor":10.0,"turns":4.0},{"damage":11.0,"enemies":"Looter","floor":12.0,"turns":3.0},{"damage":1.0,"enemies":"Exordium Wildlife","floor":14.0,"turns":5.0},{"damage":0.0,"enemies":"The Guardian","floor":16.0,"turns":7.0},{"damage":0.0,"enemies":"Chosen","floor":18.0,"turns":5.0},{"damage":0.0,"enemies":"Shell Parasite","floor":19.0,"turns":6.0},{"damage":20.0,"enemies":"Cultist and Chosen","floor":22.0,"turns":4.0},{"damage":12.0,"enemies":"Gremlin Leader","floor":25.0,"turns":5.0},{"damage":4.0,"enemies":"Slavers","floor":28.0,"turns":12.0},{"damage":0.0,"enemies":"Collector","floor":33.0,"turns":5.0},{"damage":0.0,"enemies":"Orb Walker","floor":35.0,"turns":2.0},{"damage":0.0,"enemies":"3 Shapes","floor":36.0,"turns":4.0},{"damage":0.0,"enemies":"Sphere and 2 Shapes","floor":38.0,"turns":4.0},{"damage":0.0,"enemies":"Maw","floor":39.0,"turns":6.0},{"damage":6.0,"enemies":"Nemesis","floor":41.0,"turns":7.0},{"damage":8.0,"enemies":"Giant Head","floor":44.0,"turns":5.0},{"damage":17.0,"enemies":"Transient","floor":47.0,"turns":6.0},{"damage":0.0,"enemies":"3 Darklings","floor":48.0,"turns":5.0},{"damage":83,"enemies":"Donu and Deca","floor":50,"turns":8}],"seed_played":"-8008586731446299432","potions_obtained":[{"floor":2.0,"key":"Strength Potion"},{"floor":3.0,"key":"Energy Potion"},{"floor":14.0,"key":"ElixirPotion"},{"floor":18.0,"key":"AttackPotion"},{"floor":19.0,"key":"BlessingOfTheForge"},{"floor":25.0,"key":"Energy Potion"},{"floor":28.0,"key":"SkillPotion"},{"floor":38.0,"key":"Strength Potion"},{"floor":44.0,"key":"Swift Potion"},{"floor":47.0,"key":"Regen Potion"},{"floor":48.0,"key":"SkillPotion"}],"is_trial":false,"path_per_floor":["M","M","M","M","M","R","E","R","T","M","$","M","R","M","R","B",null,"M","M","?","T","M","R","?","E","T","R","E","$","R","$","R","B",null,"M","M","?","M","M","R","E","T","T","E","R","?","M","M","R","B"],"character_chosen":"IRONCLAD","items_purchased":["TheAbacus"],"campfire_rested":0,"item_purchase_floors":[11],"current_hp_per_floor":[75,77,82,73,52,52,38,38,38,28,28,23,23,28,28,34,70,76,82,61,61,47,47,47,41,41,41,43,58,58,73,73,79,81,82,82,82,82,82,82,82,82,82,80,80,80,71,79,79,0,0],"gold":1248,"neow_bonus":"TEN_PERCENT_HP_BONUS","is_daily":false,"chose_seed":false,"campfire_upgraded":10,"win_rate":0.0,"timestamp":1609808787,"path_taken":["M","?","M","M","M","R","E","R","T","M","$","M","R","?","R","BOSS","M","?","?","?","M","R","?","E","T","R","E","$","R","?","R","BOSS","M","M","?","M","M","R","E","?","T","E","R","?","M","M","R","BOSS"],"items_purchased_type":["Relic"],"build_version":"2020-12-22","purchased_purges":3,"victory":false,"max_hp_per_floor":[82,82,82,82,82,82,82,82,82,82,82,82,82,82,82,82,82,82,82,82,82,82,82,82,82,82,82,82,82,82,82,82,82,82,82,82,82,82,82,82,82,82,82,82,82,82,82,82,82,82,82],"relic_stats":{"Blood Vial":6,"TheAbacus":[528],"Happy Flower":[34],"Gremlin Horn":[8,14],"counters":[25,133],"Tiny Chest":2,"MealTicket":30,"PreservedInsect":130,"Juzu Bracelet":0,"Art of War":[9],"obtain_stats":[{"Happy Flower":7,"Gremlin Horn":21,"Enchiridion":20,"PreservedInsect":43,"Juzu Bracelet":25,"Omamori":44,"Empty Cage":17,"Burning Blood":0,"Blood Vial":41,"Runic Dome":34,"TheAbacus":11,"Tiny Chest":9,"MealTicket":28,"Art of War":26},{"Happy Flower":6,"Gremlin Horn":12,"Enchiridion":12,"PreservedInsect":21,"Juzu Bracelet":14,"Omamori":22,"Empty Cage":10,"Burning Blood":0,"Blood Vial":21,"Runic Dome":16,"TheAbacus":7,"Tiny Chest":6,"MealTicket":15,"Art of War":14},{"Happy Flower":30,"Gremlin Horn":60,"Enchiridion":60,"PreservedInsect":109,"Juzu Bracelet":69,"Omamori":114,"Empty Cage":49,"Burning Blood":0,"Blood Vial":109,"Runic Dome":86,"TheAbacus":34,"Tiny Chest":30,"MealTicket":81,"Art of War":69}],"Burning Blood":121},"card_choices":[{"not_picked":["Anger","Burning Pact"],"picked":"Second Wind","floor":1.0},{"not_picked":["Cleave","Wild Strike","Perfected Strike"],"picked":"SKIP","floor":2.0},{"not_picked":["Dual Wield","Heavy Blade","Clash"],"picked":"SKIP","floor":3.0},{"not_picked":["Sword Boomerang","Flame Barrier"],"picked":"Blood for Blood","floor":4.0},{"not_picked":["Disarm","True Grit"],"picked":"Impervious","floor":5.0},{"not_picked":["Headbutt","Sword Boomerang"],"picked":"Impervious","floor":7.0},{"not_picked":["Armaments","Thunderclap"],"picked":"Power Through","floor":10.0},{"not_picked":["Rupture","Shockwave"],"picked":"Battle Trance","floor":12.0},{"not_picked":["Spot Weakness","Warcry"],"picked":"Body Slam","floor":14.0},{"not_picked":["Perfected Strike","Sentinel","Hemokinesis"],"picked":"SKIP","floor":18.0},{"not_picked":["Armaments","Havoc","Carnage"],"picked":"SKIP","floor":19.0},{"not_picked":["Shrug It Off","Havoc","Body Slam+1"],"picked":"SKIP","floor":22.0},{"not_picked":["Warcry","Armaments"],"picked":"Pommel Strike","floor":25.0},{"not_picked":["Clothesline","Disarm"],"picked":"Second Wind","floor":28.0},{"not_picked":["Iron Wave","Body Slam","Sever Soul"],"picked":"SKIP","floor":35.0},{"not_picked":["Combust+1","Disarm","Clash+1"],"picked":"SKIP","floor":36.0},{"not_picked":["Inflame+1","Armaments"],"picked":"Shrug It Off","floor":38.0},{"not_picked":["Heavy Blade","Warcry","Headbutt+1"],"picked":"SKIP","floor":39.0},{"not_picked":["Reaper","Wild Strike","Pommel Strike"],"picked":"SKIP","floor":41.0},{"not_picked":["Demon Form","Twin Strike","Hemokinesis"],"picked":"SKIP","floor":44.0},{"not_picked":["Metallicize","Anger"],"picked":"Shockwave+1","floor":47.0},{"not_picked":["Seeing Red","Warcry","Twin Strike+1"],"picked":"SKIP","floor":48.0}],"player_experience":1005915,"relics_obtained":[{"floor":7.0,"key":"Happy Flower"},{"floor":9.0,"key":"Tiny Chest"},{"floor":20.0,"key":"Enchiridion"},{"floor":21.0,"key":"Gremlin Horn"},{"floor":25.0,"key":"Juzu Bracelet"},{"floor":26.0,"key":"Art of War"},{"floor":28.0,"key":"MealTicket"},{"floor":41.0,"key":"Blood Vial"},{"floor":43.0,"key":"PreservedInsect"},{"floor":44.0,"key":"Omamori"}],"event_choices":[{"damage_healed":0.0,"max_hp_gain":0.0,"max_hp_loss":0.0,"gold_gain":0.0,"event_name":"Cursed Tome","player_choice":"Obtained Book","floor":20.0,"gold_loss":0.0,"damage_taken":21.0},{"cards_removed":["Blood for Blood"],"damage_healed":0.0,"max_hp_gain":0.0,"max_hp_loss":0.0,"gold_gain":0.0,"event_name":"Beggar","player_choice":"Gave Gold","floor":24.0,"gold_loss":75.0,"damage_taken":0.0},{"damage_healed":0.0,"max_hp_gain":0.0,"max_hp_loss":0.0,"gold_gain":999.0,"event_name":"MindBloom","player_choice":"Gold","floor":37.0,"gold_loss":0.0,"damage_taken":0.0,"cards_obtained":["Normality","Normality"]},{"damage_healed":0.0,"max_hp_gain":0.0,"max_hp_loss":0.0,"gold_gain":0.0,"event_name":"Tomb of Lord Red Mask","player_choice":"Ignored","floor":46.0,"gold_loss":0.0,"damage_taken":0.0}],"is_beta":false,"boss_relics":[{"not_picked":["Pandora\u0027s Box","Sozu"],"picked":"Empty Cage"},{"not_picked":["Tiny House","Velvet Choker"],"picked":"Runic Dome"}],"items_purged_floors":[11,29,31],"is_endless":false,"potions_floor_spawned":[2,3,14,18,19,25,28,38,44,47,48],"killed_by":"Donu and Deca","ascension_level":20}}