{"host":"y2kfqdipa4rrljwb","time":1609829748,"event":{"mods":["AchievementEnabler","Act Like it!","BaseMod","Downfall","Duelist Mod","Friendly Minions","Gensokyo","GungeonMod","Hallownest","Infinite Spire","Marisa£®ÏF”Í°°ƒß¿Ì…≥£©","Minty Spire (QoL Compilation)","Random Character Mod","Relic Stats","Remilia£®¿Ÿ√◊¿Ú—«£©","Replay The Spire","Say the Spire","StSLib","The Animator","The Bug Knight","The Cursed","The Marked","The Poker Player","The Servant 0.9.4","vexMod","°æ“≈ŒÔø®≈∆°øREMEMod"],"gold_per_floor":[99,119,138,154,154,186,486,500,425,442,102,102,102,202,213,311,311,311,331,431,444,457,518,518,518,518],"floor_reached":24,"playtime":2187,"items_purged":["hexamod:Float+1"],"score":260,"play_id":"43cb8cbd-71b7-4b42-acd7-f71971169d5c","local_time":"20210105145548","is_ascension_mode":true,"campfire_choices":[{"data":"hexamod:Float","floor":1,"key":"SMITH"},{"data":"hexamod:Incineration","floor":9,"key":"SMITH"},{"data":"hexamod:Incineration","floor":13,"key":"SMITH"},{"floor":18,"key":"RECALL"}],"circlet_count":0,"master_deck":["hexamod:Strike+1","hexamod:Strike","hexamod:Strike","hexamod:Defend+1","hexamod:Defend+1","hexamod:Defend","hexamod:Defend","hexamod:Sear+1","hexamod:Incineration+1","hexamod:ShieldOfDarkness+1","hexamod:SwordOfDarkness","hexamod:NightmareStrike","hexamod:Incineration+1","hexamod:GhostflameBarrier+1","hexamod:SpectersWail+1","hexamod:SixthSeal","hexamod:NightmareStrike+1","hexamod:HexaLevel"],"relics":["REME_ComplimentaryCards","Snecko Eye","Pen Nib","Old Coin","downfall:HeartBlessingGreen","BargainBundle","Oddly Smooth Stone","vexMod:BigBerry","downfall:CloakOfManyFaces","CultistMask","FaceOfCleric","NlothsMask","GremlinMask","SsserpentHead","DemoMod:GlassGuonStoneRelic"],"acts_visited":["Exordium","TheCity","TheCity"],"potions_floor_usage":[20],"damage_taken":[{"damage":0,"enemies":"2 Louse","floor":2,"turns":3},{"damage":1,"enemies":"Jaw Worm","floor":3,"turns":3},{"damage":0,"enemies":"Cultist","floor":4,"turns":3},{"damage":7,"enemies":"Gremlin Nob","floor":6,"turns":3},{"damage":15,"enemies":"Large Slime","floor":8,"turns":3},{"damage":0,"enemies":"3 Louse","floor":10,"turns":2},{"damage":1,"enemies":"downfall:FleeingMerchant","floor":11,"turns":4},{"damage":26,"enemies":"downfall:Heads","floor":14,"turns":6},{"damage":0,"enemies":"2 Fungi Beasts","floor":15,"turns":3},{"damage":17,"enemies":"downfall:Ironclad","floor":16,"turns":4},{"damage":0,"enemies":"Shell Parasite","floor":19,"turns":3},{"damage":1,"enemies":"downfall:FaceTrader","floor":20,"turns":4},{"damage":0,"enemies":"Spheric Guardian","floor":21,"turns":3},{"damage":6,"enemies":"Centurion and Healer","floor":22,"turns":4},{"damage":9,"enemies":"3 Cultists","floor":23,"turns":5}],"seed_played":"1194623848869155936","potions_obtained":[{"floor":4,"key":"Weak Potion"},{"floor":8,"key":"Ancient Potion"},{"floor":15,"key":"PowerPotion"},{"floor":21,"key":"DistilledChaos"}],"is_trial":false,"path_per_floor":["R","M","M","M","?","E","T","M","R","M","$","?","R","?","M","B",null,"R","M","?","M","M","M","T"],"character_chosen":"THE_SPIRIT","items_purchased":["DemoMod:GnawedKey","BargainBundle","Energy Potion","hexamod:Incineration"],"campfire_rested":0,"item_purchase_floors":[11,11,11,11],"current_hp_per_floor":[70,70,69,69,69,62,62,47,47,47,46,46,46,20,20,3,100,100,100,99,100,95,87,103,103,103],"gold":518,"neow_bonus":"BOSS_RELIC","is_daily":false,"chose_seed":false,"campfire_upgraded":3,"win_rate":0.0,"timestamp":1609829748,"path_taken":["R","M","M","M","?","E","T","M","R","M","$","?","R","?","M","BOSS","R","M","?","M","M","?","T"],"items_purchased_type":["Relic","Relic","Potion","Card"],"build_version":"2020-12-22","purchased_purges":1,"victory":false,"max_hp_per_floor":[70,70,70,70,70,70,70,70,70,70,70,70,70,70,70,70,100,100,100,100,101,102,103,103,103,103],"relic_stats":{"SsserpentHead":50,"FaceOfCleric":3,"counters":[15,53],"Snecko Eye":[96,81,102,101],"Pen Nib":[6],"obtain_stats":[{"BargainBundle":11,"Oddly Smooth Stone":12,"downfall:HeartBlessingGreen":9,"GremlinMask":20,"DemoMod:GlassGuonStoneRelic":3,"Pen Nib":6,"Old Coin":7,"SsserpentHead":20,"FaceOfCleric":20,"Snecko Eye":0,"CultistMask":20,"DemoMod:GnawedKey":11,"downfall:CloakOfManyFaces":20,"hexamod:SpiritBrand":0,"REME_ComplimentaryCards":0,"vexMod:BigBerry":17,"NlothsMask":20},{"BargainBundle":7,"Oddly Smooth Stone":7,"downfall:HeartBlessingGreen":5,"GremlinMask":12,"DemoMod:GlassGuonStoneRelic":2,"Pen Nib":4,"Old Coin":4,"SsserpentHead":12,"FaceOfCleric":12,"Snecko Eye":0,"CultistMask":12,"DemoMod:GnawedKey":7,"downfall:CloakOfManyFaces":12,"hexamod:SpiritBrand":0,"REME_ComplimentaryCards":0,"vexMod:BigBerry":10,"NlothsMask":12},{"BargainBundle":21,"Oddly Smooth Stone":21,"downfall:HeartBlessingGreen":15,"GremlinMask":41,"DemoMod:GlassGuonStoneRelic":6,"Pen Nib":12,"Old Coin":12,"SsserpentHead":41,"FaceOfCleric":41,"Snecko Eye":0,"CultistMask":41,"DemoMod:GnawedKey":21,"downfall:CloakOfManyFaces":41,"hexamod:SpiritBrand":0,"REME_ComplimentaryCards":0,"vexMod:BigBerry":34,"NlothsMask":41}]},"card_choices":[{"not_picked":["hexamod:FastForward","hexamod:HeatShield"],"picked":"hexamod:Incineration","floor":2},{"not_picked":["hexamod:Rewind","hexamod:DynamicBlow","hexamod:Hexaguard"],"picked":"SKIP","floor":3},{"not_picked":["hexamod:PhantomCloak","hexamod:PhantomFireball","hexamod:HauntingEcho"],"picked":"SKIP","floor":4},{"not_picked":["hexamod:AdvancingGuard","hexamod:PowerFromBeyond"],"picked":"hexamod:ShieldOfDarkness","floor":6},{"not_picked":["hexamod:GhostShield","hexamod:BurningTouch","hexamod:FastForward"],"picked":"SKIP","floor":8},{"not_picked":["hexamod:TimeWarp","hexamod:ChargedBarrage"],"picked":"hexamod:SwordOfDarkness","floor":10},{"not_picked":["hexamod:FourthSeal","hexamod:GhostOfSpireFuture"],"picked":"hexamod:NightmareStrike","floor":11},{"not_picked":["hexamod:ThermalTransfer","hexamod:EtherealExpedition"],"picked":"hexamod:GhostflameBarrier","floor":14},{"not_picked":["hexamod:ShieldOfDarkness","hexamod:InspiringFlames","hexamod:Hexaguard"],"picked":"SKIP","floor":15},{"not_picked":["hexamod:WildfireWeapon","hexamod:UnleashSpirits"],"picked":"hexamod:SixthSeal","floor":16},{"not_picked":["hexamod:BurningTouch+1","hexamod:AdvancingGuard","hexamod:FastForward"],"picked":"SKIP","floor":19},{"not_picked":["hexamod:Rewind","hexamod:CatchUp"],"picked":"hexamod:NightmareStrike+1","floor":20},{"not_picked":["hexamod:NightmareStrike","hexamod:BurningTouch","hexamod:PhantomCloak"],"picked":"SKIP","floor":21},{"not_picked":["hexamod:SwordOfDarkness","hexamod:AdvancingGuard+1"],"picked":"hexamod:HexaLevel","floor":22},{"not_picked":["hexamod:ThermalTransfer","hexamod:ExtraCrispy","hexamod:Hexaguard"],"picked":"SKIP","floor":23}],"player_experience":297509,"relics_obtained":[{"floor":6,"key":"Pen Nib"},{"floor":7,"key":"Old Coin"},{"floor":12,"key":"Oddly Smooth Stone"},{"floor":20,"key":"downfall:CloakOfManyFaces"}],"event_choices":[],"is_beta":false,"boss_relics":[{"not_picked":["Honey Jar","ReplayTheSpireMod:DimensionalGlitch"],"picked":"vexMod:BigBerry"}],"items_purged_floors":[11],"is_endless":false,"potions_floor_spawned":[4,8,15,16,19,21],"ascension_level":1}}