{"host":"ifrtxrfi0kt9ye6r","time":1609883159,"event":{"mods":["100% Spire Juice","Act Like it!","BaseMod","BetterRewards","Downfall","Gensokyo","Hubris","Infinite Spire","Koishi","Marisa£¨Ùöéë¡¡Øª×âÞÞ£©","Minty Spire (QoL Compilation)","Replay The Spire","StSLib","The Animator"],"gold_per_floor":[111,111,111,129,147,158,184,202,202,228,228,238,272,29,29,126,126,141,351,351,351,361,388,388,415,415,449,399,114,128,143,143,245,245,256,256,256,271,289,289,315,351,403,403,434,434,45,45,45,75,75,75,75,110,146],"floor_reached":56,"playtime":4286,"items_purged":["Koishi:BasicStrike"],"score":1849,"play_id":"042a6426-f086-4dd7-bf02-7363a0195b72","local_time":"20210106064559","is_ascension_mode":true,"campfire_choices":[{"floor":15,"key":"RECALL"},{"data":"Koishi:BasicStrike","floor":32,"key":"PURGE"},{"data":"hubris:Fate","floor":40,"key":"SMITH"},{"data":"Koishi:GeneticsOfTheUnconscious","floor":46,"key":"SMITH"},{"data":"Koishi:MindStellarRelief","floor":49,"key":"PURGE"},{"data":"Gensokyo:ShootingStar","floor":52,"key":"SMITH"}],"circlet_count":0,"master_deck":["Koishi:BasicDefend","Koishi:BasicDefend","Koishi:BasicDefend","Koishi:Provoke","Koishi:HauntingSlash","Deep Breath+1","Koishi:FreudianInstinct+1","Koishi:DNAsFlaw","Koishi:MassHysteria","Koishi:SubconsciousSweep+1","Koishi:ReflexRadar","Koishi:BramblyRoseGarden","Koishi:FleetingPhantom","Koishi:GeneticsOfTheUnconscious+1","Koishi:FreudianInstinct","Koishi:SuperEgo+1","Koishi:Prune+1","Koishi:UnconsciousUprising","hubris:Fate+1","Koishi:HeartAttack+1","Koishi:ReleaseOfTheId+1","Panache","Koishi:SubterraneanRose","Koishi:HeartfeltFancy+1","Gensokyo:ShootingStar+1","Koishi:GrowingPain+1","Koishi:SpiritedAway+1","Koishi:Whimsy+1","Koishi:IdleWhim+1","Gensokyo:Shovel","Gensokyo:RustyChest","Koishi:HeartAttack+1"],"relics":["Koishi:ImaginaryFriend","PreservedInsect","Gensokyo:PortableGap","ReplayTheSpireMod:TigerMarble","Molten Egg 2","Pear","hubris:Towel","hubris:CuriousFeather","ClockworkSouvenir","Philosopher\u0027s Stone","ReplayFunnel","Gensokyo:RedStar","Ring of Chaos","Koishi:TeethAndClaws","Blue Doll","Bag of Preparation","Replay:Mystery Machine","Guide Book","ReplayTheSpireMod:ShopPack","hubris:ScarierMask","Replay:Bandana","Frozen Eye","Strange Spoon","hubris:Icosahedron","Onion Ring"],"acts_visited":["Gensokyo:Gensokyo","Gensokyo:Gensokyoer","Gensokyo:Gensokyoest","TheEnding"],"potions_floor_usage":[55,55],"damage_taken":[{"damage":0,"enemies":"Gensokyo:Python","floor":1,"turns":5},{"damage":10,"enemies":"Gensokyo:Gryphon","floor":4,"turns":3},{"damage":0,"enemies":"Gensokyo:3_Fairies","floor":5,"turns":3},{"damage":5,"enemies":"Gensokyo:VengefulSpirit","floor":6,"turns":7},{"damage":0,"enemies":"Gensokyo:Mamizou","floor":7,"turns":8},{"damage":0,"enemies":"Gensokyo:3_Kodama","floor":8,"turns":1},{"damage":0,"enemies":"Gensokyo:Aya","floor":10,"turns":2},{"damage":9,"enemies":"Gensokyo:Python_and_Kodama","floor":12,"turns":4},{"damage":3,"enemies":"Gensokyo:Cirno","floor":13,"turns":6},{"damage":15,"enemies":"Gensokyo:Reimu","floor":16,"turns":8},{"damage":8,"enemies":"Gensokyo:AngelMirror","floor":18,"turns":6},{"damage":15,"enemies":"Gensokyo:3_Dogs","floor":19,"turns":5},{"damage":0,"enemies":"Gensokyo:Wraith","floor":22,"turns":3},{"damage":0,"enemies":"Gensokyo:Reisen","floor":23,"turns":3},{"damage":0,"enemies":"Gensokyo:Tenshi","floor":25,"turns":3},{"damage":1,"enemies":"Gensokyo:Koishi","floor":27,"turns":3},{"damage":0,"enemies":"Gensokyo:3_Gloops","floor":30,"turns":2},{"damage":7,"enemies":"Gensokyo:Slime_Group","floor":31,"turns":4},{"damage":3,"enemies":"Gensokyo:Eiki","floor":33,"turns":5},{"damage":18,"enemies":"Gensokyo:3_Boulders","floor":35,"turns":3},{"damage":0,"enemies":"Gensokyo:3_Bats","floor":38,"turns":1},{"damage":0,"enemies":"Gensokyo:SeedOfUnknown","floor":39,"turns":1},{"damage":0,"enemies":"Gensokyo:Marisa","floor":41,"turns":4},{"damage":0,"enemies":"Gensokyo:AtlasGolem","floor":42,"turns":2},{"damage":0,"enemies":"Gensokyo:Rafflesia","floor":45,"turns":3},{"damage":0,"enemies":"Gensokyo:Scarlet_Devils","floor":50,"turns":4},{"damage":0,"enemies":"Shield and Spear","floor":54,"turns":1},{"damage":26,"enemies":"The Heart","floor":55,"turns":5}],"seed_played":"-2488664846463967093","potions_obtained":[{"floor":4,"key":"SteroidPotion"},{"floor":6,"key":"infinitespire:BlackPotion"},{"floor":12,"key":"PowerPotion"},{"floor":13,"key":"Energy Potion"},{"floor":22,"key":"BlessingOfTheForge"}],"is_trial":false,"path_per_floor":["M","?","?","M","M","M","E","M","T","E","?","M","E","COS","R","B",null,"M","M","?","AVR","M","E","?","E","T","E","?","COS","M","M","R","B",null,"M","?","?","M","M","R","E","M","T","?","M","R","COS","?","R","B",null,"R","$","E","B",null],"character_chosen":"KOISHI","items_purchased":["Deep Breath","Koishi:FreudianInstinct","Koishi:DNAsFlaw","PreservedInsect"],"campfire_rested":0,"item_purchase_floors":[0,0,0,0],"current_hp_per_floor":[60,54,54,46,47,45,46,46,46,56,56,48,45,45,45,33,64,57,45,45,45,46,50,50,51,51,51,58,58,59,52,52,66,68,50,50,50,50,50,50,50,51,51,51,54,54,54,54,54,54,65,65,65,65,39],"gold":146,"neow_bonus":"","is_daily":false,"chose_seed":false,"campfire_upgraded":3,"win_rate":0.0,"timestamp":1609883159,"path_taken":["M","?","?","M","M","M","E","M","T","E","?","M","E","COS","R","BOSS","M","?","?","AVR","M","E","?","E","T","E","?","COS","M","M","R","BOSS","M","?","?","?","M","R","E","M","T","?","M","R","COS","?","R","BOSS","R","$","E","BOSS"],"items_purchased_type":["Card","Card","Card","Relic"],"build_version":"2020-12-22","purchased_purges":1,"victory":true,"max_hp_per_floor":[60,54,54,54,54,54,54,54,54,64,64,64,64,64,64,64,64,64,64,64,64,64,64,64,64,64,61,68,68,68,68,68,68,68,68,68,68,68,68,68,68,68,68,68,68,68,68,65,65,65,65,65,65,65,65],"card_choices":[{"not_picked":["Koishi:SubterraneanRose","Koishi:DreadfulBlow"],"picked":"Koishi:MassHysteria","floor":1},{"not_picked":["Koishi:YoukaiPolygraph","Koishi:SubconsciousSweep"],"picked":"Koishi:ReflexRadar","floor":4},{"not_picked":["Koishi:RacingHeart","Koishi:UnconsciousUrges"],"picked":"Koishi:BramblyRoseGarden","floor":5},{"not_picked":["Koishi:DNAsFlaw","Koishi:EmbryosDream"],"picked":"Koishi:FleetingPhantom","floor":6},{"not_picked":["Koishi:Jaunt","Koishi:PhantomStrike"],"picked":"Koishi:GeneticsOfTheUnconscious","floor":7},{"not_picked":["Koishi:RacingHeart","Koishi:ReflexRadar"],"picked":"Koishi:FreudianInstinct","floor":8},{"not_picked":["Koishi:Vanish","Koishi:RacingHeart+1","Koishi:GrowingPain+1"],"picked":"SKIP","floor":10},{"not_picked":["Koishi:UnseenTerror+1","Koishi:JumpScare","Koishi:ParalyzingFear+1"],"picked":"SKIP","floor":12},{"not_picked":["Koishi:CatchAndRose","Koishi:ParalyzingFear+1","Koishi:FleetingPhantom"],"picked":"SKIP","floor":13},{"not_picked":["Koishi:RollingInRichesHeart","Koishi:ConditionedTeleport"],"picked":"Koishi:SuperEgo+1","floor":16},{"not_picked":["Koishi:HeartAttack+1","Koishi:SpiritedAway+1"],"picked":"Koishi:Prune+1","floor":18},{"not_picked":["Koishi:DNAsFlaw","Koishi:FleetingPhantom"],"picked":"Koishi:UnconsciousUprising","floor":19},{"not_picked":["Koishi:UnansweredLove","Koishi:GhostParty"],"picked":"Koishi:HeartAttack+1","floor":22},{"not_picked":["Koishi:Vanish","Koishi:UnansweredLove","Koishi:PhilosophyOfTheDespised"],"picked":"SKIP","floor":23},{"not_picked":["Koishi:PredatoryInstincts","Koishi:DreadfulBlow+1","Koishi:PhilosophyOfTheDespised"],"picked":"SKIP","floor":25},{"not_picked":["Koishi:StingingMind+1","Koishi:ReflexRadar"],"picked":"Koishi:ReleaseOfTheId+1","floor":27},{"not_picked":["ReplayTheSpireMod:Necrogeddon","expansioncontent:StudyTheSpire"],"picked":"Panache","floor":29},{"not_picked":["Koishi:PhantomBarrier","Koishi:MindNumbingTerror+1"],"picked":"Koishi:SubterraneanRose","floor":30},{"not_picked":["Koishi:Prune+1","Koishi:UnansweredLove"],"picked":"Koishi:HeartfeltFancy+1","floor":31},{"not_picked":[],"picked":"Gensokyo:ShootingStar","floor":33},{"not_picked":["Koishi:RoseHell","Koishi:PerfectMindControl"],"picked":"Koishi:GrowingPain+1","floor":33},{"not_picked":["Koishi:PhantomStrike+1","Koishi:GeneticsOfTheUnconscious"],"picked":"Koishi:SpiritedAway+1","floor":35},{"not_picked":["Koishi:FleetingPhantom","Koishi:VengefulSpirit"],"picked":"Koishi:Whimsy+1","floor":38},{"not_picked":["Koishi:DreadfulBlow+1","Koishi:FleetingPhantom+1","Koishi:Bloodlust"],"picked":"SKIP","floor":39},{"not_picked":["Koishi:ApparitionsStalkTheNight","Koishi:SubconsciousSweep+1"],"picked":"Koishi:IdleWhim+1","floor":41},{"not_picked":["Koishi:PhilosophyOfTheDespised+1","Koishi:PhantomBarrier","Koishi:ParalyzingFear+1"],"picked":"SKIP","floor":42},{"not_picked":["Koishi:FidgetySnatcher","Koishi:StingingMind+1","Koishi:RoseHell"],"picked":"SKIP","floor":45},{"not_picked":["Koishi:RacingHeart+1","Koishi:TremblingHands+1"],"picked":"Koishi:HeartAttack+1","floor":54}],"player_experience":264325,"relics_obtained":[{"floor":7,"key":"ReplayTheSpireMod:TigerMarble"},{"floor":9,"key":"Molten Egg 2"},{"floor":10,"key":"Pear"},{"floor":13,"key":"hubris:CuriousFeather"},{"floor":23,"key":"Koishi:TeethAndClaws"},{"floor":25,"key":"Blue Doll"},{"floor":26,"key":"Bag of Preparation"},{"floor":27,"key":"Replay:Mystery Machine"},{"floor":41,"key":"Replay:Bandana"},{"floor":54,"key":"Onion Ring"}],"event_choices":[],"is_beta":false,"boss_relics":[{"not_picked":["SacredBark","infinitespire:Cupcake"],"picked":"Philosopher\u0027s Stone"},{"not_picked":["Busted Crown","hubris:CrackedHourglass"],"picked":"hubris:ScarierMask"}],"items_purged_floors":[0],"is_endless":false,"potions_floor_spawned":[4,6,12,13,19,22,33,38,39,41,45],"ascension_level":1}}