{"host":"s9dep4x43c14s74h","time":1609808412,"event":{"mods":["BaseMod","Downfall","Gremlin Mod","Hermit","HololiveMod","Jorbs\u0027s Wanderer Trilogy","Lobotomy","Marisa????????","Minty Spire (QoL Compilation)","Replay The Spire","StSLib","The Animator","The Bug Knight","The Construct","The Cursed","The Necromancer","The Runesmith","The Servant 0.9.4"],"gold_per_floor":[99,116,128,4,4,23,23,23,42,58,58,91,1,101,111,212,212,212,223,237,237,0,14,14,29,63,78,78,78,110,37,54,157,207,267,284,284,284,297,311,311,311,341,355,355,375,406,419,419,419,419],"floor_reached":49,"playtime":24655,"items_purged":["Guardian:Aged","Slimebound:Strike_Slimebound"],"score":726,"play_id":"58604934-592b-46a3-a303-1d58080311f1","local_time":"20210105040012","is_ascension_mode":true,"campfire_choices":[{"data":"Slimebound:CorrosiveSpit","floor":1.0,"key":"SMITH"},{"data":"Slimebound:LevelUp","floor":11.0,"key":"SMITH"},{"floor":18.0,"key":"DIG"},{"data":"Slimebound:DuplicatedForm","floor":29.0,"key":"SMITH"},{"floor":42.0,"key":"RECALL"},{"data":"Slimebound:AcidTongue","floor":45.0,"key":"SMITH"},{"data":"Slimebound:Gluttony","floor":45.0,"key":"SMITH"}],"circlet_count":0,"master_deck":["Slimebound:Tackle","Slimebound:Defend_Slimebound","Slimebound:Defend_Slimebound+1","Slimebound:Defend_Slimebound","Slimebound:Defend_Slimebound","Slimebound:Split+1","Slimebound:CorrosiveSpit+1","Slimebound:LevelUp+1","Slimebound:SplitMire","Slimebound:PressTheAttack","Slimebound:RejuvenatingLick+1","Slimebound:ViciousTackle","Slimebound:Gluttony+1","Slimebound:RallyTheTroops","Slimebound:LeadByExample+1","Slimebound:OneTwoCombo","Slimebound:SplitBruiser","Slimebound:DuplicatedForm+1","Slimebound:Replication","Slimebound:LivingWall","Slimebound:SelfFormingGoo","Slimebound:RainOfGoop+1","Slimebound:SlimeBarrage","Slimebound:FormOfPuddle","Slimebound:Split+1","Slimebound:ViciousTackle","Slimebound:GoopSpray","Slimebound:SplitMire","Slimebound:Equalize+1","Slimebound:RainOfGoop","Slimebound:GoopSpray+1","Slimebound:MassFeed+1","Slimebound:MegaLick","Slimebound:AcidTongue+1","Replay:SS_forest_2","Slimebound:Teamwork","Slimebound:PressTheAttack+1","Slimebound:HauntingLick","Slimebound:SplitAcid+1","Slimebound:SplitMire+1","Slimebound:RollThrough+1"],"relics":["Slimebound:AbsorbEndCombat","Ring of Panic","Ring of Searing","downfall:ShatteredFragment","Art of War","Sozu","Iron Hammer","Enchiridion","Thread and Needle","DollysMirror","Darkstone Periapt","Tiny Chest","Molten Egg 2","Tiny House","Sundial","Pear","Replay:Arrowhead","Pet Ghost"],"acts_visited":["Exordium","TheCity","TheBeyond"],"potions_floor_usage":[],"damage_taken":[{"damage":8.0,"enemies":"Cultist","floor":2.0,"turns":3.0},{"damage":10.0,"enemies":"Jaw Worm","floor":3.0,"turns":3.0},{"damage":28.0,"enemies":"downfall:FleeingMerchant","floor":4.0,"turns":4.0},{"damage":21.0,"enemies":"Small Slimes","floor":6.0,"turns":3.0},{"damage":14.0,"enemies":"2 Fungi Beasts","floor":9.0,"turns":2.0},{"damage":18.0,"enemies":"Exordium Wildlife","floor":10.0,"turns":2.0},{"damage":35.0,"enemies":"3 Sentries","floor":12.0,"turns":5.0},{"damage":25.0,"enemies":"downfall:FleeingMerchant","floor":13.0,"turns":4.0},{"damage":39.0,"enemies":"downfall:Heads","floor":14.0,"turns":4.0},{"damage":36.0,"enemies":"Exordium Thugs","floor":15.0,"turns":2.0},{"damage":56.0,"enemies":"downfall:Watcher","floor":16.0,"turns":4.0},{"damage":33.0,"enemies":"3 Byrds","floor":19.0,"turns":3.0},{"damage":30.0,"enemies":"Centurion and Healer","floor":20.0,"turns":3.0},{"damage":35.0,"enemies":"downfall:FleeingMerchant","floor":22.0,"turns":4.0},{"damage":17.0,"enemies":"Snake Plant","floor":23.0,"turns":2.0},{"damage":22.0,"enemies":"Snecko","floor":25.0,"turns":2.0},{"damage":34.0,"enemies":"Replay:Snechameleon","floor":26.0,"turns":3.0},{"damage":24.0,"enemies":"Cultist and Chosen","floor":27.0,"turns":3.0},{"damage":39.0,"enemies":"Book of Stabbing","floor":30.0,"turns":3.0},{"damage":35.0,"enemies":"Chosen and Byrds","floor":32.0,"turns":2.0},{"damage":82.0,"enemies":"downfall:Ironclad","floor":33.0,"turns":5.0},{"damage":32.0,"enemies":"Orb Walker","floor":36.0,"turns":2.0},{"damage":58.0,"enemies":"3 Darklings","floor":39.0,"turns":5.0},{"damage":18.0,"enemies":"4 Shapes","floor":40.0,"turns":3.0},{"damage":52.0,"enemies":"Nemesis","floor":43.0,"turns":4.0},{"damage":50.0,"enemies":"Transient","floor":44.0,"turns":5.0},{"damage":40.0,"enemies":"Spire Growth","floor":46.0,"turns":3.0},{"damage":70.0,"enemies":"Giant Head","floor":47.0,"turns":6.0},{"damage":42.0,"enemies":"3 Darklings","floor":48.0,"turns":3.0},{"damage":42,"enemies":"4 Shapes","floor":49,"turns":4}],"seed_played":"3110839769326455501","potions_obtained":[{"floor":2.0,"key":"Adrenaline Potion"},{"floor":9.0,"key":"SneckoOil"},{"floor":15.0,"key":"EntropicBrew"},{"floor":16.0,"key":"Block Potion"}],"is_trial":false,"path_per_floor":["R","M","M","$","?","M","T","?","M","M","R","E","$","?","M","B",null,"R","M","M","?","$","M","T","M","E","M","?","R","E","$","M","B",null,"R","M","?","T","M","M","T","R","E","M","R","M","E","M","M"],"character_chosen":"SLIMEBOUND","items_purchased":["Slimebound:RejuvenatingLick+1","Slimebound:ViciousTackle","Thread and Needle","DollysMirror","Slimebound:RainOfGoop"],"campfire_rested":0,"item_purchase_floors":[4,4,22,22,31],"current_hp_per_floor":[60,60,60,55,55,52,52,34,38,44,44,47,54,37,32,53,60,60,58,46,30,37,42,42,47,45,59,59,59,46,46,60,21,65,65,65,65,65,63,71,81,81,83,83,83,56,42,28,0,0,0],"gold":419,"neow_bonus":"UPGRADE_CARD","is_daily":false,"chose_seed":false,"campfire_upgraded":5,"win_rate":0.0,"timestamp":1609808412,"path_taken":["R","M","?","$","?","M","T","?","M","M","R","E","$","?","M","BOSS","R","M","M","?","$","M","T","M","E","M","?","R","E","?","M","BOSS","R","M","?","?","?","M","T","R","E","?","R","M","E","M","M"],"items_purchased_type":["Card","Card","Relic","Relic","Card"],"build_version":"2020-12-22","purchased_purges":2,"victory":false,"max_hp_per_floor":[60,60,60,60,60,60,60,60,60,60,60,60,60,60,60,60,60,60,60,60,60,60,60,60,60,60,60,60,60,60,60,60,60,65,65,65,65,65,69,73,83,83,83,83,83,83,83,83,83,83,83],"card_choices":[{"not_picked":["Slimebound:HauntingLick","Slimebound:SplitAcid"],"picked":"Slimebound:LevelUp","floor":2.0},{"not_picked":["Slimebound:GrowthPunch","Slimebound:BestDefense"],"picked":"Slimebound:SplitMire","floor":3.0},{"not_picked":["Slimebound:GrowthPunch","Slimebound:RollThrough"],"picked":"Slimebound:PressTheAttack","floor":4.0},{"not_picked":["Slimebound:RollThrough","Slimebound:DisruptingSlam"],"picked":"Slimebound:Gluttony","floor":6.0},{"not_picked":["Slimebound:Prepare","Slimebound:SamplingLick"],"picked":"Slimebound:RallyTheTroops","floor":9.0},{"not_picked":["Slimebound:ForwardTackle","Slimebound:FirmFortitude"],"picked":"Slimebound:LeadByExample","floor":10.0},{"not_picked":["Slimebound:GrowthPunch","Slimebound:SplitLeeching"],"picked":"Slimebound:OneTwoCombo","floor":12.0},{"not_picked":["Slimebound:SlimeSpikes","Slimebound:SplitMire"],"picked":"Slimebound:SplitBruiser","floor":13.0},{"not_picked":["Slimebound:LeechingTouch","Slimebound:GrowthPunch"],"picked":"Slimebound:Replication","floor":14.0},{"not_picked":["Slimebound:WasteNot","Slimebound:RollThrough"],"picked":"Slimebound:LivingWall","floor":15.0},{"not_picked":["Slimebound:LeechLife","Slimebound:DuplicatedForm"],"picked":"Slimebound:SelfFormingGoo","floor":16.0},{"not_picked":["Slimebound:MegaLick+1","Slimebound:ProtectTheBoss+1"],"picked":"Slimebound:RainOfGoop+1","floor":19.0},{"not_picked":["Slimebound:SlimeBrawl","Slimebound:SplitMire"],"picked":"Slimebound:SlimeBarrage","floor":20.0},{"not_picked":["Slimebound:SlimeBarrage+1","Slimebound:SamplingLick"],"picked":"Slimebound:FormOfPuddle","floor":22.0},{"not_picked":["Slimebound:FinishingTackle","Slimebound:GrowthPunch","Slimebound:PressTheAttack"],"picked":"SKIP","floor":23.0},{"not_picked":["Slimebound:RollThrough+1","Slimebound:GoopSpray"],"picked":"Slimebound:ViciousTackle","floor":25.0},{"not_picked":["Slimebound:WasteNot","Slimebound:FinishingTackle+1"],"picked":"Slimebound:GoopSpray","floor":26.0},{"not_picked":["Slimebound:SplitLeeching+1","Slimebound:ViciousTackle"],"picked":"Slimebound:SplitMire","floor":27.0},{"not_picked":["Slimebound:SlimeSpikes","Slimebound:SplitLeeching"],"picked":"Slimebound:Equalize+1","floor":30.0},{"not_picked":["Slimebound:SlimeSpikes","Slimebound:SamplingLick"],"picked":"Slimebound:GoopSpray+1","floor":32.0},{"not_picked":["Slimebound:DuplicatedForm","Slimebound:SelfFormingGoo"],"picked":"Slimebound:MassFeed+1","floor":33.0},{"not_picked":["Slimebound:SamplingLick","Slimebound:LeechingTouch+1"],"picked":"Slimebound:MegaLick","floor":34.0},{"not_picked":["Slimebound:SplitAcid+1","Slimebound:ViciousTackle+1"],"picked":"Slimebound:AcidTongue","floor":36.0},{"not_picked":["Replay:SS_fish_2","expansioncontent:DonusPower"],"picked":"Replay:SS_forest_2","floor":37.0},{"not_picked":["Slimebound:FirmFortitude+1","Slimebound:Dissolve+1"],"picked":"Slimebound:Teamwork","floor":39.0},{"not_picked":["Slimebound:FinishingTackle+1","Slimebound:GoopTackle+1"],"picked":"Slimebound:PressTheAttack+1","floor":40.0},{"not_picked":["Slimebound:GoopSpray","Slimebound:Grow"],"picked":"Slimebound:HauntingLick","floor":43.0},{"not_picked":["Slimebound:LeadByExample+1","Slimebound:Prepare"],"picked":"Slimebound:SplitAcid+1","floor":44.0},{"not_picked":["Slimebound:GrowthPunch+1","Slimebound:GoopSpray+1","Slimebound:PressTheAttack+1"],"picked":"SKIP","floor":46.0},{"not_picked":["Slimebound:FinishingTackle+1","Slimebound:Schlurp"],"picked":"Slimebound:SplitMire+1","floor":47.0},{"not_picked":["Slimebound:GoopSpray+1","Slimebound:FinishingTackle+1"],"picked":"Slimebound:RollThrough+1","floor":48.0}],"player_experience":795344,"relics_obtained":[{"floor":5.0,"key":"Ring of Panic"},{"floor":5.0,"key":"Ring of Searing"},{"floor":12.0,"key":"Art of War"},{"floor":18.0,"key":"Iron Hammer"},{"floor":21.0,"key":"Enchiridion"},{"floor":24.0,"key":"Darkstone Periapt"},{"floor":26.0,"key":"Tiny Chest"},{"floor":30.0,"key":"Molten Egg 2"},{"floor":38.0,"key":"Sundial"},{"floor":41.0,"key":"Pear"},{"floor":43.0,"key":"Replay:Arrowhead"},{"floor":47.0,"key":"Pet Ghost"}],"event_choices":[],"is_beta":false,"boss_relics":[{"not_picked":["Slimebound:TarBlob","SlaversCollar"],"picked":"Sozu"},{"not_picked":["Honey Jar","Coffee Dripper"],"picked":"Tiny House"}],"items_purged_floors":[13,22],"is_endless":false,"potions_floor_spawned":[2,9,15,16,19,25,27,33,39,44,46,48],"killed_by":"4 Shapes","ascension_level":3}}