{"host":"bydnmyvf669xu6ab","time":1609882307,"event":{"mods":["Aspiration","BaseMod","Better Note","BetterRewards","Colored Map","Colored Powertips","Minty Spire (QoL Compilation)","Rare Cards Sparkle","Relic Stats","Shop Mod","StSLib","SuperFastMode","Virulent Crown"],"gold_per_floor":[118,118,293,310,310,327,357,357,407,407,424,424,449,466,466,563,563,573,573,625,625,641,641,675,675,675,689,6,25,25,41,41,143,143,159,159,0,16,35,35,65,65,65,65,65,84,102,117,117,117,117,117,3,28,28],"floor_reached":56,"playtime":2973,"items_purged":["Strike_R"],"score":1594,"play_id":"385588f6-2d35-415a-80a1-26d2c0befb87","local_time":"20210105133147","is_ascension_mode":true,"campfire_choices":[{"data":"Spot Weakness","floor":8,"key":"SMITH"},{"data":"Fire Breathing","floor":10,"key":"SMITH"},{"data":"Whirlwind","floor":15,"key":"SMITH"},{"data":"Barricade","floor":25,"key":"SMITH"},{"floor":30,"key":"RECALL"},{"data":"Spot Weakness","floor":32,"key":"SMITH"},{"data":"Offering","floor":40,"key":"SMITH"},{"data":"Metallicize","floor":42,"key":"SMITH"},{"data":"Metallicize","floor":45,"key":"SMITH"},{"data":"Rage","floor":49,"key":"SMITH"},{"data":"Discovery","floor":52,"key":"SMITH"}],"circlet_count":0,"master_deck":["Strike_R","Strike_R","Defend_R","Defend_R","Defend_R","Defend_R","Bash","Spot Weakness+1","Armaments+1","Fire Breathing+1","Battle Trance+1","Rage+1","Heavy Blade","Shrug It Off","Whirlwind+1","Warcry","Barricade+1","Metallicize+1","Sever Soul","Cleave+1","Spot Weakness+1","Thunderclap+1","Flame Barrier","Shrug It Off","True Grit","Sword Boomerang+1","Offering+1","Metallicize+1","Cleave+1","Flame Barrier","Battle Trance+1","Discovery+1","Spot Weakness+1","Feel No Pain+1","Headbutt+1","Limit Break","Flame Barrier","Seeing Red","Battle Trance+1"],"relics":["Black Blood","Centennial Puzzle","Chemical X","aspiration:FrozenJewel","aspiration:ArtOfWarUpgrade","HornCleat","Bronze Scales","War Paint","Omamori","Matryoshka","Vajra","The Courier","Oddly Smooth Stone","Lizard Tail","Gambling Chip","Philosopher\u0027s Stone","Membership Card","Ancient Tea Set","Anchor","Letter Opener","aspiration:ChemicalBlood"],"acts_visited":["Exordium","TheCity","TheBeyond","TheEnding"],"potions_floor_usage":[13,16,16,55,55,55,55,55,55],"damage_taken":[{"damage":0,"enemies":"2 Louse","floor":1,"turns":3},{"damage":4,"enemies":"Jaw Worm","floor":4,"turns":4},{"damage":0,"enemies":"Small Slimes","floor":6,"turns":3},{"damage":2,"enemies":"3 Sentries","floor":7,"turns":6},{"damage":5,"enemies":"Exordium Wildlife","floor":11,"turns":6},{"damage":14,"enemies":"Gremlin Nob","floor":13,"turns":4},{"damage":3,"enemies":"Looter","floor":14,"turns":2},{"damage":23,"enemies":"Slime Boss","floor":16,"turns":7},{"damage":8,"enemies":"Chosen","floor":18,"turns":3},{"damage":16,"enemies":"2 Thieves","floor":22,"turns":2},{"damage":22,"enemies":"Gremlin Leader","floor":24,"turns":7},{"damage":8,"enemies":"Centurion and Healer","floor":27,"turns":3},{"damage":16,"enemies":"Chosen and Byrds","floor":29,"turns":6},{"damage":16,"enemies":"Shelled Parasite and Fungi","floor":31,"turns":2},{"damage":9,"enemies":"Automaton","floor":33,"turns":7},{"damage":6,"enemies":"Orb Walker","floor":35,"turns":3},{"damage":12,"enemies":"3 Darklings","floor":38,"turns":2},{"damage":6,"enemies":"Spire Growth","floor":39,"turns":3},{"damage":6,"enemies":"Nemesis","floor":41,"turns":7},{"damage":6,"enemies":"Sphere and 2 Shapes","floor":46,"turns":1},{"damage":8,"enemies":"4 Shapes","floor":47,"turns":2},{"damage":6,"enemies":"Transient","floor":48,"turns":5},{"damage":6,"enemies":"Time Eater","floor":50,"turns":10},{"damage":6,"enemies":"Shield and Spear","floor":54,"turns":1},{"damage":96,"enemies":"The Heart","floor":55,"turns":8}],"seed_played":"-4996022641646231524","potions_obtained":[{"floor":4,"key":"LiquidBronze"},{"floor":11,"key":"Ancient Potion"},{"floor":13,"key":"Regen Potion"},{"floor":14,"key":"Regen Potion"},{"floor":18,"key":"SneckoOil"},{"floor":24,"key":"Weak Potion"},{"floor":27,"key":"Strength Potion"},{"floor":38,"key":"LiquidBronze"},{"floor":41,"key":"LiquidBronze"}],"is_trial":false,"path_per_floor":["M","?","?","M","?","M","E","R","T","R","M","R","E","M","R","B",null,"M","?","T","?","M","R","E","R","T","M","$","M","R","M","R","B",null,"M","?","$","M","M","R","E","R","T","?","R","M","M","M","R","B",null,"R","$","E","B",null],"character_chosen":"IRONCLAD","items_purchased":["Centennial Puzzle","Spot Weakness","Chemical X","aspiration:FrozenJewel","Art of War","Armaments","Oddly Smooth Stone","Lizard Tail","Gambling Chip","Flame Barrier","Shrug It Off","Membership Card","Limit Break","Flame Barrier","Seeing Red"],"campfire_rested":0,"item_purchase_floors":[0,0,0,0,0,0,28,28,28,28,28,37,53,53,53],"current_hp_per_floor":[51,39,39,41,34,40,44,44,44,44,45,45,37,40,40,50,80,80,80,80,80,76,76,66,66,66,70,70,66,66,62,62,65,80,80,80,80,80,80,80,80,80,80,80,80,80,80,80,80,80,80,80,80,80,51],"gold":28,"neow_bonus":"","is_daily":false,"chose_seed":false,"campfire_upgraded":10,"win_rate":0.0,"timestamp":1609882307,"path_taken":["M","?","?","M","?","M","E","R","T","R","M","R","E","M","R","BOSS","M","?","?","?","M","R","E","R","T","M","?","M","R","M","R","BOSS","M","?","$","M","M","R","E","R","T","?","R","M","M","M","R","BOSS","R","$","E","BOSS"],"items_purchased_type":["Relic","Card","Relic","Relic","Relic","Card","Relic","Relic","Relic","Card","Card","Relic","Card","Card","Card"],"build_version":"2020-12-22","purchased_purges":1,"victory":true,"max_hp_per_floor":[80,80,80,80,80,80,80,80,80,80,80,80,80,80,80,80,80,80,80,80,80,80,80,80,80,80,80,80,80,80,80,80,80,80,80,80,80,80,80,80,80,80,80,80,80,80,80,80,80,80,80,80,80,80,80],"relic_stats":{"Centennial Puzzle":[66],"Lizard Tail":40,"counters":[173,804],"Bronze Scales":[685],"Gambling Chip":[29],"Black Blood":973,"Chemical X":[58],"Letter Opener":[125],"War Paint":["Defend_R","Defend_R","Battle Trance","Armaments"],"obtain_stats":[{"Ice Cream":19,"Calipers":12,"Tiny House":17,"Gremlin Horn":17,"Vajra":42,"Whetstone":43,"Boot":29,"Blood Vial":25,"Centennial Puzzle":41,"Lizard Tail":28,"HornCleat":2,"Sundial":24,"DollysMirror":0,"Strawberry":10,"Philosopher\u0027s Stone":17,"MealTicket":14,"aspiration:ArtOfWarUpgrade":23,"Kunai":0,"Toxic Egg 2":3,"aspiration:DSix":13,"Astrolabe":17,"Dead Branch":42,"Oddly Smooth Stone":25,"Pen Nib":42,"Charon\u0027s Ashes":17,"aspiration:SeaSaltIceCream":43,"Letter Opener":43,"War Paint":28,"aspiration:HiddenCompartment":21,"aspiration:FrozenJewel":0,"Du-Vu Doll":26,"Bottled Flame":40,"Shuriken":31,"Bronze Scales":19,"Molten Egg 2":26,"Mark of Pain":34,"aspiration:Lifesprig":54,"Regal Pillow":27,"Torii":46,"SacredBark":17,"Black Blood":17,"Juzu Bracelet":22,"Bag of Preparation":31,"Ancient Tea Set":7,"Cursed Key":34,"Smiling Mask":23,"PrismaticShard":22,"Burning Blood":0,"aspiration:StickyExplosives_weak":27,"ClockworkSouvenir":30,"Matryoshka":0,"aspiration:DefectSkillbook":17,"aspiration:AnachronicSnailShell":23,"Gambling Chip":28,"Toolbox":0,"Chemical X":0,"Red Skull":38,"aspiration:ChemicalBlood":9,"Paper Frog":43,"Potion Belt":0,"Self Forming Clay":25,"aspiration:FetidBarrel":4,"The Courier":9,"aspiration:HummingbirdHeart":10,"Omamori":13,"Frozen Egg 2":26,"Medical Kit":31,"White Beast Statue":48,"Calling Bell":17,"Anchor":9,"CaptainsWheel":54,"Art of War":26,"Bag of Marbles":14,"Membership Card":19,"FossilizedHelix":0,"Toy Ornithopter":0},{"Ice Cream":23,"Calipers":45,"Tiny House":113,"Gremlin Horn":86,"Vajra":33,"Whetstone":33,"Boot":138,"Blood Vial":92,"Centennial Puzzle":33,"Lizard Tail":160,"HornCleat":149,"Sundial":25,"DollysMirror":39,"Strawberry":20,"Philosopher\u0027s Stone":22,"MealTicket":85,"aspiration:ArtOfWarUpgrade":158,"Kunai":39,"Toxic Egg 2":41,"aspiration:DSix":85,"Astrolabe":7,"Dead Branch":33,"Oddly Smooth Stone":11,"Pen Nib":73,"Charon\u0027s Ashes":86,"aspiration:SeaSaltIceCream":144,"Letter Opener":167,"War Paint":137,"aspiration:HiddenCompartment":63,"aspiration:FrozenJewel":148,"Du-Vu Doll":137,"Bottled Flame":143,"Shuriken":27,"Bronze Scales":23,"Molten Egg 2":11,"Mark of Pain":67,"aspiration:Lifesprig":78,"Regal Pillow":93,"Torii":74,"SacredBark":47,"Black Blood":121,"Juzu Bracelet":9,"Bag of Preparation":96,"Ancient Tea Set":3,"Cursed Key":28,"Smiling Mask":53,"PrismaticShard":63,"Burning Blood":0,"aspiration:StickyExplosives_weak":64,"ClockworkSouvenir":66,"Matryoshka":56,"aspiration:DefectSkillbook":62,"aspiration:AnachronicSnailShell":10,"Gambling Chip":160,"Toolbox":105,"Chemical X":124,"Red Skull":98,"aspiration:ChemicalBlood":43,"Paper Frog":100,"Potion Belt":15,"Self Forming Clay":54,"aspiration:FetidBarrel":117,"The Courier":59,"aspiration:HummingbirdHeart":130,"Omamori":154,"Frozen Egg 2":63,"Medical Kit":96,"White Beast Statue":145,"Calling Bell":86,"Anchor":20,"CaptainsWheel":38,"Art of War":63,"Bag of Marbles":112,"Membership Card":23,"FossilizedHelix":79,"Toy Ornithopter":79},{"Ice Cream":101,"Calipers":229,"Tiny House":556,"Gremlin Horn":431,"Vajra":157,"Whetstone":157,"Boot":650,"Blood Vial":457,"Centennial Puzzle":157,"Lizard Tail":747,"HornCleat":700,"Sundial":109,"DollysMirror":198,"Strawberry":78,"Philosopher\u0027s Stone":94,"MealTicket":423,"aspiration:ArtOfWarUpgrade":737,"Kunai":198,"Toxic Egg 2":205,"aspiration:DSix":423,"Astrolabe":24,"Dead Branch":157,"Oddly Smooth Stone":43,"Pen Nib":382,"Charon\u0027s Ashes":431,"aspiration:SeaSaltIceCream":675,"Letter Opener":777,"War Paint":642,"aspiration:HiddenCompartment":334,"aspiration:FrozenJewel":697,"Du-Vu Doll":642,"Bottled Flame":674,"Shuriken":117,"Bronze Scales":101,"Molten Egg 2":43,"Mark of Pain":358,"aspiration:Lifesprig":406,"Regal Pillow":460,"Torii":385,"SacredBark":239,"Black Blood":591,"Juzu Bracelet":31,"Bag of Preparation":472,"Ancient Tea Set":11,"Cursed Key":129,"Smiling Mask":280,"PrismaticShard":334,"Burning Blood":0,"aspiration:StickyExplosives_weak":340,"ClockworkSouvenir":350,"Matryoshka":307,"aspiration:DefectSkillbook":330,"aspiration:AnachronicSnailShell":38,"Gambling Chip":747,"Toolbox":520,"Chemical X":604,"Red Skull":484,"aspiration:ChemicalBlood":212,"Paper Frog":490,"Potion Belt":64,"Self Forming Clay":287,"aspiration:FetidBarrel":569,"The Courier":319,"aspiration:HummingbirdHeart":622,"Omamori":723,"Frozen Egg 2":334,"Medical Kit":472,"White Beast Statue":680,"Calling Bell":431,"Anchor":78,"CaptainsWheel":189,"Art of War":334,"Bag of Marbles":549,"Membership Card":101,"FossilizedHelix":408,"Toy Ornithopter":408}]},"card_choices":[{"not_picked":["Havoc","Evolve"],"picked":"Fire Breathing","floor":1},{"not_picked":["Shockwave","Hemokinesis"],"picked":"Battle Trance","floor":4},{"not_picked":["Wild Strike","Pommel Strike"],"picked":"Rage","floor":6},{"not_picked":["Fire Breathing","Clothesline"],"picked":"Heavy Blade","floor":7},{"not_picked":["Clash","Hemokinesis"],"picked":"Shrug It Off","floor":11},{"not_picked":["Perfected Strike","Twin Strike"],"picked":"Whirlwind","floor":13},{"not_picked":["Brutality","Iron Wave"],"picked":"Warcry","floor":14},{"not_picked":["Immolate","Demon Form"],"picked":"Barricade","floor":16},{"not_picked":["Anger+1","Sword Boomerang+1"],"picked":"Metallicize","floor":18},{"not_picked":["Clothesline+1","Perfected Strike"],"picked":"Cleave+1","floor":22},{"not_picked":["Disarm+1","True Grit"],"picked":"Spot Weakness","floor":24},{"not_picked":["Twin Strike","Immolate"],"picked":"Thunderclap+1","floor":27},{"not_picked":["Flex","Armaments"],"picked":"True Grit","floor":29},{"not_picked":["Uppercut","Clash"],"picked":"Sword Boomerang+1","floor":31},{"not_picked":["Exhume","Corruption"],"picked":"Offering","floor":33},{"not_picked":["True Grit","Anger+1"],"picked":"Metallicize","floor":35},{"not_picked":["Searing Blow","Carnage"],"picked":"Cleave+1","floor":38},{"not_picked":["Seeing Red+1","Iron Wave+1"],"picked":"Flame Barrier","floor":39},{"not_picked":["Fire Breathing","Thunderclap"],"picked":"Battle Trance+1","floor":41},{"not_picked":["Good Instincts","Thinking Ahead"],"picked":"Discovery","floor":44},{"not_picked":["Perfected Strike+1","Sever Soul"],"picked":"Spot Weakness+1","floor":46},{"not_picked":["Wild Strike","Armaments"],"picked":"Feel No Pain+1","floor":47},{"not_picked":["True Grit","Clothesline+1"],"picked":"Headbutt+1","floor":48},{"not_picked":["Clothesline","Shrug It Off+1"],"picked":"Battle Trance+1","floor":54}],"player_experience":2154020,"relics_obtained":[{"floor":7,"key":"Bronze Scales"},{"floor":9,"key":"War Paint"},{"floor":13,"key":"Omamori"},{"floor":24,"key":"Matryoshka"},{"floor":26,"key":"Vajra"},{"floor":26,"key":"The Courier"},{"floor":41,"key":"Ancient Tea Set"},{"floor":43,"key":"Anchor"},{"floor":43,"key":"Letter Opener"},{"floor":54,"key":"aspiration:ChemicalBlood"}],"event_choices":[{"damage_healed":0,"gold_gain":0,"player_choice":"Success","damage_taken":12,"relics_obtained":["HornCleat"],"max_hp_gain":0,"max_hp_loss":0,"event_name":"Scrap Ooze","floor":2,"gold_loss":0},{"damage_healed":0,"gold_gain":175,"player_choice":"AGREE","damage_taken":0,"max_hp_gain":0,"max_hp_loss":0,"event_name":"Liars Game","floor":3,"gold_loss":0,"cards_obtained":["Doubt"]},{"cards_removed":["Doubt"],"damage_healed":0,"gold_gain":0,"player_choice":"Card Removal","damage_taken":7,"max_hp_gain":0,"max_hp_loss":0,"event_name":"Golden Wing","floor":5,"gold_loss":0},{"damage_healed":0,"gold_gain":0,"cards_transformed":["Strike_R"],"player_choice":"Transformed","damage_taken":0,"max_hp_gain":0,"max_hp_loss":0,"event_name":"Transmorgrifier","floor":19,"gold_loss":0,"cards_obtained":["Sever Soul"]},{"damage_healed":0,"gold_gain":0,"player_choice":"Bought 0 Potions","damage_taken":0,"max_hp_gain":0,"max_hp_loss":0,"event_name":"The Woman in Blue","floor":21,"gold_loss":0},{"cards_removed":["Strike_R"],"damage_healed":0,"gold_gain":0,"player_choice":"Removed Attack","damage_taken":0,"max_hp_gain":0,"max_hp_loss":0,"event_name":"Falling","floor":36,"gold_loss":0},{"damage_healed":0,"gold_gain":0,"player_choice":"Memory 1","damage_taken":0,"max_hp_gain":0,"max_hp_loss":0,"event_name":"SensoryStone","floor":44,"gold_loss":0}],"is_beta":false,"boss_relics":[{"not_picked":["Empty Cage","aspiration:SilentSkillbook"],"picked":"Black Blood"},{"not_picked":["Fusion Hammer","Velvet Choker"],"picked":"Philosopher\u0027s Stone"}],"items_purged_floors":[37],"is_endless":false,"potions_floor_spawned":[4,11,13,14,18,24,27,33,35,38,41,54],"ascension_level":1}}