{"host":"qrt7o4dq2qslzw13","time":1609874824,"event":{"mods":["AchievementEnabler","BaseMod","Colored Map","Colored Powertips","Minty Spire (QoL Compilation)","Quick Restart","StSLib","SuperFastMode"],"gold_per_floor":[18,293,310,323,9,34,45,45,45,78,95,106,106,124,124,229,229,248,7,22,36,36,36,55,55,55],"floor_reached":25,"playtime":508,"items_purged":[],"score":217,"play_id":"3ff2a7d8-7f98-42b5-bd78-4a65434e5372","local_time":"20210105142704","is_ascension_mode":false,"campfire_choices":[{"data":"Bludgeon","floor":8.0,"key":"SMITH"},{"data":"Fire Breathing","floor":13.0,"key":"SMITH"},{"data":"Bludgeon","floor":15.0,"key":"SMITH"},{"data":"Rage","floor":23,"key":"SMITH"},{"data":"Shockwave","floor":25,"key":"SMITH"}],"circlet_count":0,"master_deck":["Strike_R+1","Strike_R+1","Strike_R+1","Strike_R+1","Strike_R+1","Defend_R+1","Defend_R+1","Defend_R+1","Defend_R+1","Bash","Bludgeon+1","Flex","Regret","Thunderclap","Ghostly Armor","Pummel","Offering","Flex","Fire Breathing+1","Twin Strike","Battle Trance","Bludgeon+1","Offering","Pommel Strike+1","Inflame","Flex","Shockwave+1","Rage+1","Wild Strike"],"relics":["Burning Blood","Bottled Flame","Magic Flower","Pocketwatch","Thread and Needle","Cursed Key","Vajra"],"acts_visited":["Exordium","TheCity"],"potions_floor_usage":[],"damage_taken":[{"damage":0.0,"enemies":"Small Slimes","floor":1.0,"turns":2.0},{"damage":0.0,"enemies":"Cultist","floor":3.0,"turns":2.0},{"damage":9.0,"enemies":"2 Louse","floor":4.0,"turns":2.0},{"damage":30.0,"enemies":"Lagavulin","floor":6.0,"turns":5.0},{"damage":14.0,"enemies":"Looter","floor":7.0,"turns":2.0},{"damage":8.0,"enemies":"3 Sentries","floor":10.0,"turns":5.0},{"damage":5.0,"enemies":"3 Louse","floor":11.0,"turns":3.0},{"damage":6.0,"enemies":"Large Slime","floor":12.0,"turns":2.0},{"damage":0.0,"enemies":"2 Fungi Beasts","floor":14.0,"turns":2.0},{"damage":60,"enemies":"Hexaghost","floor":16,"turns":6},{"damage":13,"enemies":"2 Thieves","floor":18,"turns":3},{"damage":9,"enemies":"3 Byrds","floor":20,"turns":4},{"damage":12,"enemies":"Snake Plant","floor":21,"turns":2},{"damage":0,"enemies":"Snecko","floor":24,"turns":3}],"seed_played":"-768888827914428269","potions_obtained":[{"floor":3.0,"key":"GamblersBrew"},{"floor":7.0,"key":"HeartOfIron"},{"floor":10.0,"key":"CultistPotion"},{"floor":12.0,"key":"Swift Potion"},{"floor":20,"key":"ElixirPotion"}],"is_trial":false,"path_per_floor":["M","?","M","M","$","E","M","R","T","E","M","M","R","M","R","B",null,"M","$","M","M","?","R","M","R"],"character_chosen":"IRONCLAD","items_purchased":["Bottled Flame","Pummel","Inflame","Vajra","Flex"],"campfire_rested":0,"item_purchase_floors":[5,5,19,19,19],"current_hp_per_floor":[80,80,80,77,77,53,48,48,48,49,53,56,56,65,65,14,80,76,76,76,73,73,73,80,80,80],"gold":55,"neow_bonus":"THREE_RARE_CARDS","is_daily":false,"chose_seed":false,"campfire_upgraded":5,"win_rate":0.0,"timestamp":1609874824,"path_taken":["M","?","M","M","$","E","M","R","T","E","M","M","R","?","R","BOSS","M","$","M","M","?","R","M","R"],"items_purchased_type":["Relic","Card","Card","Relic","Card"],"build_version":"2020-12-22","purchased_purges":0,"victory":false,"max_hp_per_floor":[80,80,80,80,80,80,80,80,80,80,80,80,80,80,80,80,80,80,80,80,80,80,80,80,80,80],"card_choices":[{"not_picked":["Corruption","Juggernaut"],"picked":"Bludgeon","floor":0.0},{"not_picked":["Sword Boomerang","Pommel Strike"],"picked":"Flex","floor":1.0},{"not_picked":["Heavy Blade","Dual Wield"],"picked":"Thunderclap","floor":3.0},{"not_picked":["Warcry","Thunderclap"],"picked":"Ghostly Armor","floor":4.0},{"not_picked":["Rage","Reckless Charge"],"picked":"Offering","floor":6.0},{"not_picked":["Rage","Rupture"],"picked":"Flex","floor":7.0},{"not_picked":["Body Slam","Sword Boomerang"],"picked":"Fire Breathing","floor":10.0},{"not_picked":["Sentinel","True Grit"],"picked":"Twin Strike","floor":11.0},{"not_picked":["Perfected Strike","True Grit"],"picked":"Battle Trance","floor":12.0},{"not_picked":["Bloodletting","Battle Trance"],"picked":"Bludgeon","floor":14.0},{"not_picked":["Reaper","Bludgeon"],"picked":"Offering","floor":16},{"not_picked":["Searing Blow","Warcry"],"picked":"Pommel Strike+1","floor":18},{"not_picked":["Headbutt","Iron Wave+1"],"picked":"Shockwave","floor":20},{"not_picked":["Iron Wave","Twin Strike"],"picked":"Rage","floor":21},{"not_picked":["Dual Wield","Headbutt"],"picked":"Wild Strike","floor":24}],"player_experience":506785,"relics_obtained":[{"floor":6.0,"key":"Magic Flower"},{"floor":9.0,"key":"Pocketwatch"},{"floor":10.0,"key":"Thread and Needle"}],"event_choices":[{"damage_healed":0.0,"max_hp_gain":0.0,"max_hp_loss":0.0,"gold_gain":275.0,"event_name":"Golden Shrine","player_choice":"Desecrate","floor":2.0,"gold_loss":0.0,"damage_taken":0.0,"cards_obtained":["Regret"]},{"damage_healed":0,"gold_gain":0,"player_choice":"Simplicity","damage_taken":0,"max_hp_gain":0,"max_hp_loss":0,"event_name":"Back to Basics","floor":22,"gold_loss":0,"cards_upgraded":["Strike_R","Strike_R","Strike_R","Strike_R","Strike_R","Defend_R","Defend_R","Defend_R","Defend_R"]}],"is_beta":false,"boss_relics":[{"not_picked":["Tiny House","SacredBark"],"picked":"Cursed Key"}],"items_purged_floors":[],"is_endless":false,"potions_floor_spawned":[3,7,10,12,20,21],"ascension_level":0}}