{"host":"f5n4tidiz2n5sooh","time":1609847273,"event":{"mods":["BaseMod","Bestiary","Colored Map","Minty Spire (QoL Compilation)","Relic Stats","StSLib"],"gold_per_floor":[109,127,127,137,150,179,179,179,179],"floor_reached":8,"playtime":304,"items_purged":[],"score":116,"play_id":"d5ddf6b4-176c-48db-92bb-f0ea9b4a6052","local_time":"20210105054753","is_ascension_mode":true,"campfire_choices":[{"floor":7,"key":"REST"}],"circlet_count":0,"master_deck":["AscendersBane","Strike_R","Strike_R","Strike_R","Strike_R","Defend_R","Defend_R","Defend_R","Bash","Wild Strike","Second Wind","Flame Barrier","Twin Strike","Battle Trance"],"relics":["Empty Cage","FaceOfCleric","Shuriken"],"acts_visited":["Exordium"],"potions_floor_usage":[4,8],"damage_taken":[{"damage":12,"enemies":"Jaw Worm","floor":1,"turns":2},{"damage":1,"enemies":"Cultist","floor":2,"turns":3},{"damage":0,"enemies":"Small Slimes","floor":4,"turns":2},{"damage":9,"enemies":"2 Fungi Beasts","floor":5,"turns":4},{"damage":32,"enemies":"Gremlin Nob","floor":6,"turns":4},{"damage":43,"enemies":"3 Sentries","floor":8,"turns":9}],"seed_played":"-8186248000739096470","potions_obtained":[{"floor":2,"key":"DistilledChaos"},{"floor":6,"key":"Block Potion"}],"is_trial":false,"path_per_floor":["M","M","?","M","M","E","R","E"],"character_chosen":"IRONCLAD","items_purchased":[],"campfire_rested":1,"item_purchase_floors":[],"current_hp_per_floor":[56,55,55,56,48,17,40,0,0],"gold":179,"neow_bonus":"BOSS_RELIC","is_daily":false,"chose_seed":false,"campfire_upgraded":0,"win_rate":0.0,"timestamp":1609847273,"path_taken":["M","M","?","M","?","E","R","E"],"items_purchased_type":[],"build_version":"2020-12-22","purchased_purges":0,"victory":false,"max_hp_per_floor":[75,75,75,76,77,78,78,78,78],"relic_stats":{"FaceOfCleric":3,"counters":[6,24],"Shuriken":[0],"obtain_stats":[{"FaceOfCleric":3,"Shuriken":6,"Empty Cage":0,"Burning Blood":0},{"FaceOfCleric":2,"Shuriken":5,"Empty Cage":0,"Burning Blood":0},{"FaceOfCleric":5,"Shuriken":15,"Empty Cage":0,"Burning Blood":0}]},"card_choices":[{"not_picked":["Iron Wave","Headbutt"],"picked":"Wild Strike","floor":1},{"not_picked":["Reckless Charge","Warcry"],"picked":"Second Wind","floor":2},{"not_picked":["Second Wind","Headbutt"],"picked":"Flame Barrier","floor":4},{"not_picked":["Rage","Uppercut"],"picked":"Twin Strike","floor":5},{"not_picked":["Heavy Blade","Cleave"],"picked":"Battle Trance","floor":6}],"player_experience":1976456,"relics_obtained":[{"floor":6,"key":"Shuriken"}],"event_choices":[{"damage_healed":0,"gold_gain":0,"player_choice":"Trade","damage_taken":0,"relics_obtained":["FaceOfCleric"],"max_hp_gain":0,"max_hp_loss":0,"event_name":"FaceTrader","floor":3,"gold_loss":0}],"is_beta":false,"boss_relics":[],"items_purged_floors":[],"is_endless":false,"potions_floor_spawned":[2,6],"killed_by":"3 Sentries","ascension_level":20}}