{"host":"ueaobptuyu87ouwy","time":1609844024,"event":{"mods":["Aspiration","Bard","BaseMod","Better Altar","Better Match","Better Note","Better Sensory Stone","Better Skull","Better Third Choice","BetterRewards","CCEM","Colored Map","Conspire","Downfall","GifTheSpireLib","Googly Eyes","Halation","Hermit","Highlight Path","Hubris","Infinite Spire","Jedi Mod","Jorbs\u0027s Wanderer Trilogy","Marisa????????","Mimic Mod","Minty Spire (QoL Compilation)","Permanent Neow","Replay The Spire","StSLib","Stuff the Spire","The Runesmith","Unceasing Turn Reminder","everything is the same but u backflip on backflip","slay the spire mod where everything is the same but ironclad has a cowboy hat"],"gold_per_floor":[117,117,132,132,147,147,167,167,167,167,167,167,201,218,218,313,313,327,327,27,27,45,72,85,85,85],"floor_reached":25,"playtime":1052,"items_purged":[],"score":321,"play_id":"e2dfa161-deae-4241-a566-4ba784f5c6c6","local_time":"20210105185344","is_ascension_mode":false,"campfire_choices":[{"data":"Armaments","floor":6,"key":"SMITH"},{"data":"Shrug It Off","floor":8,"key":"SMITH"},{"data":"hubris:ReadiedAction","floor":10,"key":"SMITH"},{"data":"Replay:Undeath\u0027s Touch","floor":15,"key":"SMITH"}],"circlet_count":0,"master_deck":["Strike_R","Strike_R","Strike_R","Strike_R","Strike_R","Defend_R","Defend_R","Defend_R","Defend_R","Bash+1","Clothesline+1","Shrug It Off+1","hubris:ReadiedAction+1","Armaments+1","StuffTheSpire:Incineration","Amnesia","Replay:Undeath\u0027s Touch+1","Defy Death","jedi:MakeshiftSword","Disarm","Slimebound:CheckThePlaybook","StuffTheSpire:Incineration","Sword Boomerang"],"relics":["Burning Blood","hubris:Zylophone","StuffTheSpire:DarkSteelAnvil","Ring of Fury","Ring of Peace","Quantum Egg","Cursed Key","King of Hearts","Replay:Mystery Machine"],"acts_visited":["Exordium","TheCity"],"potions_floor_usage":[16,22,23],"damage_taken":[{"damage":13,"enemies":"Jaw Worm","floor":1,"turns":4},{"damage":5,"enemies":"Small Slimes","floor":3,"turns":4},{"damage":0,"enemies":"2 Louse","floor":5,"turns":2},{"damage":22,"enemies":"Gremlin Gang","floor":7,"turns":6},{"damage":9,"enemies":"Lagavulin","floor":13,"turns":6},{"damage":4,"enemies":"2 Fungi Beasts","floor":14,"turns":3},{"damage":12,"enemies":"The Guardian","floor":16,"turns":11},{"damage":22,"enemies":"2 Thieves","floor":18,"turns":5},{"damage":15,"enemies":"Shell Parasite","floor":22,"turns":4},{"damage":36,"enemies":"Gremlin Leader","floor":23,"turns":5},{"damage":18,"enemies":"Snake Plant","floor":24,"turns":2},{"damage":18,"enemies":"Shelled Parasite and Fungi","floor":25,"turns":3}],"seed_played":"4767358381112092928","potions_obtained":[{"floor":3,"key":"Elixir"},{"floor":7,"key":"infinitespire:BlackPotion"},{"floor":13,"key":"Energy Potion"},{"floor":18,"key":"Explosive Potion"}],"is_trial":false,"path_per_floor":["M","?","M","T","M","R","M","R","T","R","?","?","E","M","R","B",null,"M","?","$","?","M","E","M","M"],"character_chosen":"IRONCLAD","items_purchased":["King of Hearts","jedi:MakeshiftSword","Disarm"],"campfire_rested":0,"item_purchase_floors":[20,20,20],"current_hp_per_floor":[73,73,74,74,80,80,64,64,64,64,64,64,61,63,63,57,80,64,64,64,64,55,25,13,0,0],"gold":85,"neow_bonus":"","is_daily":false,"chose_seed":false,"campfire_upgraded":4,"win_rate":0.0,"timestamp":1609844024,"path_taken":["M","?","M","?","M","R","M","R","T","R","?","?","E","?","R","BOSS","M","?","$","?","M","E","M","M"],"items_purchased_type":["Relic","Card","Card"],"build_version":"2020-12-13","purchased_purges":0,"victory":false,"max_hp_per_floor":[80,80,80,80,80,80,80,80,80,80,80,80,80,80,80,80,80,80,80,80,72,72,72,72,72,72],"card_choices":[{"not_picked":["Cleave","Clash"],"picked":"Shrug It Off","floor":1},{"not_picked":["ReplayTheSpireMod:Strike From Hell","StuffTheSpire:Resist"],"picked":"hubris:ReadiedAction","floor":3},{"not_picked":["Dual Wield","StuffTheSpire:Slingshot"],"picked":"Armaments","floor":5},{"not_picked":["StuffTheSpire:Slingshot","Clash"],"picked":"StuffTheSpire:Incineration","floor":7},{"not_picked":["Heavy Blade","Double Tap"],"picked":"Replay:Undeath\u0027s Touch","floor":13},{"not_picked":["Twin Strike","StuffTheSpire:Pyroclast"],"picked":"Defy Death","floor":14},{"not_picked":["jedi:fear","Twin Strike","Anger"],"picked":"SKIP","floor":18},{"not_picked":["Twin Strike+1","Flame Barrier"],"picked":"StuffTheSpire:Incineration","floor":22},{"not_picked":["Dual Wield","Anger+1","Entrench"],"picked":"SKIP","floor":23},{"not_picked":["Corruption","Pummel"],"picked":"Sword Boomerang","floor":24}],"player_experience":10995,"relics_obtained":[{"floor":4,"key":"hubris:Zylophone"},{"floor":9,"key":"StuffTheSpire:DarkSteelAnvil"},{"floor":11,"key":"Ring of Fury"},{"floor":11,"key":"Ring of Peace"},{"floor":13,"key":"Quantum Egg"},{"floor":23,"key":"Replay:Mystery Machine"}],"event_choices":[{"damage_healed":0,"gold_gain":0,"player_choice":"Grow","damage_taken":0,"max_hp_gain":0,"max_hp_loss":0,"event_name":"Living Wall","floor":2,"gold_loss":0,"cards_upgraded":["Bash"]},{"damage_healed":0,"gold_gain":0,"player_choice":"Upgraded","damage_taken":0,"max_hp_gain":0,"max_hp_loss":0,"event_name":"Upgrade Shrine","floor":12,"gold_loss":0,"cards_upgraded":["Clothesline"]},{"cards_removed":["Amnesia"],"damage_healed":0,"gold_gain":0,"player_choice":"Give","damage_taken":0,"max_hp_gain":0,"max_hp_loss":0,"event_name":"betterNote:BetterNote","floor":19,"gold_loss":0,"cards_obtained":["None"]}],"is_beta":false,"boss_relics":[{"not_picked":["Busted Crown","Runic Pyramid"],"picked":"Cursed Key"}],"items_purged_floors":[],"is_endless":false,"potions_floor_spawned":[3,7,13,18],"killed_by":"Shelled Parasite and Fungi","ascension_level":0}}