{"host":"8o45mh5p3pp1o2mi","time":1609808959,"event":{"mods":["BaseMod","Better Match","Better Third Choice","BetterRewards","Minty Spire (QoL Compilation)","Rare Cards Sparkle","Relic Stats","Replay The Spire","Shop Mod","StSLib","everything is the same but u backflip on backflip"],"gold_per_floor":[10,0,0,25,41,70,56,76,76,109,109,122,122,187,187,284,284,296,206,219,144,164,164,183,24,24,39,39,69,169,45,45,143,143,161,10,10,30,30,58,58,88,88,98,98,111,111,111],"floor_reached":47,"playtime":2752,"items_purged":["Strike_R"],"score":612,"play_id":"8edea8aa-d690-4bbe-927d-dd91654200cf","local_time":"20210105010919","is_ascension_mode":true,"campfire_choices":[{"data":"Enlightenment","floor":13,"key":"SMITH"},{"data":"Berserk","floor":15,"key":"SMITH"},{"floor":23,"key":"REST"},{"floor":28,"key":"REST"},{"floor":32,"key":"DIG"},{"floor":41,"key":"REST"}],"circlet_count":0,"master_deck":["Strike_R","Strike_R+1","Defend_R","Bash","Inflame","Enlightenment+1","Flex","Second Wind","Shrug It Off+1","Sword Boomerang","Headbutt","Apotheosis+1","Replay:Undeath\u0027s Touch","Berserk+1","Limit Break+1","Warcry","Thunderclap","Uppercut+1","Intimidate+1","Eclipse","Shrug It Off+1","Clothesline+1","Replay:Undeath\u0027s Touch+1","Immolate","Flex+1","Run Through","Double Tap+1","Pummel","Rupture","Warcry+1","Replay:Undeath\u0027s Touch+1","Writhe","Hemokinesis+1"],"relics":["Burning Blood","Regal Pillow","Blue Doll","Quantum Egg","Nunchaku","Paper Frog","Black Star","Pear","Chameleon Ring","Replay:Multitool","Replay:PocketPolymizer","Toxic Egg 2","Bag of Marbles","Electric Blood","Vajra","Ring of Hypnosis","Oddly Smooth Stone","Replay:WaspNest","Bottled Flame","ReplayTheSpireMod:Spearhead","Shuriken"],"acts_visited":["Exordium","TheCity","TheBeyond"],"potions_floor_usage":[12,22,22,24,27,30,40,47,47],"damage_taken":[{"damage":18,"enemies":"2 Louse","floor":1,"turns":3},{"damage":2,"enemies":"Jaw Worm","floor":5,"turns":3},{"damage":16,"enemies":"Replay:BlueRogue","floor":6,"turns":6},{"damage":9,"enemies":"Small Slimes","floor":8,"turns":4},{"damage":21,"enemies":"Gremlin Nob","floor":10,"turns":4},{"damage":13,"enemies":"Blue Slaver","floor":12,"turns":4},{"damage":10,"enemies":"Gremlin Nob","floor":14,"turns":3},{"damage":35,"enemies":"The Guardian","floor":16,"turns":11},{"damage":44,"enemies":"2 Thieves","floor":18,"turns":4},{"damage":21,"enemies":"Shell Parasite","floor":20,"turns":4},{"damage":22,"enemies":"Snake Plant","floor":22,"turns":4},{"damage":40,"enemies":"Shelled Parasite and Fungi","floor":24,"turns":4},{"damage":21,"enemies":"Sentry and Sphere","floor":27,"turns":5},{"damage":21,"enemies":"Gremlin Leader","floor":29,"turns":6},{"damage":22,"enemies":"Colosseum Slavers","floor":30,"turns":4},{"damage":21,"enemies":"Colosseum Nobs","floor":30,"turns":4},{"damage":26,"enemies":"Automaton","floor":33,"turns":6},{"damage":21,"enemies":"3 Shapes","floor":35,"turns":4},{"damage":16,"enemies":"Orb Walker","floor":38,"turns":2},{"damage":49,"enemies":"Reptomancer","floor":40,"turns":3},{"damage":45,"enemies":"Giant Head","floor":42,"turns":6},{"damage":19,"enemies":"Sphere and 2 Shapes","floor":44,"turns":2},{"damage":39,"enemies":"Spire Growth","floor":46,"turns":3},{"damage":32,"enemies":"Reptomancer","floor":47,"turns":2}],"seed_played":"-698656924684930390","potions_obtained":[{"floor":5,"key":"BloodPotion"},{"floor":6,"key":"SpeedPotion"},{"floor":12,"key":"SpeedPotion"},{"floor":16,"key":"Ancient Potion"},{"floor":22,"key":"BloodPotion"},{"floor":24,"key":"Fruit Juice"},{"floor":29,"key":"AttackPotion"},{"floor":30,"key":"SpeedPotion"},{"floor":38,"key":"Fruit Juice"},{"floor":42,"key":"Fire Potion"},{"floor":46,"key":"Explosive Potion"}],"is_trial":false,"path_per_floor":["M","?","?","T","M","E","$","M","T","E","?","M","R","?","R","B",null,"M","?","M","$","M","R","M","$","T","M","R","E","?","$","R","B",null,"M","$","?","M","?","E","R","E","T","M","?","M","E"],"character_chosen":"IRONCLAD","items_purchased":["Shrug It Off","Eclipse","Immolate","Flex+1","Vajra"],"campfire_rested":3,"item_purchase_floors":[7,25,31,31,36],"current_hp_per_floor":[68,74,74,74,78,68,68,65,65,50,50,60,60,56,56,27,86,48,48,33,33,17,57,40,40,50,40,85,70,39,39,39,19,101,86,86,86,76,76,40,87,48,48,35,62,29,0,0],"gold":111,"neow_bonus":"REMOVE_TWO","is_daily":false,"chose_seed":false,"campfire_upgraded":2,"win_rate":0.0,"timestamp":1609808959,"path_taken":["M","?","?","?","M","E","?","?","T","E","?","M","R","?","R","BOSS","M","?","M","$","M","R","?","?","T","M","R","E","?","$","R","BOSS","M","$","?","?","?","E","R","E","T","M","?","M","E"],"items_purchased_type":["Card","Card","Card","Card","Relic"],"build_version":"2020-12-22","purchased_purges":1,"victory":false,"max_hp_per_floor":[80,86,86,86,86,86,86,86,86,86,86,86,86,86,86,86,86,86,86,86,86,86,86,86,86,96,101,101,101,101,101,101,101,101,101,101,101,101,101,108,108,108,108,108,108,108,108,108],"relic_stats":{"Regal Pillow":45,"Nunchaku":[15],"counters":[24,101],"Shuriken":[5],"Black Star":3,"obtain_stats":[{"Regal Pillow":4,"Pear":26,"Replay:PocketPolymizer":30,"Ring of Hypnosis":39,"Quantum Egg":9,"Vajra":36,"Oddly Smooth Stone":40,"Blue Doll":6,"Replay:WaspNest":40,"Replay:Multitool":29,"Burning Blood":0,"Nunchaku":10,"Bottled Flame":42,"ReplayTheSpireMod:Spearhead":42,"Chameleon Ring":29,"Shuriken":43,"Black Star":17,"Bag of Marbles":32,"Toxic Egg 2":30,"Electric Blood":34,"Paper Frog":14},{"Regal Pillow":1,"Pear":12,"Replay:PocketPolymizer":16,"Ring of Hypnosis":19,"Quantum Egg":4,"Vajra":18,"Oddly Smooth Stone":20,"Blue Doll":3,"Replay:WaspNest":20,"Replay:Multitool":14,"Burning Blood":0,"Nunchaku":5,"Bottled Flame":21,"ReplayTheSpireMod:Spearhead":21,"Chameleon Ring":14,"Shuriken":21,"Black Star":8,"Bag of Marbles":16,"Toxic Egg 2":16,"Electric Blood":17,"Paper Frog":7},{"Regal Pillow":3,"Pear":54,"Replay:PocketPolymizer":73,"Ring of Hypnosis":85,"Quantum Egg":16,"Vajra":83,"Oddly Smooth Stone":88,"Blue Doll":12,"Replay:WaspNest":88,"Replay:Multitool":65,"Burning Blood":0,"Nunchaku":20,"Bottled Flame":94,"ReplayTheSpireMod:Spearhead":94,"Chameleon Ring":65,"Shuriken":94,"Black Star":38,"Bag of Marbles":73,"Toxic Egg 2":73,"Electric Blood":79,"Paper Frog":27}],"Burning Blood":138},"card_choices":[{"not_picked":["Headbutt","Iron Wave"],"picked":"Inflame","floor":1},{"not_picked":["Dark Embrace","Perfected Strike"],"picked":"Flex","floor":5},{"not_picked":["Wild Strike","Anger"],"picked":"Second Wind","floor":6},{"not_picked":["ReplayTheSpireMod:Strike From Hell","Ghostly Armor"],"picked":"Sword Boomerang","floor":8},{"not_picked":["Infernal Blade","Anger"],"picked":"Headbutt","floor":10},{"not_picked":["Whirlwind","ReplayTheSpireMod:Strike From Hell"],"picked":"Replay:Undeath\u0027s Touch","floor":12},{"not_picked":["ReplayReversal","Uppercut"],"picked":"Berserk","floor":14},{"not_picked":["Brutality","Feed"],"picked":"Limit Break","floor":16},{"not_picked":["Fire Breathing","ReplayTheSpireMod:Strike From Hell"],"picked":"Warcry","floor":18},{"not_picked":["Run Through","Seeing Red"],"picked":"Thunderclap","floor":20},{"not_picked":["Shrug It Off","Clash"],"picked":"Uppercut+1","floor":22},{"not_picked":["Run Through","ReplayTheSpireMod:Corrosion Curse"],"picked":"Intimidate+1","floor":24},{"not_picked":["Cleave","Disarm"],"picked":"Shrug It Off+1","floor":27},{"not_picked":["Searing Blow","Flame Barrier"],"picked":"Clothesline+1","floor":29},{"not_picked":["Flex+1","Wild Strike"],"picked":"Replay:Undeath\u0027s Touch+1","floor":30},{"not_picked":["Offering+1","Juggernaut"],"picked":"Double Tap+1","floor":33},{"not_picked":["Twin Strike+1","Replay:Undeath\u0027s Touch+1"],"picked":"Pummel","floor":35},{"not_picked":["Bloodletting+1","Defy Death+1"],"picked":"Rupture","floor":38},{"not_picked":["Defy Death+1","Power Through+1","Replay:Undeath\u0027s Touch"],"picked":"SKIP","floor":40},{"not_picked":["Juggernaut","Perfected Strike+1","Flex+1"],"picked":"SKIP","floor":42},{"not_picked":["Searing Blow","Iron Wave+1"],"picked":"Replay:Undeath\u0027s Touch+1","floor":44},{"not_picked":["Warcry+1","Bloodletting+1"],"picked":"Hemokinesis+1","floor":46}],"player_experience":45613,"relics_obtained":[{"floor":4,"key":"Regal Pillow"},{"floor":6,"key":"Blue Doll"},{"floor":9,"key":"Quantum Egg"},{"floor":10,"key":"Nunchaku"},{"floor":14,"key":"Paper Frog"},{"floor":26,"key":"Pear"},{"floor":29,"key":"Chameleon Ring"},{"floor":29,"key":"Replay:Multitool"},{"floor":30,"key":"Replay:PocketPolymizer"},{"floor":30,"key":"Toxic Egg 2"},{"floor":32,"key":"Bag of Marbles"},{"floor":39,"key":"Ring of Hypnosis"},{"floor":40,"key":"Oddly Smooth Stone"},{"floor":40,"key":"Replay:WaspNest"},{"floor":42,"key":"Bottled Flame"},{"floor":42,"key":"ReplayTheSpireMod:Spearhead"},{"floor":43,"key":"Shuriken"}],"event_choices":[{"damage_healed":0,"gold_gain":0,"player_choice":"RENOUNCE","damage_taken":10,"max_hp_gain":0,"max_hp_loss":0,"event_name":"betterThird:BetterSerpent","floor":2,"gold_loss":10,"cards_obtained":["Enlightenment"]},{"damage_healed":50,"gold_gain":0,"player_choice":"Embrace","damage_taken":0,"max_hp_gain":0,"max_hp_loss":86,"event_name":"betterThird:BetterShining","floor":11,"gold_loss":0},{"damage_healed":0,"gold_gain":30,"player_choice":"Searched \u00272\u0027 times","damage_taken":0,"max_hp_gain":0,"max_hp_loss":0,"event_name":"Dead Adventurer","floor":14,"gold_loss":0},{"cards_removed":["Strike_R"],"damage_healed":0,"gold_gain":0,"player_choice":"Upgrade and Remove","damage_taken":0,"max_hp_gain":0,"max_hp_loss":0,"event_name":"Designer","floor":19,"gold_loss":90,"cards_upgraded":["Shrug It Off"]},{"damage_healed":0,"gold_gain":0,"player_choice":"Fight","damage_taken":0,"max_hp_gain":0,"max_hp_loss":0,"event_name":"Colosseum","floor":30,"gold_loss":0},{"damage_healed":0,"gold_gain":0,"player_choice":"Fought Nobs","damage_taken":0,"max_hp_gain":0,"max_hp_loss":0,"event_name":"Colosseum","floor":30,"gold_loss":0},{"damage_healed":0,"gold_gain":0,"player_choice":"Forge","damage_taken":0,"max_hp_gain":0,"max_hp_loss":0,"event_name":"Accursed Blacksmith","floor":37,"gold_loss":0,"cards_upgraded":["Limit Break"]},{"damage_healed":27,"gold_gain":0,"player_choice":"Writhe","damage_taken":0,"max_hp_gain":0,"max_hp_loss":0,"event_name":"Winding Halls","floor":45,"gold_loss":0,"cards_obtained":["Writhe"]}],"is_beta":false,"boss_relics":[{"not_picked":["Velvet Choker","Kintsugi"],"picked":"Black Star"},{"not_picked":["Replay:Drink Me","Runic Cube"],"picked":"Electric Blood"}],"items_purged_floors":[21],"is_endless":false,"potions_floor_spawned":[5,6,12,16,22,24,29,30,38,42,46],"killed_by":"Reptomancer","ascension_level":2}}