{"host":"szp1d6dso4pv7ddl","time":1609884540,"event":{"mods":["AchievementEnabler","Alarm Clock","BaseMod","Bestiary","Block Reminder","Colored Map","Colored Powertips","Curses Come First","Displayed Cursed Tome","Highlight Path","Minty Spire (QoL Compilation)","Permanent Neow","Quick Restart","Relic Sorter","Relic Stats","StSLib","Synergy Search"],"gold_per_floor":[119,119,119,394,404,404,435,228,228,228,0,0,18,34,34,106,106,122,132,132,145,165,165,180,180,255,266,266,285,285,302,302,378,378,393,114,114,128,128,154,171,190,190,190,200,200,212,212,212,212,212],"floor_reached":50,"playtime":3235,"items_purged":["Regret","Strike_R"],"score":834,"play_id":"4d6b1d84-aa7b-4cd9-9823-ddce310c4766","local_time":"20210105140900","is_ascension_mode":true,"campfire_choices":[{"data":"Bash","floor":6.0,"key":"SMITH"},{"floor":15.0,"key":"REST"},{"data":"Enlightenment","floor":23,"key":"SMITH"},{"data":"Shrug It Off","floor":25,"key":"SMITH"},{"data":"Barricade","floor":32,"key":"SMITH"},{"floor":44,"key":"REST"},{"floor":46,"key":"REST"},{"floor":49,"key":"REST"}],"circlet_count":0,"master_deck":["AscendersBane","Strike_R","Strike_R","Defend_R","Defend_R","Defend_R","Bash+1","Pommel Strike","Clothesline","Immolate","Shrug It Off+1","Enlightenment+1","The Bomb+1","Armaments+1","Spot Weakness+1","Battle Trance+1","Barricade+1","Uppercut","Seeing Red+1","True Grit+1","Disarm+1","Intimidate+1","True Grit+1","Body Slam","Shrug It Off+1","True Grit+1"],"relics":["Burning Blood","Kunai","Ornamental Fan","InkBottle","HornCleat","Bronze Scales","Toxic Egg 2","Philosopher\u0027s Stone","Fusion Hammer","Centennial Puzzle","Potion Belt","Pear","Red Skull"],"acts_visited":["Exordium","TheCity","TheBeyond"],"potions_floor_usage":[22,27,33,40,50,50],"damage_taken":[{"damage":1.0,"enemies":"Cultist","floor":1.0,"turns":3.0},{"damage":5.0,"enemies":"2 Louse","floor":5.0,"turns":3.0},{"damage":61.0,"enemies":"Gremlin Nob","floor":7.0,"turns":6.0},{"damage":0.0,"enemies":"Small Slimes","floor":13.0,"turns":3.0},{"damage":11.0,"enemies":"Gremlin Gang","floor":14.0,"turns":3.0},{"damage":27.0,"enemies":"The Guardian","floor":16.0,"turns":11.0},{"damage":15.0,"enemies":"Shell Parasite","floor":18.0,"turns":5.0},{"damage":18.0,"enemies":"3 Byrds","floor":19.0,"turns":2.0},{"damage":9.0,"enemies":"Sentry and Sphere","floor":21.0,"turns":4.0},{"damage":0,"enemies":"3 Cultists","floor":22,"turns":3},{"damage":0,"enemies":"Centurion and Healer","floor":24,"turns":3},{"damage":1,"enemies":"Snecko","floor":27,"turns":4},{"damage":0,"enemies":"Cultist and Chosen","floor":29,"turns":4},{"damage":7,"enemies":"3 Cultists","floor":31,"turns":3},{"damage":32,"enemies":"Collector","floor":33,"turns":9},{"damage":17,"enemies":"3 Shapes","floor":35,"turns":3},{"damage":0,"enemies":"Orb Walker","floor":38,"turns":4},{"damage":15,"enemies":"Reptomancer","floor":40,"turns":6},{"damage":9,"enemies":"3 Darklings","floor":41,"turns":5},{"damage":23,"enemies":"4 Shapes","floor":42,"turns":5},{"damage":0,"enemies":"Spire Growth","floor":45,"turns":4},{"damage":5,"enemies":"Maw","floor":47,"turns":6},{"damage":95,"enemies":"Donu and Deca","floor":50,"turns":10}],"seed_played":"-2964422237630241041","potions_obtained":[{"floor":1.0,"key":"BlessingOfTheForge"},{"floor":13.0,"key":"HeartOfIron"},{"floor":16.0,"key":"DistilledChaos"},{"floor":18.0,"key":"DuplicationPotion"},{"floor":27,"key":"ColorlessPotion"},{"floor":29,"key":"PowerPotion"},{"floor":38,"key":"DuplicationPotion"},{"floor":40,"key":"PowerPotion"},{"floor":42,"key":"SpeedPotion"}],"is_trial":false,"path_per_floor":["M","?","?","?","M","R","E","$","T","T","$","?","M","M","R","B",null,"M","M","?","M","M","R","M","R","T","M","?","M","?","M","R","B",null,"M","$","?","M","?","E","M","M","T","R","M","R","M","?","R","B"],"character_chosen":"IRONCLAD","items_purchased":["Shrug It Off","Enlightenment","The Bomb+1","Armaments+1","True Grit+1","Centennial Puzzle"],"campfire_rested":4,"item_purchase_floors":[8,8,11,11,36,36],"current_hp_per_floor":[73,66,71,71,72,72,17,17,17,17,17,17,23,18,42,21,65,56,44,44,41,47,47,53,53,53,58,43,49,49,48,48,22,69,58,58,58,64,64,55,52,35,45,73,79,95,95,95,95,0,0],"gold":212,"neow_bonus":"REMOVE_CARD","is_daily":false,"chose_seed":false,"campfire_upgraded":4,"win_rate":0.0,"timestamp":1609884540,"path_taken":["M","?","?","?","?","R","E","$","T","?","?","?","M","M","R","BOSS","M","M","?","M","?","R","M","R","T","M","?","M","?","M","R","BOSS","M","$","?","M","?","E","M","M","T","R","M","R","M","?","R","BOSS"],"items_purchased_type":["Card","Card","Card","Card","Card","Relic"],"build_version":"2020-12-22","purchased_purges":2,"victory":false,"max_hp_per_floor":[75,75,80,80,80,80,80,80,80,80,80,80,80,80,80,80,80,80,80,80,80,80,80,80,80,80,80,85,85,85,85,85,85,85,85,85,85,85,85,85,85,85,95,95,95,95,95,95,95,95,95],"relic_stats":{"Centennial Puzzle":[15],"counters":[23,108],"Ornamental Fan":[56],"Bronze Scales":[291],"Kunai":[16],"obtain_stats":[{"Potion Belt":40,"Pear":43,"Burning Blood":0,"Centennial Puzzle":36,"HornCleat":2,"Ornamental Fan":26,"Bronze Scales":7,"Philosopher\u0027s Stone":17,"Fusion Hammer":34,"Kunai":10,"Toxic Egg 2":9,"InkBottle":12,"Red Skull":48},{"Potion Belt":18,"Pear":20,"Burning Blood":0,"Centennial Puzzle":16,"HornCleat":1,"Ornamental Fan":11,"Bronze Scales":3,"Philosopher\u0027s Stone":6,"Fusion Hammer":15,"Kunai":3,"Toxic Egg 2":3,"InkBottle":3,"Red Skull":22},{"Potion Belt":79,"Pear":89,"Burning Blood":0,"Centennial Puzzle":69,"HornCleat":3,"Ornamental Fan":46,"Bronze Scales":12,"Philosopher\u0027s Stone":29,"Fusion Hammer":66,"Kunai":12,"Toxic Egg 2":12,"InkBottle":12,"Red Skull":99}],"Burning Blood":131,"InkBottle":[26]},"card_choices":[{"not_picked":["Shockwave","Wild Strike"],"picked":"Pommel Strike","floor":1.0},{"not_picked":["Evolve","Armaments"],"picked":"Clothesline","floor":5.0},{"not_picked":["Iron Wave","Evolve"],"picked":"Immolate","floor":7.0},{"not_picked":["Sword Boomerang","Perfected Strike"],"picked":"Spot Weakness+1","floor":13.0},{"not_picked":["Clash","Havoc+1"],"picked":"Battle Trance+1","floor":14.0},{"not_picked":["Fiend Fire","Juggernaut"],"picked":"Barricade","floor":16.0},{"not_picked":["Thunderclap+1","Armaments+1","Iron Wave"],"picked":"SKIP","floor":18.0},{"not_picked":["Sword Boomerang","Flex+1","Perfected Strike"],"picked":"SKIP","floor":19.0},{"not_picked":["Rupture+1","Reckless Charge"],"picked":"Uppercut","floor":21.0},{"not_picked":["Fire Breathing","True Grit+1"],"picked":"Seeing Red+1","floor":22},{"not_picked":["Intimidate+1","Blood for Blood","Body Slam"],"picked":"SKIP","floor":24},{"not_picked":["Anger","Thunderclap","Perfected Strike"],"picked":"SKIP","floor":27},{"not_picked":["Rage+1","Uppercut"],"picked":"True Grit+1","floor":29},{"not_picked":["Heavy Blade","Clash"],"picked":"Disarm+1","floor":31},{"not_picked":["Clothesline+1","Disarm+1"],"picked":"Intimidate+1","floor":35},{"not_picked":["Whirlwind","Iron Wave+1"],"picked":"Body Slam","floor":38},{"not_picked":["Flex+1","Wild Strike"],"picked":"Shrug It Off+1","floor":40},{"not_picked":["Hemokinesis","Pommel Strike","Headbutt"],"picked":"SKIP","floor":41},{"not_picked":["Clash","Wild Strike","Iron Wave+1"],"picked":"SKIP","floor":42},{"not_picked":["Cleave+1","Ghostly Armor+1"],"picked":"True Grit+1","floor":45},{"not_picked":["Havoc+1","Sever Soul","Reckless Charge"],"picked":"SKIP","floor":47}],"player_experience":1125613,"relics_obtained":[{"floor":7.0,"key":"Bronze Scales"},{"floor":9.0,"key":"Toxic Egg 2"},{"floor":10.0,"key":"Kunai"},{"floor":12.0,"key":"InkBottle"},{"floor":26,"key":"Ornamental Fan"},{"floor":40,"key":"Potion Belt"},{"floor":43,"key":"Pear"}],"event_choices":[{"damage_healed":0.0,"max_hp_gain":0.0,"max_hp_loss":0.0,"gold_gain":0.0,"event_name":"Scrap Ooze","player_choice":"Success","floor":2.0,"gold_loss":0.0,"damage_taken":7.0,"relics_obtained":["HornCleat"]},{"damage_healed":0.0,"max_hp_gain":5.0,"max_hp_loss":0.0,"gold_gain":0.0,"event_name":"Big Fish","player_choice":"Donut","floor":3.0,"gold_loss":0.0,"damage_taken":0.0},{"damage_healed":0.0,"max_hp_gain":0.0,"max_hp_loss":0.0,"gold_gain":275.0,"event_name":"Golden Shrine","player_choice":"Desecrate","floor":4.0,"gold_loss":0.0,"damage_taken":0.0,"cards_obtained":["Regret"]},{"damage_healed":0.0,"max_hp_gain":0.0,"max_hp_loss":0.0,"gold_gain":0.0,"event_name":"Wheel of Change","player_choice":"Relic","floor":12.0,"gold_loss":0.0,"damage_taken":0.0},{"cards_removed":["Strike_R"],"damage_healed":0.0,"max_hp_gain":0.0,"max_hp_loss":0.0,"gold_gain":0.0,"event_name":"Purifier","player_choice":"Purged","floor":20.0,"gold_loss":0.0,"damage_taken":0.0},{"damage_healed":0,"gold_gain":0,"player_choice":"Shed Blood","damage_taken":20,"max_hp_gain":5,"max_hp_loss":0,"event_name":"Forgotten Altar","floor":28,"gold_loss":0},{"cards_removed":["Strike_R"],"damage_healed":0,"gold_gain":0,"player_choice":"Elegance","damage_taken":0,"max_hp_gain":0,"max_hp_loss":0,"event_name":"Back to Basics","floor":30,"gold_loss":0},{"damage_healed":0,"gold_gain":0,"player_choice":"Memory 1","damage_taken":0,"max_hp_gain":0,"max_hp_loss":0,"event_name":"SensoryStone","floor":37,"gold_loss":0},{"damage_healed":0,"gold_gain":0,"player_choice":"Ignored","damage_taken":0,"max_hp_gain":0,"max_hp_loss":0,"event_name":"Mysterious Sphere","floor":39,"gold_loss":0},{"damage_healed":0,"gold_gain":0,"player_choice":"Gave Potion","damage_taken":0,"relics_obtained":["Red Skull"],"max_hp_gain":0,"max_hp_loss":0,"event_name":"WeMeetAgain","floor":48,"gold_loss":0}],"is_beta":false,"boss_relics":[{"not_picked":["Coffee Dripper","Runic Pyramid"],"picked":"Philosopher\u0027s Stone"},{"not_picked":["Tiny House","SlaversCollar"],"picked":"Fusion Hammer"}],"items_purged_floors":[8,36],"is_endless":false,"potions_floor_spawned":[1,13,16,18,21,27,29,38,40,42],"killed_by":"Donu and Deca","ascension_level":14}}