{"host":"kw4o7b3ro2ktmmbe","time":1609853715,"event":{"mods":["BaseMod","Evolution","Fireblade Mod","Minty Spire (QoL Compilation)","StSLib"],"gold_per_floor":[109,59,78,78,89,99,99,110,159,171,198,198,216,275,275,380,380,398,398,414,339,28,67,67,67,67,76,76,101,101,135,135,245,245,262,280,280,280,305,305,341,341,388,88,117,117,117,143,143,143],"floor_reached":51,"playtime":3164,"items_purged":[],"score":981,"play_id":"ff6b7c83-dd15-4677-a828-7c9387ba03ea","local_time":"20210106023515","is_ascension_mode":true,"campfire_choices":[{"data":"FireBladeMod:Accelerant","floor":7.0,"key":"SMITH"},{"data":"FireBladeMod:ThirstForBlood","floor":15.0,"key":"SMITH"},{"floor":25.0,"key":"REST"},{"data":"FireBladeMod:HealthyEndurance","floor":30.0,"key":"SMITH"},{"floor":32.0,"key":"REST"},{"data":"FireBladeMod:DebilitatingBlow","floor":40.0,"key":"SMITH"},{"data":"FireBladeMod:BattleStamina","floor":42.0,"key":"SMITH"},{"data":"FireBladeMod:FlamingSword","floor":47.0,"key":"SMITH"},{"floor":49.0,"key":"REST"}],"circlet_count":0,"master_deck":["FireBladeMod:DefendFireBlade","FireBladeMod:DefendFireBlade","FireBladeMod:FlamingSword+1","FireBladeMod:RollWithTheBlow","FireBladeMod:Accelerant+1","FireBladeMod:Arson","FireBladeMod:ThirstForBlood+1","FireBladeMod:SoulSword","FireBladeMod:RapidHits","FireBladeMod:Swipe","FireBladeMod:Swipe","FireBladeMod:Swipe","FireBladeMod:Swipe","FireBladeMod:Swipe","FireBladeMod:RapidDodges+1","FireBladeMod:RapidDodges+1","FireBladeMod:HealthyEndurance+1","FireBladeMod:EternalEndurance","FireBladeMod:RapidHits","FireBladeMod:DebilitatingBlow+1","Madness","Madness","FireBladeMod:Flames+1","FireBladeMod:BattleStamina+1","FireBladeMod:Refreshment+1","FireBladeMod:RollWithTheBlow+1"],"relics":["FireBladeMod:DuelistLocket","EVO:Axolotl","Question Card","Strawberry","Nunchaku","FireBladeMod:TigerClaw","TungstenRod","CeramicFish","HornCleat","MutagenicStrength","Bird Faced Urn","Velvet Choker","FireBladeMod:Matches","Omamori","ClockworkSouvenir","Lantern"],"acts_visited":["Exordium","TheCity","TheBeyond"],"potions_floor_usage":[50],"damage_taken":[{"damage":2.0,"enemies":"2 Louse","floor":1.0,"turns":3.0},{"damage":6.0,"enemies":"Small Slimes","floor":3.0,"turns":5.0},{"damage":0.0,"enemies":"Cultist","floor":5.0,"turns":3.0},{"damage":0.0,"enemies":"3 Louse","floor":6.0,"turns":3.0},{"damage":8.0,"enemies":"Blue Slaver","floor":8.0,"turns":3.0},{"damage":1.0,"enemies":"2 Fungi Beasts","floor":10.0,"turns":2.0},{"damage":0.0,"enemies":"Gremlin Nob","floor":11.0,"turns":2.0},{"damage":14.0,"enemies":"Exordium Wildlife","floor":13.0,"turns":4.0},{"damage":20.0,"enemies":"The Guardian","floor":16.0,"turns":8.0},{"damage":7.0,"enemies":"Chosen","floor":18.0,"turns":4.0},{"damage":16.0,"enemies":"Shell Parasite","floor":20.0,"turns":4.0},{"damage":34.0,"enemies":"Slavers","floor":23.0,"turns":3.0},{"damage":16.0,"enemies":"Shelled Parasite and Fungi","floor":29.0,"turns":3.0},{"damage":31.0,"enemies":"Gremlin Leader","floor":31.0,"turns":5.0},{"damage":20.0,"enemies":"Automaton","floor":33.0,"turns":8.0},{"damage":16.0,"enemies":"Orb Walker","floor":35.0,"turns":4.0},{"damage":28.0,"enemies":"3 Darklings","floor":39.0,"turns":4.0},{"damage":34.0,"enemies":"Nemesis","floor":41.0,"turns":7.0},{"damage":10.0,"enemies":"Writhing Mass","floor":45.0,"turns":5.0},{"damage":10.0,"enemies":"Jaw Worm Horde","floor":48.0,"turns":3.0},{"damage":97,"enemies":"Awakened One","floor":50,"turns":9}],"seed_played":"8998035051044106484","potions_obtained":[{"floor":1.0,"key":"Dexterity Potion"},{"floor":8.0,"key":"SteroidPotion"},{"floor":10.0,"key":"FearPotion"},{"floor":11.0,"key":"Fruit Juice"},{"floor":16.0,"key":"Energy Potion"},{"floor":20.0,"key":"FireBladeMod:VigorPotion"},{"floor":23.0,"key":"BlessingOfTheForge"},{"floor":31.0,"key":"SkillPotion"},{"floor":41.0,"key":"PowerPotion"}],"is_trial":false,"path_per_floor":["M","?","M","?","M","M","R","M","T","M","E","?","M","?","R","B",null,"M","?","M","?","$","E","$","R","T","?","?","M","R","E","R","B",null,"M","?","?","?","M","R","E","R","T","$","M","?","R","M","R","B",null],"character_chosen":"THE_FIREBLADE","items_purchased":["TungstenRod","ClockworkSouvenir","Lantern"],"campfire_rested":3,"item_purchase_floors":[22,44,44],"current_hp_per_floor":[61,61,55,43,43,43,43,35,42,41,46,106,92,92,92,72,106,99,77,61,61,61,27,27,60,60,60,60,44,44,21,54,50,111,99,86,86,86,74,74,56,56,56,56,56,56,56,52,85,16],"gold":143,"neow_bonus":"TWENTY_PERCENT_HP_BONUS","is_daily":false,"chose_seed":false,"campfire_upgraded":6,"win_rate":0.0,"timestamp":1609853715,"path_taken":["M","?","M","?","M","M","R","M","T","M","E","?","?","?","R","BOSS","M","?","M","?","?","E","$","R","T","?","?","?","R","E","R","BOSS","M","?","?","?","M","R","E","R","T","$","M","?","R","M","R","BOSS"],"items_purchased_type":["Relic","Relic","Relic"],"build_version":"2020-12-22","purchased_purges":0,"victory":true,"max_hp_per_floor":[84,84,84,84,84,84,84,84,91,91,96,106,106,106,106,106,106,106,111,111,111,111,111,111,111,111,111,111,111,111,111,111,111,111,111,111,111,111,111,111,111,111,111,111,111,111,111,111,111,111],"card_choices":[{"not_picked":["FireBladeMod:Wildfire","FireBladeMod:Turtle"],"picked":"FireBladeMod:RollWithTheBlow","floor":1.0},{"not_picked":["FireBladeMod:ComboCleave","FireBladeMod:Turtle"],"picked":"FireBladeMod:Accelerant","floor":3.0},{"not_picked":["FireBladeMod:Turtle","FireBladeMod:Shove","FireBladeMod:Unbalance","FireBladeMod:ComboSlashes"],"picked":"SKIP","floor":5.0},{"not_picked":["FireBladeMod:Robust","FireBladeMod:SmashingEndurance","FireBladeMod:Turtle"],"picked":"FireBladeMod:Arson","floor":6.0},{"not_picked":["FireBladeMod:SteadyEndurance","FireBladeMod:StunningBlow","FireBladeMod:Wildfire"],"picked":"FireBladeMod:ThirstForBlood","floor":8.0},{"not_picked":["FireBladeMod:Wildfire","FireBladeMod:Reposition","FireBladeMod:WellPrepared"],"picked":"FireBladeMod:GlassGreatsword","floor":10.0},{"not_picked":["FireBladeMod:Feint","FireBladeMod:ComboSlashes","FireBladeMod:AdrenalineBoost","FireBladeMod:Turtle"],"picked":"SKIP","floor":11.0},{"not_picked":["FireBladeMod:WellPrepared","FireBladeMod:Turtle","FireBladeMod:Shove"],"picked":"FireBladeMod:SoulSword","floor":13.0},{"not_picked":["FireBladeMod:LayeredDefense","FireBladeMod:Ignition","FireBladeMod:DebilitatingBlow"],"picked":"FireBladeMod:RapidHits","floor":16.0},{"not_picked":["FireBladeMod:ComplexDefense","FireBladeMod:Turtle","FireBladeMod:IronEndurance","FireBladeMod:BackhandSwing"],"picked":"SKIP","floor":18.0},{"not_picked":["FireBladeMod:Feint","FireBladeMod:BackhandSwing+1","FireBladeMod:ArmSmash+1"],"picked":"FireBladeMod:RapidDodges+1","floor":20.0},{"not_picked":["FireBladeMod:SmokySwing+1","FireBladeMod:SpinningSmash","FireBladeMod:ThirstForBlood"],"picked":"FireBladeMod:RapidDodges+1","floor":23.0},{"not_picked":["FireBladeMod:ThirdDegree","FireBladeMod:Wildfire","FireBladeMod:TorsoSmash"],"picked":"FireBladeMod:EternalEndurance","floor":29.0},{"not_picked":["FireBladeMod:SteadyEndurance","FireBladeMod:ComboSlashes","FireBladeMod:BasicSmash"],"picked":"FireBladeMod:RapidHits","floor":31.0},{"not_picked":["FireBladeMod:FinalSmash","FireBladeMod:PyromancerForm","FireBladeMod:BodyAsFuel"],"picked":"FireBladeMod:DebilitatingBlow","floor":33.0},{"not_picked":["FireBladeMod:SpinningSmash+1","FireBladeMod:Turtle","FireBladeMod:Shove+1","FireBladeMod:FerventSlash"],"picked":"SKIP","floor":35.0},{"not_picked":["FireBladeMod:QuickJabs+1","FireBladeMod:DoubleDash","FireBladeMod:IronEndurance+1"],"picked":"FireBladeMod:Flames+1","floor":39.0},{"not_picked":["FireBladeMod:ScorchingStrike+1","FireBladeMod:SmokeScreen","FireBladeMod:FerventSlash"],"picked":"FireBladeMod:BattleStamina","floor":41.0},{"not_picked":["FireBladeMod:IronEndurance","FireBladeMod:ComplexDefense","FireBladeMod:ScorchingStrike"],"picked":"FireBladeMod:Refreshment+1","floor":45.0},{"not_picked":["FireBladeMod:Wildfire+1","FireBladeMod:WellPrepared+1","FireBladeMod:QuickJabs+1"],"picked":"FireBladeMod:RollWithTheBlow+1","floor":48.0}],"player_experience":1853578,"relics_obtained":[{"floor":9.0,"key":"Strawberry"},{"floor":11.0,"key":"Nunchaku"},{"floor":23.0,"key":"CeramicFish"},{"floor":26.0,"key":"HornCleat"},{"floor":31.0,"key":"Bird Faced Urn"},{"floor":41.0,"key":"FireBladeMod:Matches"},{"floor":43.0,"key":"Omamori"}],"event_choices":[{"cards_removed":["FireBladeMod:DefendFireBlade"],"damage_healed":0.0,"max_hp_gain":0.0,"max_hp_loss":0.0,"gold_gain":0.0,"event_name":"The Cleric","player_choice":"Card Removal","floor":2.0,"gold_loss":50.0,"damage_taken":0.0},{"damage_healed":0.0,"max_hp_gain":0.0,"max_hp_loss":0.0,"gold_gain":0.0,"event_name":"Scrap Ooze","player_choice":"Success","floor":4.0,"gold_loss":0.0,"damage_taken":12.0,"relics_obtained":["Question Card"]},{"cards_removed":["FireBladeMod:GlassGreatsword"],"damage_healed":50.0,"max_hp_gain":10.0,"max_hp_loss":0.0,"gold_gain":0.0,"event_name":"Bonfire Elementals","player_choice":"Offered Rare","floor":12.0,"gold_loss":0.0,"damage_taken":0.0},{"damage_healed":0.0,"max_hp_gain":0.0,"max_hp_loss":0.0,"gold_gain":59.0,"event_name":"Golden Wing","player_choice":"Gained Gold","floor":14.0,"gold_loss":0.0,"damage_taken":0.0},{"damage_healed":0.0,"max_hp_gain":5.0,"max_hp_loss":0.0,"gold_gain":0.0,"event_name":"Forgotten Altar","player_choice":"Shed Blood","floor":19.0,"gold_loss":0.0,"damage_taken":27.0},{"cards_removed":["FireBladeMod:DefendFireBlade"],"damage_healed":0.0,"max_hp_gain":0.0,"max_hp_loss":0.0,"gold_gain":0.0,"event_name":"Beggar","player_choice":"Gave Gold","floor":21.0,"gold_loss":75.0,"damage_taken":0.0},{"damage_healed":0.0,"max_hp_gain":0.0,"max_hp_loss":0.0,"gold_gain":0.0,"event_name":"The Library","player_choice":"Read","floor":27.0,"gold_loss":0.0,"damage_taken":0.0,"cards_obtained":["FireBladeMod:HealthyEndurance"]},{"damage_healed":0.0,"max_hp_gain":0.0,"max_hp_loss":0.0,"gold_gain":0.0,"event_name":"Drug Dealer","player_choice":"Inject Mutagens","floor":28.0,"gold_loss":0.0,"damage_taken":0.0,"relics_obtained":["MutagenicStrength"]},{"damage_healed":0.0,"max_hp_gain":0.0,"max_hp_loss":0.0,"gold_gain":0.0,"event_name":"Winding Halls","player_choice":"Embrace Madness","floor":36.0,"gold_loss":0.0,"damage_taken":14.0,"cards_obtained":["Madness","Madness"]},{"damage_healed":0.0,"max_hp_gain":0.0,"max_hp_loss":0.0,"gold_gain":0.0,"event_name":"Tomb of Lord Red Mask","player_choice":"Ignored","floor":37.0,"gold_loss":0.0,"damage_taken":0.0},{"cards_removed":["FireBladeMod:FireBarrier"],"damage_healed":0.0,"max_hp_gain":0.0,"max_hp_loss":0.0,"gold_gain":0.0,"event_name":"Falling","player_choice":"Removed Skill","floor":38.0,"gold_loss":0.0,"damage_taken":0.0},{"damage_healed":0.0,"max_hp_gain":0.0,"max_hp_loss":0.0,"gold_gain":0.0,"event_name":"Mysterious Sphere","player_choice":"Ignored","floor":46.0,"gold_loss":0.0,"damage_taken":0.0}],"is_beta":false,"boss_relics":[{"not_picked":["Empty Cage","Busted Crown"],"picked":"FireBladeMod:TigerClaw"},{"not_picked":["Pandora\u0027s Box","Snecko Eye"],"picked":"Velvet Choker"}],"items_purged_floors":[],"is_endless":false,"potions_floor_spawned":[1,8,10,11,16,20,23,31,41],"ascension_level":4}}