{"host":"so437kwitdq4epbi","time":1609827992,"event":{"mods":["AchievementEnabler","BaseMod","Decade(王小明)","Friendly Minions","Gremlin Mod","KinomotoSakuraMod(木之本樱)","Koishi","KomeijiMod","LagranYue(拉格朗・月)","Lobotomy","LobotomyExtend","Marisa（F雨　魔理沙）","Minty Spire (QoL Compilation)","Quick Restart","READ ME - Snecko Mod","Replay The Spire","Shop Mod","StSLib","The Alterego","The Bladedancer","The Bug Knight","The Construct","The Hierophant","The Mystic","The Poker Player","The Runesmith","Yuyuko","[IsaacMod]以撒尖塔","vexMod"],"gold_per_floor":[109,184,197,217,237,252,252,214,214,227,227,12,30,55,55,151,151,153,37,37,37,37],"floor_reached":20,"playtime":1075,"items_purged":[],"score":176,"play_id":"cd4dd7f0-4af1-4484-a6e4-bef35a44b4a2","local_time":"20210105142632","is_ascension_mode":false,"metric_token":1878,"campfire_choices":[{"floor":7,"key":"REST"},{"floor":15,"key":"REST"}],"circlet_count":0,"master_deck":["PokerPlayerMod:Diamond1","PokerPlayerMod:Diamond2","PokerPlayerMod:Diamond3","PokerPlayerMod:Diamond4","PokerPlayerMod:Diamond5","PokerPlayerMod:Spade1","PokerPlayerMod:Spade2","PokerPlayerMod:Spade3","PokerPlayerMod:Spade4","PokerPlayerMod:Club1","PokerPlayerMod:Club2","PokerPlayerMod:Heart2","PokerPlayerMod:TrumpStrike","PokerPlayerMod:BadJoker","PokerPlayerMod:Mulligan","PokerPlayerMod:DiamondStrike","PokerPlayerMod:Heart2","PokerPlayerMod:ClubsClub","PokerPlayerMod:Diamond3","Scorched","PokerPlayerMod:Diamond7","PokerPlayerMod:Sharpen","PokerPlayerMod:Spade4","PokerPlayerMod:Diamond8","PokerPlayerMod:Diamond6","PokerPlayerMod:Diamond6","PokerPlayerMod:Club5","PokerPlayerMod:RiskyBet","Freischutz","PokerPlayerMod:Diamond8","PokerPlayerMod:Extraction+1","PokerPlayerMod:Spade9"],"relics":["PokerPlayerMod:DeckCase","HushsDoor","LagranYue:RandomDrawCardRelic","SteamSale","CogitoBucket","RabbitCall","LetterFromLob","WingedGreaves","HellTrain","PokerPlayerMod:BrokenClock","Replay:Arrowhead","Lantern"],"acts_visited":["Exordium","TheCity"],"potions_floor_usage":[10,16,16],"damage_taken":[{"damage":0,"enemies":"2 Louse","floor":1,"turns":2},{"damage":5,"enemies":"Cultist","floor":3,"turns":3},{"damage":1,"enemies":"Small Slimes","floor":4,"turns":3},{"damage":5,"enemies":"Blue Slaver","floor":5,"turns":3},{"damage":3,"enemies":"Red Slaver","floor":6,"turns":2},{"damage":11,"enemies":"Looter","floor":10,"turns":3},{"damage":4,"enemies":"Gremlin Gang","floor":13,"turns":2},{"damage":22,"enemies":"Lagavulin","floor":14,"turns":5},{"damage":35,"enemies":"The Guardian","floor":16,"turns":7},{"damage":10,"enemies":"2 Thieves","floor":18,"turns":2},{"damage":56,"enemies":"3 Byrds","floor":20,"turns":3}],"seed_played":"-3004078673494998032","potions_obtained":[{"floor":1,"key":"Block Potion"},{"floor":5,"key":"Weak Potion"},{"floor":6,"key":"Adrenaline Potion"},{"floor":13,"key":"SmokeBomb"},{"floor":16,"key":"Fire Potion"},{"floor":18,"key":"SkillPotion"}],"is_trial":false,"path_per_floor":["M","?","M","M","M","M","R","$","T","M","E","$","M","E","R","B",null,"M","$","M"],"character_chosen":"THE_POKER_PLAYER","items_purchased":["PokerPlayerMod:Sharpen","PokerPlayerMod:Diamond8","PokerPlayerMod:Diamond6","PokerPlayerMod:BrokenClock","Lantern","PokerPlayerMod:Spade9"],"campfire_rested":2,"item_purchase_floors":[8,12,12,12,19,19],"current_hp_per_floor":[52,41,38,41,36,33,48,48,48,37,37,37,33,19,34,2,52,42,42,0,0,0],"gold":37,"neow_bonus":"","is_daily":false,"chose_seed":false,"campfire_upgraded":0,"win_rate":0.0,"timestamp":1609827992,"path_taken":["M","?","M","M","M","M","R","$","T","M","E","$","M","E","R","BOSS","M","$","M"],"items_purchased_type":["Card","Card","Card","Relic","Card","Card"],"build_version":"2020-12-22","purchased_purges":0,"victory":false,"max_hp_per_floor":[52,52,52,52,52,52,52,52,52,52,52,52,52,52,52,52,52,52,52,52,52,52],"card_choices":[{"not_picked":[],"picked":"ChaosCard","floor":0},{"not_picked":["ClowCardTheLittle","ClowCardTheWatery"],"picked":"PokerPlayerMod:DiamondStrike","floor":1},{"not_picked":["ClowCardTheShot","ClowCardTheBig"],"picked":"PokerPlayerMod:Heart2","floor":3},{"not_picked":["Scarecrow","CherryBlossoms","Rudolta"],"picked":"Singing Bowl","floor":4},{"not_picked":["ClowCardTheMirror","PokerPlayerMod:Club5"],"picked":"PokerPlayerMod:ClubsClub","floor":4},{"not_picked":["QueenBee","MeatLantern","Bloodbath"],"picked":"Singing Bowl","floor":5},{"not_picked":["ClowCardTheFlower","ClowCardTheShadow"],"picked":"PokerPlayerMod:Diamond3","floor":5},{"not_picked":["ShyLook","CrumblingArmor"],"picked":"Scorched","floor":6},{"not_picked":["ClowCardTheFly","ClowCardTheMist"],"picked":"PokerPlayerMod:Diamond7","floor":6},{"not_picked":["Rudolta","WallGazer","CrumblingArmor"],"picked":"Singing Bowl","floor":10},{"not_picked":["ClowCardTheDream","ClowCardTheMove"],"picked":"PokerPlayerMod:Spade4","floor":10},{"not_picked":["Variant","HappyTeddy","WallGazer"],"picked":"Singing Bowl","floor":13},{"not_picked":["ClowCardTheShot","PokerPlayerMod:Spade4"],"picked":"PokerPlayerMod:Club5","floor":13},{"not_picked":["ShyLook","VoidDream","MeatLantern"],"picked":"Singing Bowl","floor":14},{"not_picked":["PokerPlayerMod:Club3","PokerPlayerMod:Club1"],"picked":"PokerPlayerMod:RiskyBet","floor":14},{"not_picked":["PunishingBird","SpiderBud","BigBird"],"picked":"Singing Bowl","floor":16},{"not_picked":["OSAHOGD","FairyFestival"],"picked":"Freischutz","floor":16},{"not_picked":["PokerPlayerMod:ItsShowtime","PokerPlayerMod:Spade10+"],"picked":"PokerPlayerMod:Diamond8","floor":16},{"not_picked":["CherryBlossoms","Alriune","MeltingLove"],"picked":"Singing Bowl","floor":18},{"not_picked":["PokerPlayerMod:Heart1","ClowCardTheIllusion"],"picked":"PokerPlayerMod:Extraction+1","floor":18}],"player_experience":176699,"relics_obtained":[{"floor":1,"key":"LetterFromLob"},{"floor":9,"key":"WingedGreaves"},{"floor":14,"key":"Replay:Arrowhead"}],"event_choices":[{"damage_healed":0,"gold_gain":75,"player_choice":"Gather Gold","damage_taken":11,"max_hp_gain":0,"max_hp_loss":0,"event_name":"World of Goop","floor":2,"gold_loss":0}],"is_beta":false,"boss_relics":[{"not_picked":["ChewingGum","Ectoplasm","ReplayTheSpireMod:DimensionalGlitch"]}],"items_purged_floors":[],"is_endless":false,"potions_floor_spawned":[1,5,6,13,16,18],"killed_by":"3 Byrds","ascension_level":0}}