{"host":"qojc688juf5ijsln","time":1609874097,"event":{"mods":["AchievementEnabler","BaseMod","BetterRewards","Colored Map","Colored Powertips","Friendly Minions","Highlight Path","Minty Spire (QoL Compilation)","Quick Restart","Shop Mod","Spicy Shops","StSLib","TestMod","Unceasing Turn Reminder"],"gold_per_floor":[116,126,126,138,149,149,24,50,50,50,300,300,300,329,329,425,425,444,458,458,458,368,397,397,432,458,194,213,138,157,192,192,295,295,307,307,321,337,355,390,390,405,405,430,333,333,333,383,383,383],"floor_reached":51,"playtime":1835,"items_purged":["Berserk"],"score":993,"play_id":"a55f388c-f1fd-4df2-bec3-2c6a631f43e0","local_time":"20210106031457","is_ascension_mode":true,"campfire_choices":[{"data":"Perfected Strike","floor":6,"key":"SMITH"},{"data":"Clash","floor":10,"key":"SMITH"},{"data":"Clash","floor":15,"key":"SMITH"},{"floor":24,"key":"REST"},{"floor":32,"key":"REST"},{"floor":41,"key":"REST"},{"floor":46,"key":"REST"},{"data":"Pommel Strike","floor":49,"key":"SMITH"}],"circlet_count":0,"master_deck":["Strike_R+1","Strike_R","Strike_R","Clash+1","Perfected Strike+1","Pommel Strike","Clash+1","Pommel Strike+1","Twin Strike+1","Perfected Strike+1","Clash+1","Perfected Strike+1","Perfected Strike+1","Clash+1","Pommel Strike+1","Clash+1","Anger+1","Clash+1"],"relics":["Burning Blood","testmod-TestBox","NeowsBlessing","testmod-BouquetWithThorns","HornCleat","testmod-Temperance","Molten Egg 2","Regal Pillow","Akabeko","MerchantsRug","Medical Kit","Chemical X","Nunchaku","testmod-EnergyCheck","Ornamental Fan","Self Forming Clay","Membership Card","Ginger"],"acts_visited":["Exordium","TheCity","TheBeyond"],"potions_floor_usage":[25,31],"damage_taken":[{"damage":0,"enemies":"Small Slimes","floor":1,"turns":1},{"damage":0,"enemies":"Cultist","floor":2,"turns":1},{"damage":0,"enemies":"Jaw Worm","floor":4,"turns":1},{"damage":6,"enemies":"Looter","floor":5,"turns":2},{"damage":10,"enemies":"Gremlin Nob","floor":8,"turns":3},{"damage":13,"enemies":"3 Sentries","floor":14,"turns":4},{"damage":40,"enemies":"Hexaghost","floor":16,"turns":5},{"damage":1,"enemies":"3 Byrds","floor":18,"turns":3},{"damage":18,"enemies":"Chosen","floor":19,"turns":2},{"damage":25,"enemies":"Book of Stabbing","floor":23,"turns":3},{"damage":20,"enemies":"Slavers","floor":25,"turns":3},{"damage":9,"enemies":"Centurion and Healer","floor":28,"turns":3},{"damage":12,"enemies":"Cultist and Chosen","floor":30,"turns":3},{"damage":38,"enemies":"Gremlin Leader","floor":31,"turns":2},{"damage":36,"enemies":"Automaton","floor":33,"turns":5},{"damage":0,"enemies":"Orb Walker","floor":35,"turns":1},{"damage":34,"enemies":"3 Darklings","floor":37,"turns":4},{"damage":21,"enemies":"4 Shapes","floor":38,"turns":3},{"damage":27,"enemies":"Writhing Mass","floor":39,"turns":2},{"damage":13,"enemies":"Giant Head","floor":40,"turns":5},{"damage":18,"enemies":"Maw","floor":42,"turns":5},{"damage":14,"enemies":"Reptomancer","floor":44,"turns":2},{"damage":11,"enemies":"Mind Bloom Boss Battle","floor":48,"turns":3},{"damage":41,"enemies":"Time Eater","floor":50,"turns":6}],"seed_played":"-1097480361034110122","potions_obtained":[{"floor":1,"key":"LiquidMemories"},{"floor":2,"key":"Swift Potion"},{"floor":16,"key":"BlessingOfTheForge"},{"floor":28,"key":"Energy Potion"},{"floor":30,"key":"Swift Potion"},{"floor":31,"key":"BlessingOfTheForge"},{"floor":33,"key":"SteroidPotion"}],"is_trial":false,"path_per_floor":["M","M","?","M","M","R","$","E","T","R","?","?","?","E","R","B",null,"M","M","?","?","?","E","R","E","T","$","M","$","M","E","R","B",null,"M","?","M","M","M","E","R","M","T","E","$","R","?","?","R","B",null],"character_chosen":"IRONCLAD","items_purchased":["Kunai","MerchantsRug","Medical Kit","Chemical X","Membership Card"],"campfire_rested":4,"item_purchase_floors":[7,27,27,29,45],"current_hp_per_floor":[80,80,80,80,80,80,80,86,86,86,86,91,91,84,84,50,95,95,83,83,64,64,45,75,61,61,61,58,58,52,20,65,35,100,100,100,72,61,40,33,79,67,67,59,59,104,104,99,99,64],"gold":383,"neow_bonus":"THREE_ENEMY_KILL","is_daily":false,"chose_seed":false,"campfire_upgraded":4,"win_rate":0.0,"timestamp":1609874097,"path_taken":["M","M","?","M","?","R","$","E","T","R","?","?","?","E","R","BOSS","M","M","?","?","?","E","R","E","T","$","M","$","M","E","R","BOSS","M","?","?","M","M","E","R","M","T","E","$","R","?","?","R","BOSS"],"items_purchased_type":["Relic","Relic","Relic","Relic","Relic"],"build_version":"2020-12-22","purchased_purges":1,"victory":true,"max_hp_per_floor":[80,80,80,80,80,80,80,90,90,90,90,95,95,95,95,95,95,95,95,95,100,100,100,100,100,100,100,100,100,100,100,100,100,100,100,100,100,104,104,104,104,104,104,104,104,104,104,104,104,104],"card_choices":[{"not_picked":["Second Wind","Flame Barrier"],"picked":"Clash","floor":1},{"not_picked":["Anger","Cleave"],"picked":"Perfected Strike","floor":2},{"not_picked":["Wild Strike","Carnage"],"picked":"Pommel Strike","floor":4},{"not_picked":["Wild Strike","Twin Strike"],"picked":"Clash","floor":5},{"not_picked":["Battle Trance","Second Wind","Feel No Pain"],"picked":"SKIP","floor":8},{"not_picked":["Heavy Blade","Intimidate"],"picked":"Pommel Strike","floor":14},{"not_picked":["Brutality","Bludgeon"],"picked":"Berserk","floor":16},{"not_picked":["True Grit","Searing Blow"],"picked":"Twin Strike+1","floor":18},{"not_picked":["Seeing Red","Rupture"],"picked":"Perfected Strike+1","floor":19},{"not_picked":["Dual Wield","Heavy Blade+1"],"picked":"Clash+1","floor":23},{"not_picked":["Metallicize","Entrench","Warcry+1"],"picked":"SKIP","floor":25},{"not_picked":["Headbutt+1","Immolate+1"],"picked":"Perfected Strike+1","floor":28},{"not_picked":["Evolve+1","Armaments","Dropkick+1"],"picked":"SKIP","floor":30},{"not_picked":["Double Tap","Twin Strike+1"],"picked":"Perfected Strike+1","floor":31},{"not_picked":["Impervious","Limit Break"],"picked":"Feed+1","floor":33},{"not_picked":["Anger+1","Bloodletting"],"picked":"Clash+1","floor":35},{"not_picked":["Clothesline+1","Headbutt+1","Intimidate+1"],"picked":"SKIP","floor":37},{"not_picked":["Armaments+1","Offering"],"picked":"Pommel Strike+1","floor":38},{"not_picked":["Cleave+1","Heavy Blade+1"],"picked":"Clash+1","floor":39},{"not_picked":["Cleave+1","Dark Embrace"],"picked":"Anger+1","floor":40},{"not_picked":["Shrug It Off+1","Iron Wave+1","Headbutt+1"],"picked":"SKIP","floor":42},{"not_picked":["Warcry","True Grit","Entrench"],"picked":"SKIP","floor":44},{"not_picked":["Anger+1","Headbutt+1"],"picked":"Clash+1","floor":48}],"player_experience":42775,"relics_obtained":[{"floor":8,"key":"Pear"},{"floor":9,"key":"testmod-InfectionSource"},{"floor":14,"key":"HornCleat"},{"floor":23,"key":"Molten Egg 2"},{"floor":25,"key":"Regal Pillow"},{"floor":26,"key":"Akabeko"},{"floor":31,"key":"Nunchaku"},{"floor":40,"key":"Ornamental Fan"},{"floor":43,"key":"Oddly Smooth Stone"},{"floor":44,"key":"Self Forming Clay"},{"floor":48,"key":"Ginger"}],"event_choices":[{"cards_removed":["Defend_R"],"damage_healed":0,"gold_gain":0,"player_choice":"Offered Basic","damage_taken":0,"max_hp_gain":0,"max_hp_loss":0,"event_name":"Bonfire Elementals","floor":3,"gold_loss":0},{"damage_healed":0,"gold_gain":250,"player_choice":"Sell","damage_taken":0,"max_hp_gain":0,"max_hp_loss":0,"event_name":"¶÷ÂåË¹µÄÅÌ×Ó","floor":11,"relics_lost":["testmod-InfectionSource"],"gold_loss":0},{"damage_healed":0,"gold_gain":0,"player_choice":"Donut","damage_taken":0,"max_hp_gain":5,"max_hp_loss":0,"event_name":"Big Fish","floor":12,"gold_loss":0},{"cards_removed":["Defend_R"],"damage_healed":0,"gold_gain":0,"player_choice":"Forget","damage_taken":0,"max_hp_gain":0,"max_hp_loss":0,"event_name":"Living Wall","floor":13,"gold_loss":0},{"cards_removed":["Defend_R"],"damage_healed":0,"gold_gain":0,"player_choice":"Elegance","damage_taken":0,"max_hp_gain":0,"max_hp_loss":0,"event_name":"Back to Basics","floor":20,"gold_loss":0},{"damage_healed":0,"gold_gain":0,"player_choice":"Shed Blood","damage_taken":24,"max_hp_gain":5,"max_hp_loss":0,"event_name":"Forgotten Altar","floor":21,"gold_loss":0},{"cards_removed":["Defend_R"],"damage_healed":0,"gold_gain":0,"player_choice":"Upgrade and Remove","damage_taken":0,"max_hp_gain":0,"max_hp_loss":0,"event_name":"Designer","floor":22,"gold_loss":90,"cards_upgraded":["Strike_R"]},{"cards_removed":["Strike_R"],"damage_healed":0,"gold_gain":0,"player_choice":"Purged","damage_taken":0,"max_hp_gain":0,"max_hp_loss":0,"event_name":"Purifier","floor":36,"gold_loss":0},{"cards_removed":["Feed"],"damage_healed":0,"gold_gain":0,"player_choice":"Removed Attack","damage_taken":0,"max_hp_gain":0,"max_hp_loss":0,"event_name":"Falling","floor":47,"gold_loss":0},{"damage_healed":0,"gold_gain":0,"player_choice":"Fight","damage_taken":0,"max_hp_gain":0,"max_hp_loss":0,"event_name":"MindBloom","floor":48,"gold_loss":0}],"is_beta":false,"boss_relics":[{"not_picked":["Mark of Pain","SlaversCollar"],"picked":"testmod-Temperance"},{"not_picked":["Runic Pyramid","Snecko Eye"],"picked":"testmod-EnergyCheck"}],"items_purged_floors":[27],"is_endless":false,"potions_floor_spawned":[1,2,16,28,30,31,33,38,39,40,42],"ascension_level":2}}