{"host":"yvb207ks1sg3cxef","time":1609863340,"event":{"mods":["2.2 Compatiblity","BaseMod","Bestiary","Colored Powertips","Minty Spire (QoL Compilation)","Permanent Neow","Quick Restart","Relic Stats","StSLib"],"gold_per_floor":[364,376,38,338,289,343,343,376,376,421,421,452,452,537,537,537,537],"floor_reached":16,"playtime":810,"items_purged":[],"score":165,"play_id":"4a3ff697-1c9a-40ac-b339-ef71c2a6b763","local_time":"20210105214540","is_ascension_mode":true,"campfire_choices":[{"data":"Establishment","floor":7.0,"key":"SMITH"},{"floor":11.0,"key":"REST"},{"floor":13.0,"key":"DIG"},{"floor":15.0,"key":"DIG"}],"circlet_count":0,"master_deck":["Strike_P","Strike_P","Strike_P","Strike_P","Defend_P","Defend_P","Defend_P","Defend_P","Eruption","Vigilance","FlyingSleeves","ThirdEye","HandOfGreed","Establishment+1","WheelKick","Wireheading","SandsOfTime","FearNoEvil","DeceiveReality","SandsOfTime","Meditate"],"relics":["PureWater","Orrery","Old Coin","Pear","Shovel","Lantern","Anchor","Bag of Marbles","Juzu Bracelet"],"acts_visited":["Exordium"],"potions_floor_usage":[16,16],"damage_taken":[{"damage":4.0,"enemies":"2 Louse","floor":1.0,"turns":4.0},{"damage":0.0,"enemies":"Cultist","floor":2.0,"turns":3.0},{"damage":8.0,"enemies":"Lagavulin","floor":6.0,"turns":7.0},{"damage":1.0,"enemies":"Jaw Worm","floor":8.0,"turns":4.0},{"damage":32.0,"enemies":"Gremlin Nob","floor":10.0,"turns":3.0},{"damage":6.0,"enemies":"Looter","floor":12.0,"turns":4.0},{"damage":10.0,"enemies":"3 Sentries","floor":14.0,"turns":9.0},{"damage":17,"enemies":"The Guardian","floor":16,"turns":9}],"seed_played":"-1709443159660000498","potions_obtained":[{"floor":6.0,"key":"GamblersBrew"},{"floor":12.0,"key":"FearPotion"},{"floor":14.0,"key":"LiquidBronze"}],"is_trial":false,"path_per_floor":["M","M","$","?","?","E","R","M","T","E","R","M","R","E","R","B"],"character_chosen":"WATCHER","items_purchased":["HandOfGreed","Orrery"],"campfire_rested":1,"item_purchase_floors":[3,3],"current_hp_per_floor":[61,61,61,36,36,38,38,37,37,5,27,21,21,11,11,0,0],"gold":537,"neow_bonus":"TWO_FIFTY_GOLD","is_daily":false,"chose_seed":false,"campfire_upgraded":1,"win_rate":0.0,"timestamp":1609863340,"path_taken":["M","M","$","?","?","E","R","M","T","E","R","M","R","E","R","BOSS"],"items_purchased_type":["Card","Relic"],"build_version":"2020-12-22","purchased_purges":0,"victory":false,"max_hp_per_floor":[65,65,65,65,65,75,75,75,75,75,75,75,75,75,75,75,75],"relic_stats":{"Shovel":2,"counters":[8,43],"Juzu Bracelet":0,"obtain_stats":[{"Lantern":10,"Anchor":13,"Pear":6,"Shovel":9,"Orrery":3,"Bag of Marbles":14,"Juzu Bracelet":15,"PureWater":0,"Old Coin":4},{"Lantern":5,"Anchor":6,"Pear":3,"Shovel":4,"Orrery":2,"Bag of Marbles":7,"Juzu Bracelet":7,"PureWater":0,"Old Coin":2},{"Lantern":21,"Anchor":25,"Pear":14,"Shovel":18,"Orrery":7,"Bag of Marbles":34,"Juzu Bracelet":34,"PureWater":0,"Old Coin":7}]},"card_choices":[{"not_picked":["BowlingBash","PathToVictory"],"picked":"FlyingSleeves","floor":1.0},{"not_picked":["BattleHymn","FollowUp"],"picked":"ThirdEye","floor":2.0},{"not_picked":["SandsOfTime","Collect"],"picked":"Establishment","floor":3.0},{"not_picked":["FlyingSleeves","Halt"],"picked":"WheelKick","floor":3.0},{"not_picked":["BowlingBash","Conclude"],"picked":"Wireheading","floor":3.0},{"not_picked":["ConjureBlade","PathToVictory"],"picked":"SandsOfTime","floor":6.0},{"not_picked":["TalkToTheHand","Protect"],"picked":"FearNoEvil","floor":8.0},{"not_picked":["WreathOfFlame","FollowUp"],"picked":"DeceiveReality","floor":10.0},{"not_picked":["SignatureMove","FlurryOfBlows"],"picked":"SandsOfTime","floor":12.0},{"not_picked":["PathToVictory","WheelKick"],"picked":"Meditate","floor":14.0}],"player_experience":302067,"relics_obtained":[{"floor":6.0,"key":"Pear"},{"floor":9.0,"key":"Shovel"},{"floor":10.0,"key":"Lantern"},{"floor":13.0,"key":"Anchor"},{"floor":14.0,"key":"Bag of Marbles"},{"floor":15.0,"key":"Juzu Bracelet"}],"event_choices":[{"damage_healed":0.0,"max_hp_gain":0.0,"max_hp_loss":0.0,"gold_gain":0.0,"event_name":"Scrap Ooze","player_choice":"Success","floor":4.0,"gold_loss":0.0,"damage_taken":25.0,"relics_obtained":["Old Coin"]},{"damage_healed":0.0,"max_hp_gain":0.0,"max_hp_loss":0.0,"gold_gain":0.0,"event_name":"World of Goop","player_choice":"Left Gold","floor":5.0,"gold_loss":49.0,"damage_taken":0.0}],"is_beta":false,"boss_relics":[],"items_purged_floors":[],"is_endless":false,"potions_floor_spawned":[6,12,14],"killed_by":"The Guardian","ascension_level":8}}