{"host":"sc0o2qwpf9j16a4i","time":1609846830,"event":{"mods":["AchievementEnabler","BaseMod","BetterRewards","Block Reminder","Colored Map","Colored Powertips","Custom Start","Highlight Path","Minty Spire (QoL Compilation)","Relic Stats"],"gold_per_floor":[112,127,140,140,140,140,470,470,470,41,58,58,71,99,99,173,173,185,185,185],"floor_reached":19,"playtime":501,"items_purged":[],"score":354,"play_id":"f4497531-80bf-48c7-baaa-fedb8e6df706","local_time":"20210105134030","is_ascension_mode":true,"campfire_choices":[{"data":"EmptyFist","floor":6,"key":"SMITH"},{"floor":8,"key":"REST"},{"data":"WindmillStrike","floor":12,"key":"SMITH"},{"floor":15,"key":"REST"}],"circlet_count":0,"master_deck":["AscendersBane","Strike_P","Strike_P","Strike_P","Defend_P","Defend_P","Defend_P","Defend_P","Eruption","Vigilance","Adaptation","EmptyFist+1","TalkToTheHand+1","WindmillStrike+1","Devotion","Crescendo","BowlingBash","LikeWater","Protect","LessonLearned","ClearTheMind"],"relics":["Black Star","Mummified Hand","Old Coin","Dream Catcher","Singing Bowl","Kunai","InkBottle","Fusion Hammer"],"acts_visited":["Exordium","TheCity"],"potions_floor_usage":[16,18,19],"damage_taken":[{"damage":1,"enemies":"Cultist","floor":1,"turns":4},{"damage":0,"enemies":"Small Slimes","floor":2,"turns":2},{"damage":1,"enemies":"2 Louse","floor":3,"turns":2},{"damage":24,"enemies":"Lagavulin","floor":7,"turns":8},{"damage":0,"enemies":"Exordium Thugs","floor":11,"turns":4},{"damage":5,"enemies":"Blue Slaver","floor":13,"turns":4},{"damage":12,"enemies":"3 Sentries","floor":14,"turns":6},{"damage":13,"enemies":"Slime Boss","floor":16,"turns":8},{"damage":25,"enemies":"2 Thieves","floor":18,"turns":4},{"damage":37,"enemies":"Chosen","floor":19,"turns":5}],"seed_played":"-5972450733346363341","potions_obtained":[{"floor":1,"key":"SpeedPotion"},{"floor":11,"key":"PowerPotion"},{"floor":16,"key":"Explosive Potion"}],"is_trial":false,"path_per_floor":["M","M","M","?","?","R","E","R","T","$","M","R","M","E","R","B",null,"M","M"],"character_chosen":"WATCHER","items_purchased":["Singing Bowl","Devotion"],"campfire_rested":2,"item_purchase_floors":[10,10],"current_hp_per_floor":[60,60,59,59,52,52,28,48,48,48,48,48,43,31,51,38,61,36,0,0],"gold":185,"neow_bonus":"BOSS_RELIC","is_daily":false,"chose_seed":false,"campfire_upgraded":2,"win_rate":0.0,"timestamp":1609846830,"path_taken":["M","M","?","?","?","R","E","R","T","$","?","R","M","E","R","BOSS","M","M"],"items_purchased_type":["Relic","Card"],"build_version":"2020-12-22","purchased_purges":0,"victory":false,"max_hp_per_floor":[68,68,68,68,68,68,68,68,68,68,68,68,68,68,68,68,68,68,68,68],"relic_stats":{"Dream Catcher":1,"Singing Bowl":0,"counters":[10,47],"Mummified Hand":[18],"Black Star":2,"Kunai":[2],"obtain_stats":[{"Dream Catcher":9,"Singing Bowl":10,"Mummified Hand":7,"Fusion Hammer":17,"Black Star":0,"Kunai":14,"PureWater":0,"InkBottle":14,"Old Coin":7},{"Dream Catcher":4,"Singing Bowl":4,"Mummified Hand":4,"Fusion Hammer":8,"Black Star":0,"Kunai":7,"PureWater":0,"InkBottle":7,"Old Coin":4},{"Dream Catcher":16,"Singing Bowl":16,"Mummified Hand":16,"Fusion Hammer":38,"Black Star":0,"Kunai":30,"PureWater":0,"InkBottle":30,"Old Coin":16}],"InkBottle":[5]},"card_choices":[{"not_picked":["ThirdEye","Pray"],"picked":"Adaptation","floor":1},{"not_picked":["Study","Worship"],"picked":"EmptyFist","floor":2},{"not_picked":["ClearTheMind","FlurryOfBlows"],"picked":"TalkToTheHand","floor":3},{"not_picked":["WheelKick","FlyingSleeves"],"picked":"WindmillStrike","floor":7},{"not_picked":["JustLucky","Consecrate"],"picked":"Crescendo","floor":11},{"not_picked":["Halt","Swivel"],"picked":"BowlingBash","floor":13},{"not_picked":["Protect","EmptyMind"],"picked":"LikeWater","floor":14},{"not_picked":["PathToVictory","Worship"],"picked":"Protect","floor":15},{"not_picked":["DeusExMachina","Blasphemy"],"picked":"LessonLearned","floor":16},{"not_picked":["InnerPeace","Evaluate"],"picked":"ClearTheMind","floor":18}],"player_experience":554815,"relics_obtained":[{"floor":7,"key":"Mummified Hand"},{"floor":7,"key":"Old Coin"},{"floor":9,"key":"Dream Catcher"},{"floor":14,"key":"Kunai"},{"floor":14,"key":"InkBottle"}],"event_choices":[{"damage_healed":0,"gold_gain":0,"player_choice":"Grow","damage_taken":0,"max_hp_gain":0,"max_hp_loss":0,"event_name":"Living Wall","floor":4,"gold_loss":0,"cards_upgraded":["TalkToTheHand"]},{"cards_removed":["Strike_P"],"damage_healed":0,"gold_gain":0,"player_choice":"Card Removal","damage_taken":7,"max_hp_gain":0,"max_hp_loss":0,"event_name":"Golden Wing","floor":5,"gold_loss":0}],"is_beta":false,"boss_relics":[{"not_picked":["Sozu","Tiny House"],"picked":"Fusion Hammer"}],"items_purged_floors":[],"is_endless":false,"potions_floor_spawned":[1,11,16],"killed_by":"Chosen","ascension_level":20}}