{"host":"97feeoqujgl2pi7v","time":1609844747,"event":{"mods":["AchievementEnabler","Act Like it!","Aspiration","Bard","BaseMod","Better Third Choice","Colored Map","Colored Powertips","Conspire","DeckTracker","Downfall","Duelist Mod","Gensokyo","GifTheSpireLib","Gremlin Mod","Halation","Hallownest","Hermit","Hubris","Infinite Spire","Jorbs\u0027s Wanderer Trilogy","Koishi","Mad Scientist","Marisa（霧雨　魔理沙）","Minty Spire (QoL Compilation)","Rare Cards Sparkle","Reimu（博丽灵梦）","Replay The Spire","Robot Space Explorer","Shop Mod","StSLib","Td1madao Mod","The Administrix","The Animator","The Blackbeard","The Bladedancer","The Bug Knight","The Construct","The Cursed","The Disciple","The Dragon Tamer","The Marked","The Mystic","The Necromancer","The Runesmith","The Saiyan","The Senshi","The Servant 0.9.4","TheBandit","Yuri Mod"],"gold_per_floor":[130,146,178,209,196,196,233,233,287,287,312,323,354,385,385,487,487,501,511,511,529,529,529,565,577,589,673,685,685],"floor_reached":28,"playtime":4292,"items_purged":[],"score":265,"play_id":"d488c6e2-e7e8-4def-8b6c-746c926b439e","local_time":"20210105060547","is_ascension_mode":true,"campfire_choices":[{"data":"animator:Tatsumaki","floor":6,"key":"SMITH"},{"floor":8,"key":"REST"},{"floor":15,"key":"REST"},{"data":"animator:Tyuule","floor":23,"key":"SMITH"},{"floor":25,"key":"REST"}],"circlet_count":0,"master_deck":["animator:Strike_GATE+1","animator:Defend_GATE+1","animator:Strike+1","animator:Strike+1","animator:Strike+1","animator:Defend+1","animator:Defend+1","animator:Defend+1","animator:TukaLunaMarceau","animator:Kuribayashi","animator:Tatsumaki+1","animator:SayakaMiki","animator:GuildGirl","animator:Arpeggio","animator:YunYun","animator:Mitsuba","animator:Strike+1","animator:Ainz","animator:LizardPriest","animator:Tatsumaki","animator:Spearman","animator:MamiTomoe","animator:Guren","animator:YuiTsuruno","animator:MetalKnight","animator:Tyuule+1","hubris:NaturalOne","animator:NagisaMomoe"],"relics":["animator:LivingPicture","animator:TheMissingPiece","Nunchaku","Orichalcum","conspire:TopHat","halation:LoveArrow","hubris:Icosahedron","MawBank","hubris:FunFungus","Shuriken"],"acts_visited":["Exordium","TheCity"],"potions_floor_usage":[7,7,13,24,24],"damage_taken":[{"damage":0,"enemies":"2 Louse","floor":1,"turns":4},{"damage":1,"enemies":"Cultist","floor":2,"turns":4},{"damage":14,"enemies":"Jaw Worm","floor":3,"turns":5},{"damage":1,"enemies":"Blue Slaver","floor":4,"turns":8},{"damage":4,"enemies":"Exordium Thugs","floor":5,"turns":5},{"damage":22,"enemies":"Lagavulin","floor":7,"turns":7},{"damage":2,"enemies":"Large Slime","floor":11,"turns":5},{"damage":10,"enemies":"Gremlin Gang","floor":12,"turns":4},{"damage":0,"enemies":"2 Fungi Beasts","floor":13,"turns":2},{"damage":29,"enemies":"Gremlin Nob","floor":14,"turns":6},{"damage":16,"enemies":"Hexaghost","floor":16,"turns":10},{"damage":23,"enemies":"2 Thieves","floor":18,"turns":4},{"damage":14,"enemies":"Chosen","floor":19,"turns":5},{"damage":0,"enemies":"Snecko","floor":21,"turns":3},{"damage":14,"enemies":"Nightmare","floor":24,"turns":9},{"damage":0,"enemies":"Slavers","floor":28,"turns":1}],"seed_played":"397398868300695432","potions_obtained":[{"floor":4,"key":"sneckomod:MuddlingPotion"},{"floor":5,"key":"Doom Potion"},{"floor":12,"key":"Fire Potion"},{"floor":16,"key":"sneckomod:MuddlingPotion"},{"floor":19,"key":"LiquidMemories"},{"floor":21,"key":"Block Potion"}],"is_trial":false,"path_per_floor":["M","M","M","M","M","R","E","R","T","?","M","M","M","E","R","B",null,"M","M","?","M","?","R","NM","R","T","T","E"],"character_chosen":"THE_ANIMATOR","items_purchased":[],"campfire_rested":3,"item_purchase_floors":[],"current_hp_per_floor":[72,71,57,56,52,52,30,51,51,51,50,40,40,11,32,16,73,50,37,37,38,38,38,24,46,46,46,46,46],"gold":685,"neow_bonus":"TEN_PERCENT_HP_BONUS","is_daily":false,"chose_seed":false,"campfire_upgraded":2,"win_rate":0.0,"timestamp":1609844747,"path_taken":["M","M","M","M","M","R","E","R","T","?","?","M","M","E","R","BOSS","M","M","?","M","?","R","NM","R","T","?","E"],"items_purchased_type":[],"build_version":"2020-12-22","purchased_purges":0,"victory":false,"max_hp_per_floor":[72,72,72,72,72,72,72,72,72,72,73,73,73,73,73,73,73,73,74,74,75,75,75,75,75,75,75,75,75],"card_choices":[{"not_picked":["animator:Priestess","animator:SilverFang"],"picked":"animator:Tatsumaki","floor":1},{"not_picked":["animator:Yoichi","animator:Verdia"],"picked":"animator:SayakaMiki","floor":2},{"not_picked":["animator:Shalltear","animator:Aqua"],"picked":"animator:GuildGirl","floor":3},{"not_picked":["animator:YaoHaDucy","animator:Tyuule"],"picked":"animator:Arpeggio","floor":4},{"not_picked":["animator:IrohaTamaki","animator:Arpeggio"],"picked":"animator:YunYun","floor":5},{"not_picked":["animator:Verdia","animator:Aqua"],"picked":"animator:Mitsuba","floor":7},{"not_picked":["animator:KrulTepes","animator:Arpeggio"],"picked":"animator:LizardPriest","floor":11},{"not_picked":["animator:SilverFang","animator:Geryuganshoop"],"picked":"animator:Tatsumaki","floor":12},{"not_picked":["animator:ItamiYouji","animator:Geryuganshoop"],"picked":"animator:Spearman","floor":13},{"not_picked":["animator:Mitsuba","animator:Entoma"],"picked":"animator:MamiTomoe","floor":14},{"not_picked":["animator:Boros","animator:Eris"],"picked":"animator:Guren","floor":16},{"not_picked":["animator:Priestess","animator:PandorasActor+1"],"picked":"animator:YuiTsuruno","floor":18},{"not_picked":["animator:Geryuganshoop","animator:Tatsumaki"],"picked":"animator:MetalKnight","floor":19},{"not_picked":["animator:Vanir","animator:Shalltear"],"picked":"animator:Tyuule","floor":21},{"not_picked":["animator:SuzuneAmano","animator:GuildGirl"],"picked":"animator:NagisaMomoe","floor":24}],"player_experience":432911,"relics_obtained":[{"floor":7,"key":"Nunchaku"},{"floor":9,"key":"Orichalcum"},{"floor":14,"key":"conspire:TopHat"},{"floor":24,"key":"MawBank"},{"floor":26,"key":"hubris:FunFungus"},{"floor":27,"key":"Shuriken"}],"event_choices":[{"damage_healed":0,"gold_gain":0,"player_choice":"2 cards matched","damage_taken":0,"max_hp_gain":0,"max_hp_loss":0,"event_name":"Match and Keep!","floor":10,"gold_loss":0,"cards_obtained":["animator:Strike","animator:Ainz"]},{"damage_healed":0,"gold_gain":0,"player_choice":"Simplicity","damage_taken":0,"max_hp_gain":0,"max_hp_loss":9,"event_name":"betterThird:BetterWriting","floor":20,"gold_loss":0}],"is_beta":false,"boss_relics":[{"not_picked":["halation:Prosthetics","aspiration:MobileForge"],"picked":"halation:LoveArrow"}],"items_purged_floors":[],"is_endless":true,"potions_floor_spawned":[4,5,12,16,19,21],"killed_by":"Slavers","ascension_level":1}}