{"host":"d1za9dvx43o9v494","time":1609880441,"event":{"mods":["2.2 Compatiblity","BaseMod","Better-Laid Plans","ChefMod","Colored Map","Downfall","Emptier Cage","Marked Mod","Minty Spire (QoL Compilation)","Permanent Neow","StSLib","The Construct"],"gold_per_floor":[99,112,22,38,48,48,48,33,53,78,90,120,165,191,222,333,345,257,285,297,294,306,218,256,268,306,248,261,293,193,209,222,320,320,320,337,352,402,422,422,447,466,516,68,218,218,246,259,272,272,272,302,79,79,79,79],"floor_reached":57,"playtime":5535,"items_purged":["hexamod:Defend","Slimebound:Tackle+1"],"score":1256,"play_id":"fdaf4c5a-49d5-4765-b0f1-72d89fb249fc","local_time":"20210106000041","is_ascension_mode":true,"campfire_choices":[{"data":"hexamod:HexaLevel","floor":1.0,"key":"SMITH"},{"floor":6.0,"key":"RECALL"},{"data":"hexamod:NightmareStrike","floor":11.0,"key":"SMITH"},{"data":"hexamod:HexaLevel","floor":18,"key":"SMITH"},{"data":"hexamod:FastForward","floor":23,"key":"SMITH"},{"data":"expansioncontent:DashGenerateEvil","floor":30,"key":"SMITH"},{"data":"hexamod:Float","floor":35,"key":"SMITH"},{"data":"hexamod:FastForward","floor":46,"key":"SMITH"},{"data":"Sadistic Nature","floor":54,"key":"SMITH"}],"circlet_count":0,"master_deck":["hexamod:Defend","hexamod:Defend","hexamod:Defend","hexamod:Sear","hexamod:Float+1","hexamod:HexaLevel+1","hexamod:NightmareStrike+1","hexamod:FastForward+1","hexamod:FastForward+1","hexamod:RadiantFlame","hexamod:HauntingEcho","hexamod:RecurringNightmare","hexamod:HexaLevel+1","hexamod:StepThrough","Slimebound:Tackle+1","Slimebound:Tackle+1","expansioncontent:DashGenerateEvil+1","hexamod:SoulSteal","hexamod:FirstSeal","hexamod:Hexaguard","Sadistic Nature+1"],"relics":["hexamod:UnbrokenSoul","hexamod:SpiritBrand","Kunai","MawBank","HornCleat","Coffee Dripper","downfall:HeartBlessingRed","downfall:HeartBlessingGreen","Nilry\u0027s Codex","sneckomod:BlankCard","hexamod:RecyclingMachine","downfall:HeartBlessingBlue","Philosopher\u0027s Stone","Bird Faced Urn","Pen Nib","Ice Cream","champ:DeflectingBracers","hexamod:MatchstickCase","MealTicket","Eternal Feather","Chemical X"],"acts_visited":["Exordium","TheCity","TheBeyond","TheEnding"],"potions_floor_usage":[33,47,47,55,56],"damage_taken":[{"damage":1.0,"enemies":"Cultist","floor":2.0,"turns":4.0},{"damage":0.0,"enemies":"downfall:FleeingMerchant","floor":3.0,"turns":4.0},{"damage":1.0,"enemies":"2 Louse","floor":4.0,"turns":3.0},{"damage":1.0,"enemies":"Jaw Worm","floor":5.0,"turns":3.0},{"damage":0.0,"enemies":"downfall:FleeingMerchant","floor":8.0,"turns":4.0},{"damage":0.0,"enemies":"3 Louse","floor":9.0,"turns":3.0},{"damage":17.0,"enemies":"Lagavulin","floor":10.0,"turns":5.0},{"damage":7.0,"enemies":"2 Fungi Beasts","floor":12.0,"turns":3.0},{"damage":8.0,"enemies":"3 Sentries","floor":13.0,"turns":5.0},{"damage":0.0,"enemies":"Blue Slaver","floor":14.0,"turns":3.0},{"damage":0.0,"enemies":"Large Slime","floor":15.0,"turns":5.0},{"damage":28,"enemies":"downfall:Watcher","floor":16,"turns":6},{"damage":0,"enemies":"Chosen","floor":19,"turns":3},{"damage":4,"enemies":"downfall:FleeingMerchant","floor":21,"turns":4},{"damage":12,"enemies":"Slavers","floor":26,"turns":3},{"damage":0,"enemies":"downfall:FleeingMerchant","floor":27,"turns":1},{"damage":0,"enemies":"Snake Plant","floor":28,"turns":2},{"damage":1,"enemies":"Book of Stabbing","floor":29,"turns":4},{"damage":3,"enemies":"Chosen and Byrds","floor":31,"turns":3},{"damage":5,"enemies":"Cultist and Chosen","floor":32,"turns":4},{"damage":43,"enemies":"ArchetypeAct2MushroomsNewAge","floor":33,"turns":7},{"damage":13,"enemies":"Orb Walker","floor":36,"turns":3},{"damage":0,"enemies":"3 Shapes","floor":37,"turns":2},{"damage":19,"enemies":"2 Orb Walkers","floor":38,"turns":4},{"damage":3,"enemies":"Sphere and 2 Shapes","floor":39,"turns":4},{"damage":2,"enemies":"3 Darklings","floor":42,"turns":3},{"damage":6,"enemies":"3 Darklings","floor":43,"turns":5},{"damage":8,"enemies":"Reptomancer","floor":47,"turns":3},{"damage":13,"enemies":"Writhing Mass","floor":48,"turns":4},{"damage":7,"enemies":"Sphere and 2 Shapes","floor":49,"turns":4},{"damage":82,"enemies":"downfall:Defect","floor":50,"turns":7},{"damage":65,"enemies":"downfall:CharBossMerchant","floor":52,"turns":5},{"damage":23,"enemies":"downfall:NeowBoss","floor":55,"turns":11},{"damage":110,"enemies":"downfall:NeowBossFinal","floor":56,"turns":9}],"seed_played":"3911552382047772136","potions_obtained":[{"floor":4.0,"key":"Dexterity Potion"},{"floor":9.0,"key":"Explosive Potion"},{"floor":10.0,"key":"SpeedPotion"},{"floor":22,"key":"CultistPotion"},{"floor":28,"key":"Block Potion"},{"floor":38,"key":"LiquidMemories"},{"floor":42,"key":"ColorlessPotion"},{"floor":48,"key":"SpeedPotion"},{"floor":49,"key":"GamblersBrew"}],"is_trial":false,"path_per_floor":["R","M","$","M","M","R","T","$","M","E","R","M","E","M","M","B",null,"R","M","?","$","?","R","T","?","E","$","M","E","R","M","M","B",null,"R","M","M","?","M","?","T","M","?","$","?","R","E","M","M","B",null,"E","$","R","B","B",null],"character_chosen":"THE_SPIRIT","items_purchased":["hexamod:RecyclingMachine","expansioncontent:DashGenerateEvil","champ:DeflectingBracers","hexamod:MatchstickCase","Chemical X","Sadistic Nature"],"campfire_rested":0,"item_purchase_floors":[27,27,44,44,53,53],"current_hp_per_floor":[70,69,69,68,67,67,67,67,67,50,50,43,35,35,35,7,70,70,70,70,66,66,66,66,50,38,38,38,37,47,44,49,6,80,80,67,67,48,51,44,44,55,62,62,62,62,67,69,77,10,80,24,39,51,49,18],"gold":79,"neow_bonus":"ONE_RANDOM_RARE_CARD","is_daily":false,"chose_seed":false,"campfire_upgraded":8,"win_rate":0.0,"timestamp":1609880441,"path_taken":["R","M","$","M","M","R","T","?","M","E","R","M","E","M","M","BOSS","R","M","?","$","?","R","T","?","E","$","M","E","R","M","M","BOSS","R","M","M","?","M","?","T","M","?","$","?","R","E","M","M","BOSS","E","$","R","BOSS","BOSS"],"items_purchased_type":["Relic","Card","Relic","Relic","Relic","Card"],"build_version":"2020-12-22","purchased_purges":2,"victory":true,"max_hp_per_floor":[70,70,70,70,70,70,70,70,70,70,70,70,70,70,70,70,70,70,70,70,70,70,70,70,70,70,70,70,70,80,80,80,80,80,80,80,80,80,80,80,80,80,80,80,80,80,80,80,80,80,80,80,80,80,80,80],"card_choices":[{"not_picked":["hexamod:BurningTouch","hexamod:ThermalTransfer"],"picked":"hexamod:NightmareStrike","floor":2.0},{"not_picked":["hexamod:InspiringFlames","hexamod:HexaLevel"],"picked":"hexamod:FastForward","floor":3.0},{"not_picked":["hexamod:BurningTouch","hexamod:Rewind","hexamod:Hexaguard"],"picked":"SKIP","floor":4.0},{"not_picked":["hexamod:AdvancingGuard","hexamod:GhostShield","hexamod:Rewind"],"picked":"SKIP","floor":5.0},{"not_picked":["hexamod:BacktrackSmack","hexamod:InspiringFlames"],"picked":"hexamod:FastForward","floor":8.0},{"not_picked":["hexamod:SwordOfDarkness","hexamod:ExtraCrispy"],"picked":"hexamod:RadiantFlame","floor":9.0},{"not_picked":["hexamod:PhantomFireball","hexamod:GhostflameInferno","hexamod:GhostflameBarrier"],"picked":"SKIP","floor":10.0},{"not_picked":["hexamod:SpectralSpark","hexamod:GhostShield","hexamod:GhostLash"],"picked":"SKIP","floor":12.0},{"not_picked":["hexamod:ShieldOfDarkness","hexamod:EmpoweredFlame"],"picked":"hexamod:HauntingEcho","floor":13.0},{"not_picked":["hexamod:Hexaguard","hexamod:ThermalTransfer"],"picked":"hexamod:RecurringNightmare","floor":14.0},{"not_picked":["hexamod:HauntingEcho","hexamod:GhostLash","hexamod:Again"],"picked":"SKIP","floor":15.0},{"not_picked":["hexamod:Toasty","hexamod:ParanormalForm"],"picked":"hexamod:HexaLevel","floor":16},{"not_picked":["hexamod:GhostShield","hexamod:SwordOfDarkness"],"picked":"hexamod:StepThrough","floor":19},{"not_picked":["hexamod:GhostShield+1","hexamod:RainOfEmbers","hexamod:Hexaguard"],"picked":"SKIP","floor":21},{"not_picked":["hexamod:NightmareStrike","hexamod:FourthSeal","hexamod:HeatShield"],"picked":"SKIP","floor":26},{"not_picked":["hexamod:ChargedBarrage","hexamod:GhostShield","hexamod:RainOfEmbers"],"picked":"SKIP","floor":27},{"not_picked":["hexamod:InspiringFlames+1","hexamod:GhostLash+1","hexamod:SpectralAdrenaline"],"picked":"SKIP","floor":28},{"not_picked":["hexamod:GhostflameInferno","hexamod:BacktrackSmack+1","hexamod:SkipABeat"],"picked":"SKIP","floor":29},{"not_picked":["hexamod:Hexaguard+1","hexamod:FourthSeal","hexamod:GhostOfSpireFuture"],"picked":"SKIP","floor":31},{"not_picked":["hexamod:Firestarter","hexamod:BacktrackSmack+1"],"picked":"hexamod:SoulSteal","floor":32},{"not_picked":["hexamod:HeatCrush","hexamod:ThermalTransfer+1","hexamod:Firestarter"],"picked":"SKIP","floor":36},{"not_picked":["hexamod:SwordOfDarkness","hexamod:FlamesFromBeyond+1","hexamod:PhantomCloak+1"],"picked":"SKIP","floor":37},{"not_picked":["hexamod:ThermalTransfer+1","hexamod:GhostLash+1","hexamod:NightmareStrike"],"picked":"SKIP","floor":39},{"not_picked":["hexamod:HauntingEcho","hexamod:ExtraCrispy","hexamod:Incineration"],"picked":"SKIP","floor":42},{"not_picked":["hexamod:GhostOfSpireFuture+1","hexamod:Again+1","hexamod:InspiringFlames"],"picked":"SKIP","floor":47},{"not_picked":["hexamod:GhostShield+1","hexamod:GhostLash+1"],"picked":"hexamod:Hexaguard","floor":48},{"not_picked":["hexamod:RecurringNightmare","hexamod:SpectersWail+1","hexamod:ShieldOfDarkness"],"picked":"SKIP","floor":49},{"not_picked":["hexamod:ThirdSeal","hexamod:ChargedBarrage","hexamod:SixthSeal"],"picked":"SKIP","floor":52}],"player_experience":687178,"relics_obtained":[{"floor":7.0,"key":"Kunai"},{"floor":10.0,"key":"MawBank"},{"floor":13.0,"key":"HornCleat"},{"floor":25,"key":"Nilry\u0027s Codex"},{"floor":26,"key":"sneckomod:BlankCard"},{"floor":29,"key":"Orichalcum"},{"floor":38,"key":"Bird Faced Urn"},{"floor":41,"key":"Pen Nib"},{"floor":43,"key":"Ice Cream"},{"floor":47,"key":"MealTicket"},{"floor":52,"key":"Eternal Feather"}],"event_choices":[{"damage_healed":0,"gold_gain":0,"player_choice":"Fight","damage_taken":0,"max_hp_gain":0,"max_hp_loss":0,"event_name":"Mysterious Sphere","floor":38,"gold_loss":0}],"is_beta":false,"boss_relics":[{"not_picked":["Snecko Eye","Runic Dome"],"picked":"Coffee Dripper"},{"not_picked":["hexamod:IceCube","Calling Bell"],"picked":"Philosopher\u0027s Stone"}],"items_purged_floors":[3,27],"is_endless":false,"potions_floor_spawned":[4,9,10,12,15,16,26,28,31,38,42,48,49,52],"ascension_level":1}}