{"host":"ig7tc0uedzltt2sr","time":1609827898,"event":{"mods":["BaseMod","Better Twitch Integration","Block Reminder","Colored Map","Colored Powertips","Communication Mod","Current Relic Mod","GifTheSpireLib","HexUI Lib","Minty Spire (QoL Compilation)","Quick Restart","Random Character Button","Rare Cards Sparkle","Relic Sorter","Relic Stats","Slay the Relics Exporter","StSLib","SuperFastMode","Synergy Search","Twitch Decklist","Twitch Utils","everything is the same but u backflip on backflip","slay the spire mod where everything is the same but ironclad has a cowboy hat"],"gold_per_floor":[119,119,138,149,166,166,166,166],"floor_reached":7,"playtime":54,"items_purged":[],"score":43,"play_id":"75725191-2324-435d-93bd-9e872ffa904e","local_time":"20210104222458","is_ascension_mode":false,"campfire_choices":[{"data":"Bash","floor":6,"key":"SMITH"}],"circlet_count":0,"master_deck":["Strike_R","Strike_R","Strike_R","Strike_R","Strike_R","Defend_R","Defend_R","Defend_R","Defend_R","Bash+1","Anger","Regret","Havoc","Rupture","Sentinel"],"relics":["Burning Blood","Bag of Marbles"],"acts_visited":["Exordium"],"potions_floor_usage":[],"damage_taken":[{"damage":0,"enemies":"2 Louse","floor":1,"turns":5},{"damage":16,"enemies":"Jaw Worm","floor":3,"turns":7},{"damage":12,"enemies":"Cultist","floor":4,"turns":5},{"damage":7,"enemies":"Blue Slaver","floor":5,"turns":3},{"damage":81,"enemies":"Gremlin Nob","floor":7,"turns":5}],"seed_played":"1861866472525694464","potions_obtained":[{"floor":3,"key":"SkillPotion"},{"floor":4,"key":"AttackPotion"}],"is_trial":false,"path_per_floor":["M","?","M","M","M","R","E"],"character_chosen":"IRONCLAD","items_purchased":[],"campfire_rested":0,"item_purchase_floors":[],"current_hp_per_floor":[88,88,78,72,71,71,0,0],"gold":166,"neow_bonus":"TEN_PERCENT_HP_BONUS","is_daily":false,"chose_seed":false,"campfire_upgraded":1,"win_rate":0.0,"timestamp":1609827898,"path_taken":["M","?","M","M","M","R","E"],"items_purchased_type":[],"build_version":"2020-12-22","purchased_purges":0,"victory":false,"max_hp_per_floor":[88,88,88,88,88,88,88,88],"relic_stats":{"counters":[5,25],"obtain_stats":[{"Bag of Marbles":2,"Burning Blood":0},{"Bag of Marbles":1,"Burning Blood":0},{"Bag of Marbles":5,"Burning Blood":0}],"Burning Blood":18},"card_choices":[{"not_picked":["Heavy Blade","Disarm"],"picked":"Anger","floor":1},{"not_picked":["Twin Strike","Sword Boomerang"],"picked":"Havoc","floor":3},{"not_picked":["Sword Boomerang","Iron Wave"],"picked":"Rupture","floor":4},{"not_picked":["Dropkick","Heavy Blade"],"picked":"Sentinel","floor":5}],"player_experience":1428075,"relics_obtained":[],"event_choices":[{"damage_healed":0,"gold_gain":0,"player_choice":"Box","damage_taken":0,"relics_obtained":["Bag of Marbles"],"max_hp_gain":0,"max_hp_loss":0,"event_name":"Big Fish","floor":2,"gold_loss":0,"cards_obtained":["Regret"]}],"is_beta":false,"boss_relics":[],"items_purged_floors":[],"is_endless":false,"potions_floor_spawned":[3,4],"killed_by":"Gremlin Nob","ascension_level":0}}