{"host":"28bpuzdckreop5i0","time":1609866984,"event":{"mods":["Act Like it!","Aspiration","BaseMod","Beaked The Cultist","Best Route Mod","BetterRewards","Challenge The Spire","Clawfect","Conspire","Defuse TimeMaze Blight","Downfall","Energized Spire","GifTheSpireLib","Googly Eyes","Hubris","Infinite Spire","Lobotomy","Mimic Mod","Minty Spire (QoL Compilation)","Relic Stats","Replay The Spire","Retaliation","Shop Mod","Spicy Shops","StSLib","Stuff the Spire","The Awakened One except there are too many feathers","The Construct","The Cursed","The Disciple","The Hierophant","The IronCluck","The Jungle","The Runesmith","Thieving Mod","Transform Curses","Wandering Minibosses","slay the spire mod where everything is the same but ironclad has a cowboy hat"],"gold_per_floor":[28,28,142,252,363,363,6,6,117,235,350,350,12,12,124,237,350,365],"floor_reached":19,"playtime":697,"items_purged":[],"score":3748,"play_id":"cfc3554e-a60b-4c93-bc90-67368c07b9c6","local_time":"20210105111624","daily_mods":["challengethespire:Silver Difficulty","challengethespire:Boss Rush","Uncertain Future"],"is_ascension_mode":true,"campfire_choices":[{"data":"Defend_B","floor":2,"key":"SMITH"},{"data":"Defend_B","floor":8,"key":"SMITH"},{"floor":14,"key":"REST"}],"circlet_count":0,"master_deck":["AscendersBane","Gash","Gash","Gash","Gash","Gash","Defend_B","Defend_B+1","Defend_B","Defend_B","Defend_B+1","hubris:PowerSurge+1","Heatsinks+1","Hello World+1","Capacitor+1","Heatsinks+1","Static Discharge+1","hubris:PowerSurge+1","Capacitor+1","hubris:PowerSurge+1","Capacitor+1","Self Repair+1","Loop+1","Clawfect:ClawLightning+1","Hello World+1","Self Repair+1","Creative AI+1","Loop+1","StuffTheSpire:Synthwave+1","Leap+1","Thunder Strike+1","hubris:DuctTapeCard","Leap+1","Chill+1","Coolheaded+1","Panic Button+1","Storm+1"],"relics":["Clawfect:DRClaw","The Courier","Molten Egg 2","Toxic Egg 2","Frozen Egg 2","Cables","Replay:Wax Seal","hubris:PeanutButter","Blue Doll","Vajra","hubris:RunicObelisk","DataDisk","Strange Spoon","Darkstone Periapt","infinitespire:CursedDice","HornCleat","conspire:SpecialSausage","hubris:DuctTape","aspiration:Nostalgia","Chronometer","Gremlin Horn","StuffTheSpire:Barrel","Mummified Hand","aspiration:HummingbirdHeart"],"acts_visited":["Exordium"],"potions_floor_usage":[10,15,18,18],"damage_taken":[{"damage":32,"enemies":"Hexaghost","floor":3,"turns":4},{"damage":0,"enemies":"Slime Boss","floor":4,"turns":4},{"damage":2,"enemies":"The Guardian","floor":5,"turns":4},{"damage":19,"enemies":"Automaton","floor":9,"turns":4},{"damage":42,"enemies":"Champ","floor":10,"turns":4},{"damage":8,"enemies":"Collector","floor":11,"turns":4},{"damage":68,"enemies":"Donu and Deca","floor":15,"turns":5},{"damage":10,"enemies":"Time Eater","floor":16,"turns":4},{"damage":0,"enemies":"Awakened One","floor":17,"turns":5},{"damage":39,"enemies":"The Heart","floor":18,"turns":5}],"seed_played":"3715712310999590032","potions_obtained":[{"floor":9,"key":"Explosive Potion"},{"floor":11,"key":"Languid Potion"},{"floor":15,"key":"SpeedPotion"},{"floor":16,"key":"Swift Potion"},{"floor":17,"key":"conspire:TimeTravelPotion"},{"floor":18,"key":"Weak Potion"}],"is_trial":true,"path_per_floor":["$","R","M","M","M","T","$","R","M","M","M","T","$","R","M","M","M","M",null],"character_chosen":"DEFECT","items_purchased":["StuffTheSpire:Synthwave+1","Cables","Storm+1","Replay:Wax Seal","hubris:PowerSurge+1","Heatsinks+1","Hello World+1","Capacitor+1","Heatsinks+1","Static Discharge+1","hubris:PowerSurge+1","Capacitor+1","hubris:PowerSurge+1","Capacitor+1","Hello World+1","DataDisk","Self Repair+1","Creative AI+1","Loop+1","Strange Spoon","hubris:DuctTape","aspiration:Nostalgia","Leap+1"],"campfire_rested":1,"item_purchase_floors":[1,1,1,1,1,1,1,1,1,1,1,1,1,1,7,7,7,7,7,7,13,13,13],"current_hp_per_floor":[68,68,36,46,54,54,54,54,55,23,35,35,35,57,47,47,57,40],"gold":365,"neow_bonus":"","is_daily":false,"chose_seed":false,"campfire_upgraded":2,"win_rate":0.0,"timestamp":1609866984,"path_taken":["$","R","M","M","M","T","$","R","M","M","M","T","$","R","M","M","M","M"],"items_purchased_type":["Card","Relic","Card","Relic","Card","Card","Card","Card","Card","Card","Card","Card","Card","Card","Card","Relic","Card","Card","Card","Relic","Relic","Relic","Card"],"build_version":"2020-12-22","purchased_purges":0,"victory":true,"max_hp_per_floor":[75,75,75,75,75,75,75,75,75,75,75,75,75,75,75,75,75,75],"relic_stats":{"Darkstone Periapt":0,"Strange Spoon":[4],"Gremlin Horn":[3,3],"counters":[10,43],"Mummified Hand":[19],"obtain_stats":[{"Darkstone Periapt":9,"StuffTheSpire:Barrel":16,"hubris:DuctTape":13,"Gremlin Horn":15,"infinitespire:CursedDice":10,"aspiration:Nostalgia":13,"Vajra":5,"Blue Doll":4,"conspire:SpecialSausage":12,"The Courier":0,"aspiration:HummingbirdHeart":18,"Frozen Egg 2":0,"hubris:RunicObelisk":6,"Cables":1,"Strange Spoon":7,"DataDisk":7,"HornCleat":11,"Chronometer":13,"Mummified Hand":17,"Molten Egg 2":0,"hubris:PeanutButter":3,"Toxic Egg 2":0,"Replay:Wax Seal":1,"Clawfect:DRClaw":0},{"Darkstone Periapt":4,"StuffTheSpire:Barrel":8,"hubris:DuctTape":6,"Gremlin Horn":7,"infinitespire:CursedDice":5,"aspiration:Nostalgia":6,"Vajra":3,"Blue Doll":2,"conspire:SpecialSausage":6,"The Courier":0,"aspiration:HummingbirdHeart":10,"Frozen Egg 2":0,"hubris:RunicObelisk":3,"Cables":0,"Strange Spoon":3,"DataDisk":3,"HornCleat":6,"Chronometer":6,"Mummified Hand":9,"Molten Egg 2":0,"hubris:PeanutButter":1,"Toxic Egg 2":0,"Replay:Wax Seal":0,"Clawfect:DRClaw":0},{"Darkstone Periapt":16,"StuffTheSpire:Barrel":33,"hubris:DuctTape":24,"Gremlin Horn":29,"infinitespire:CursedDice":20,"aspiration:Nostalgia":24,"Vajra":12,"Blue Doll":8,"conspire:SpecialSausage":24,"The Courier":0,"aspiration:HummingbirdHeart":43,"Frozen Egg 2":0,"hubris:RunicObelisk":12,"Cables":0,"Strange Spoon":12,"DataDisk":12,"HornCleat":24,"Chronometer":24,"Mummified Hand":38,"Molten Egg 2":0,"hubris:PeanutButter":4,"Toxic Egg 2":0,"Replay:Wax Seal":0,"Clawfect:DRClaw":0}],"Cables":[39,34,5,0,0]},"card_choices":[],"player_experience":955433,"relics_obtained":[{"floor":3,"key":"hubris:PeanutButter"},{"floor":4,"key":"Blue Doll"},{"floor":5,"key":"Vajra"},{"floor":9,"key":"Darkstone Periapt"},{"floor":10,"key":"infinitespire:CursedDice"},{"floor":11,"key":"HornCleat"},{"floor":15,"key":"Gremlin Horn"},{"floor":16,"key":"StuffTheSpire:Barrel"},{"floor":17,"key":"Mummified Hand"},{"floor":18,"key":"aspiration:HummingbirdHeart"}],"event_choices":[],"is_beta":false,"boss_relics":[{"not_picked":["SacredBark","Replay:Grab Bag"],"picked":"hubris:RunicObelisk"},{"not_picked":["hubris:HollowSoul","Replay:Wanted Poster"],"picked":"conspire:SpecialSausage"}],"items_purged_floors":[],"is_endless":false,"potions_floor_spawned":[9,11,15,16,17,18],"ascension_level":10}}