{"host":"tvwbxqry54t86y0v","time":1609836674,"event":{"mods":["2.2 Compatiblity","A Magickal Journey","Astrologer","BaseMod","Beaked The Cultist","BetterRewards","Block Reminder","Clockwork Mod","Colored Powertips","DeckTracker","Downfall","GungeonMod","Hermit","Hubris","Infinite Spire","Ironclad Rager","Marked Mod","Mimic Mod","Minty Spire (QoL Compilation)","Potionbrewer","Replay The Spire","Shade Mod","Somnambulant","StSLib","The Bug Knight","The Cursed","The Druid","The Elementalist","The Exalted","The Forsaken","The Hierophant","The Jungle","The Marked","The Mystic","The Problem Sleuth","The Runesmith","The Senshi","The Spell Scribe","The Valiant","The Wild Card","TheFirefly","TheHeartMod","Unceasing Turn Reminder","thorton"],"gold_per_floor":[218,178,191,191,210,210,238,250,283,42,42,71,71,104,104,201,201,181,197,0,0,0,19,35,35,62,62,62],"floor_reached":27,"playtime":1518,"items_purged":[],"score":348,"play_id":"9e790fd9-4a2c-4f36-8430-2e61e0650b30","local_time":"20210105195114","is_ascension_mode":true,"campfire_choices":[{"data":"theWildCard:ArcanaArtistry","floor":6,"key":"SMITH"},{"floor":13,"key":"REST"},{"data":"theWildCard:UnendingRitual","floor":15,"key":"SMITH"}],"circlet_count":0,"master_deck":["theWildCard:BasicStrike","theWildCard:BasicStrike","theWildCard:BasicStrike","theWildCard:BasicDefend","theWildCard:BasicDefend","theWildCard:BasicDefend","theWildCard:BasicDefend","theWildCard:CallToAdventure","theWildCard:Arsene","theWildCard:Metatron","theWildCard:ArcanaArtistry+1","theWildCard:Unburden","theWildCard:SacrificialStroke","theWildCard:ManOfManyFaces","theWildCard:FinalHour","theWildCard:Abstinence","Replay:SS_forest_2+1","theWildCard:UnendingRitual+1","theWildCard:Abstinence","theWildCard:TheUniverse","theWildCard:ArcaneArts+1","theWildCard:Safeguard","RitualDagger","theWildCard:Polydeuces+1","theWildCard:PaleRider+1"],"relics":["theWildCard:VelvetContract","Counterbalance","hubris:ToyBattleship","hubris:BottledRain","hubris:SlimyHat","Bromod:ArcaneEnergize","Shuriken","Nunchaku"],"acts_visited":["Exordium","TheCity"],"potions_floor_usage":[7,8,12,14,18,23,27],"damage_taken":[{"damage":0,"enemies":"2 Louse","floor":1,"turns":2},{"damage":0,"enemies":"Cultist","floor":3,"turns":3},{"damage":0,"enemies":"Small Slimes","floor":5,"turns":3},{"damage":11,"enemies":"3 Sentries","floor":7,"turns":5},{"damage":2,"enemies":"Gremlin Gang","floor":8,"turns":4},{"damage":0,"enemies":"2 Fungi Beasts","floor":9,"turns":8},{"damage":8,"enemies":"Lagavulin","floor":12,"turns":7},{"damage":10,"enemies":"Gremlin Nob","floor":14,"turns":5},{"damage":8,"enemies":"Hexaghost","floor":16,"turns":9},{"damage":11,"enemies":"2 Thieves","floor":18,"turns":5},{"damage":24,"enemies":"Snecko","floor":19,"turns":10},{"damage":4,"enemies":"Sentry and Sphere","floor":23,"turns":4},{"damage":0,"enemies":"Snake Plant","floor":24,"turns":9},{"damage":17,"enemies":"Centurion and Healer","floor":27,"turns":3}],"seed_played":"8201626217295287299","potions_obtained":[{"floor":2,"key":"DistilledChaos"},{"floor":2,"key":"Flashbang"},{"floor":2,"key":"potionbrewer:EndurancePotion"},{"floor":8,"key":"AttackPotion"},{"floor":12,"key":"DemoMod:BlankPotion"},{"floor":14,"key":"potionbrewer:AcidPotion"},{"floor":19,"key":"potionbrewer:AcidPotion"},{"floor":24,"key":"Weak Potion"}],"is_trial":false,"path_per_floor":["M","?","M","?","M","R","E","M","MIM","$","?","E","R","E","R","B",null,"M","M","?","?","$","M","M","T","T","M"],"character_chosen":"THE_WILD_CARD","items_purchased":["theWildCard:FinalHour","theWildCard:Abstinence","Replay:SS_forest_2"],"campfire_rested":1,"item_purchase_floors":[10,10,10],"current_hp_per_floor":[60,60,60,60,60,60,49,47,47,47,47,39,57,47,47,39,60,49,25,25,19,19,15,15,15,15,0,0],"gold":62,"neow_bonus":"HUNDRED_GOLD","is_daily":false,"chose_seed":false,"campfire_upgraded":2,"win_rate":0.0,"timestamp":1609836674,"path_taken":["M","?","?","?","M","R","E","M","MIM","$","?","E","R","E","R","BOSS","M","M","?","?","?","M","?","?","T","?"],"items_purchased_type":["Card","Card","Card"],"build_version":"2020-12-22","purchased_purges":0,"victory":false,"max_hp_per_floor":[60,60,60,60,60,60,60,60,60,60,60,60,60,60,60,60,60,60,60,60,60,60,60,60,60,60,60,60],"card_choices":[{"not_picked":["theWildCard:Patience","theWildCard:Sakuya"],"picked":"theWildCard:Metatron","floor":1},{"not_picked":["theWildCard:Salvation","theWildCard:SeveringSlash"],"picked":"theWildCard:ArcanaArtistry","floor":3},{"not_picked":["theWildCard:Proficiency","theWildCard:ArcaneArts","theWildCard:TheGreatSeal"],"picked":"SKIP","floor":5},{"not_picked":["theWildCard:ArcanaArtistry","theWildCard:EnergyTheft","theWildCard:Unburden"],"picked":"SKIP","floor":7},{"not_picked":["theWildCard:Alice","theWildCard:Loki"],"picked":"theWildCard:SacrificialStroke","floor":8},{"not_picked":["theWildCard:PaleRider","theWildCard:TheGreatSeal"],"picked":"theWildCard:ManOfManyFaces","floor":9},{"not_picked":["theWildCard:SacrificialStroke","theWildCard:ArcaneArts"],"picked":"theWildCard:UnendingRitual","floor":12},{"not_picked":["theWildCard:LadyLuck","theWildCard:EnergyTheft"],"picked":"theWildCard:Abstinence","floor":14},{"not_picked":["theWildCard:Lucifer","theWildCard:Ruination"],"picked":"theWildCard:TheUniverse","floor":16},{"not_picked":["theWildCard:Unburden+1","theWildCard:Loki"],"picked":"theWildCard:ArcaneArts+1","floor":18},{"not_picked":["theWildCard:MasterPlan","theWildCard:ManOfManyFaces"],"picked":"theWildCard:Safeguard","floor":19},{"not_picked":["theWildCard:Unburden+1","theWildCard:BladeOfGenerations"],"picked":"theWildCard:Polydeuces+1","floor":23},{"not_picked":["theWildCard:StalwartBlade","theWildCard:Impatience+1"],"picked":"theWildCard:PaleRider+1","floor":24}],"player_experience":1088587,"relics_obtained":[{"floor":7,"key":"Counterbalance"},{"floor":9,"key":"hubris:ToyBattleship"},{"floor":12,"key":"hubris:BottledRain"},{"floor":14,"key":"hubris:SlimyHat"},{"floor":25,"key":"Shuriken"},{"floor":26,"key":"Nunchaku"}],"event_choices":[{"damage_healed":0,"gold_gain":0,"player_choice":"Bought 3 Potions","damage_taken":0,"max_hp_gain":0,"max_hp_loss":0,"event_name":"The Woman in Blue","floor":2,"gold_loss":0},{"damage_healed":0,"gold_gain":0,"cards_transformed":["theWildCard:BasicStrike"],"player_choice":"Transformed","damage_taken":0,"max_hp_gain":0,"max_hp_loss":0,"event_name":"Transmorgrifier","floor":4,"gold_loss":0,"cards_obtained":["theWildCard:Unburden"]},{"damage_healed":0,"gold_gain":0,"player_choice":"Grow","damage_taken":0,"max_hp_gain":0,"max_hp_loss":0,"event_name":"Living Wall","floor":11,"gold_loss":0,"cards_upgraded":["Replay:SS_forest_2"]},{"damage_healed":0,"gold_gain":0,"player_choice":"Paid Fearfully","damage_taken":0,"max_hp_gain":0,"max_hp_loss":0,"event_name":"Masked Bandits","floor":20,"gold_loss":197},{"damage_healed":0,"gold_gain":0,"player_choice":"Joined the Cult","damage_taken":6,"max_hp_gain":0,"max_hp_loss":0,"event_name":"Nest","floor":21,"gold_loss":0,"cards_obtained":["RitualDagger"]}],"is_beta":false,"boss_relics":[{"not_picked":["Replay:Grab Bag","Replay:Bronze Core"],"picked":"Bromod:ArcaneEnergize"}],"items_purged_floors":[],"is_endless":false,"potions_floor_spawned":[3,8,12,14,19,24],"killed_by":"Centurion and Healer","ascension_level":1}}