{"host":"7gewg82ormp6yt4e","time":1609861007,"event":{"mods":["BaseMod","Block Reminder","Colored Map","Colored Powertips","DeckTracker","Highlight Path","Minty Spire (QoL Compilation)","Relic Stats","StSLib","ojb\u0027s Info Mod"],"gold_per_floor":[116,116,127,52,9,9,37,37,37,66,141,157,170,200,200,275,275,295,295,295,24,44,44,94,112,188,223,223,223,36,36,36,112,112,124,124,39,56,1055,1055,1055,394,441,456,143,163,182,193,193,193,193],"floor_reached":52,"playtime":2967,"items_purged":["Decay","Normality","Normality"],"score":1847,"play_id":"78d6b8aa-7c2b-43f2-83a1-dff014626706","local_time":"20210106003647","is_ascension_mode":true,"campfire_choices":[{"data":"Doom and Gloom","floor":6,"key":"SMITH"},{"data":"Rip and Tear","floor":8,"key":"SMITH"},{"data":"Barrage","floor":15,"key":"SMITH"},{"data":"Ghostly","floor":23,"key":"SMITH"},{"data":"Defragment","floor":32,"key":"SMITH"},{"data":"Ghostly","floor":40,"key":"SMITH"},{"data":"Reprogram","floor":49,"key":"SMITH"}],"circlet_count":0,"master_deck":["AscendersBane","Strike_B+1","Strike_B+1","Strike_B+1","Defend_B+1","Defend_B+1","Defend_B+1","Defend_B+1","Zap","Dualcast","Compile Driver","Hologram","Doom and Gloom+1","Rip and Tear+1","Ball Lightning","Cold Snap","Barrage+1","Seek","Ghostly","Ghostly+1","Ghostly+1","Core Surge","Defragment+1","Hologram","Cold Snap","Compile Driver+1","Leap+1","Finesse","Reboot","Capacitor","Dark Shackles","Beam Cell","Defragment","Dark Shackles","Shame","Coolheaded+1","Ghostly+1","Consume+1","Reprogram+1","Hologram+1"],"relics":["Cracked Core","NeowsBlessing","MealTicket","Mercury Hourglass","Question Card","Meat on the Bone","Blood Vial","Cursed Key","The Courier","Smiling Mask","Runic Capacitor","Runic Pyramid","Medical Kit","Pantograph","Toy Ornithopter","Strawberry","DollysMirror"],"acts_visited":["Exordium","TheCity","TheBeyond"],"potions_floor_usage":[10,16,18,25,27,50,50],"damage_taken":[{"damage":0,"enemies":"2 Louse","floor":1,"turns":1},{"damage":0,"enemies":"Small Slimes","floor":3,"turns":1},{"damage":0,"enemies":"Lagavulin","floor":7,"turns":1},{"damage":14,"enemies":"Gremlin Nob","floor":10,"turns":3},{"damage":2,"enemies":"Jaw Worm","floor":12,"turns":2},{"damage":11,"enemies":"Large Slime","floor":13,"turns":6},{"damage":28,"enemies":"Lagavulin","floor":14,"turns":6},{"damage":29,"enemies":"Hexaghost","floor":16,"turns":9},{"damage":29,"enemies":"Shell Parasite","floor":18,"turns":4},{"damage":2,"enemies":"2 Thieves","floor":22,"turns":3},{"damage":16,"enemies":"Sentry and Sphere","floor":25,"turns":6},{"damage":18,"enemies":"Slavers","floor":27,"turns":5},{"damage":8,"enemies":"Champ","floor":33,"turns":12},{"damage":2,"enemies":"3 Darklings","floor":35,"turns":6},{"damage":1,"enemies":"Orb Walker","floor":38,"turns":4},{"damage":6,"enemies":"3 Darklings","floor":44,"turns":6},{"damage":5,"enemies":"Jaw Worm Horde","floor":46,"turns":6},{"damage":0,"enemies":"Maw","floor":47,"turns":9},{"damage":4,"enemies":"3 Darklings","floor":48,"turns":7},{"damage":32,"enemies":"Donu and Deca","floor":50,"turns":16},{"damage":30,"enemies":"Awakened One","floor":51,"turns":17}],"seed_played":"-194187326913306961","potions_obtained":[{"floor":7,"key":"BlessingOfTheForge"},{"floor":12,"key":"SteroidPotion"},{"floor":14,"key":"Dexterity Potion"},{"floor":16,"key":"Block Potion"},{"floor":18,"key":"SpeedPotion"},{"floor":27,"key":"Energy Potion"},{"floor":33,"key":"DuplicationPotion"},{"floor":44,"key":"Dexterity Potion"},{"floor":47,"key":"PotionOfCapacity"}],"is_trial":false,"path_per_floor":["M","?","M","?","$","R","E","R","T","E","?","M","M","E","R","B",null,"M","?","?","$","M","R","?","M","T","E","?","?","$","?","R","B",null,"M","?","$","M","?","R","?","$","T","M","$","M","M","M","R","B","B",null],"character_chosen":"DEFECT","items_purchased":["Doom and Gloom","Core Surge","Defragment","Hologram","Runic Capacitor","Dark Shackles","Medical Kit","Pantograph","Toy Ornithopter","Defragment","Dark Shackles","Strawberry","DollysMirror"],"campfire_rested":0,"item_purchase_floors":[5,21,21,21,30,37,42,42,42,42,42,45,45],"current_hp_per_floor":[64,46,46,46,61,61,61,61,61,47,36,46,47,31,31,16,57,42,22,22,37,36,36,36,22,22,18,18,18,33,21,21,27,35,35,35,38,37,37,37,36,36,36,30,43,38,40,38,38,28,25],"gold":193,"neow_bonus":"THREE_ENEMY_KILL","is_daily":false,"chose_seed":false,"campfire_upgraded":7,"win_rate":0.0,"timestamp":1609861007,"path_taken":["M","?","M","?","?","R","E","R","T","E","?","M","?","E","R","BOSS","M","?","?","$","M","R","?","?","T","E","?","?","$","?","R","BOSS","M","?","$","M","?","R","?","?","T","M","$","M","M","M","R","BOSS","BOSS"],"items_purchased_type":["Card","Card","Card","Card","Relic","Card","Relic","Relic","Relic","Card","Card","Relic","Relic"],"build_version":"2020-12-22","purchased_purges":3,"victory":true,"max_hp_per_floor":[71,71,71,71,71,71,71,71,71,71,71,71,71,71,71,71,71,71,76,38,38,38,38,38,38,38,38,38,38,38,38,38,38,38,38,38,38,38,38,38,36,36,36,36,43,43,43,43,43,43,43],"relic_stats":{"Blood Vial":17,"counters":[21,130],"Pantograph":20,"MealTicket":54,"Question Card":16,"Cursed Key":2,"Smiling Mask":90,"Medical Kit":[6],"obtain_stats":[{"NeowsBlessing":0,"The Courier":26,"Runic Capacitor":30,"Question Card":9,"Cursed Key":17,"Smiling Mask":27,"Medical Kit":42,"Mercury Hourglass":7,"Blood Vial":14,"DollysMirror":45,"Pantograph":42,"Strawberry":45,"MealTicket":2,"Cracked Core":0,"Toy Ornithopter":42,"Meat on the Bone":10,"Runic Pyramid":34},{"NeowsBlessing":0,"The Courier":11,"Runic Capacitor":12,"Question Card":3,"Cursed Key":8,"Smiling Mask":12,"Medical Kit":15,"Mercury Hourglass":3,"Blood Vial":7,"DollysMirror":16,"Pantograph":15,"Strawberry":16,"MealTicket":1,"Cracked Core":0,"Toy Ornithopter":15,"Meat on the Bone":4,"Runic Pyramid":13},{"NeowsBlessing":0,"The Courier":42,"Runic Capacitor":47,"Question Card":3,"Cursed Key":29,"Smiling Mask":47,"Medical Kit":69,"Mercury Hourglass":3,"Blood Vial":20,"DollysMirror":75,"Pantograph":69,"Strawberry":75,"MealTicket":1,"Cracked Core":0,"Toy Ornithopter":69,"Meat on the Bone":6,"Runic Pyramid":59}],"Toy Ornithopter":5,"Mercury Hourglass":[391],"Meat on the Bone":108},"card_choices":[{"not_picked":["Steam","Stack"],"picked":"Compile Driver","floor":1},{"not_picked":["Turbo","Stack"],"picked":"Hologram","floor":3},{"not_picked":["Beam Cell","Chill"],"picked":"Rip and Tear","floor":7},{"not_picked":["Gash","Aggregate","Hologram"],"picked":"Ball Lightning","floor":10},{"not_picked":["Conserve Battery","Chill","Go for the Eyes"],"picked":"Cold Snap","floor":12},{"not_picked":["Barrage","FTL","Redo"],"picked":"Creative AI","floor":13},{"not_picked":["Blizzard","Genetic Algorithm","Tempest"],"picked":"Barrage","floor":14},{"not_picked":["Thunder Strike","Reboot","Creative AI"],"picked":"Seek","floor":16},{"not_picked":["Rip and Tear","Rebound","Go for the Eyes","Scrape"],"picked":"SKIP","floor":18},{"not_picked":["Genetic Algorithm","Go for the Eyes","Conserve Battery"],"picked":"Cold Snap","floor":22},{"not_picked":["BootSequence","Rebound","Blizzard"],"picked":"Compile Driver+1","floor":25},{"not_picked":["Double Energy","Chill","Amplify"],"picked":"Leap+1","floor":27},{"not_picked":["Fission","Creative AI","Multi-Cast"],"picked":"Reboot","floor":33},{"not_picked":["Beam Cell","Sweeping Beam","Compile Driver"],"picked":"Capacitor","floor":35},{"not_picked":["Coolheaded","Rebound","Sweeping Beam"],"picked":"Beam Cell","floor":38},{"not_picked":["Streamline","Go for the Eyes","Conserve Battery"],"picked":"Coolheaded+1","floor":44},{"not_picked":["Steam","Double Energy+1","Storm"],"picked":"Consume+1","floor":46},{"not_picked":["Ball Lightning","Sweeping Beam","Redo"],"picked":"Reprogram","floor":47},{"not_picked":["Reboot","Streamline","Chaos"],"picked":"Hologram+1","floor":48}],"player_experience":2478310,"relics_obtained":[{"floor":7,"key":"Mercury Hourglass"},{"floor":9,"key":"Question Card"},{"floor":10,"key":"Meat on the Bone"},{"floor":14,"key":"Blood Vial"},{"floor":26,"key":"The Courier"},{"floor":27,"key":"Smiling Mask"}],"event_choices":[{"damage_healed":0,"gold_gain":0,"player_choice":"Success","damage_taken":18,"relics_obtained":["MealTicket"],"max_hp_gain":0,"max_hp_loss":0,"event_name":"Scrap Ooze","floor":2,"gold_loss":0},{"cards_removed":["Strike_B"],"damage_healed":0,"gold_gain":0,"player_choice":"Card Removal","damage_taken":0,"max_hp_gain":0,"max_hp_loss":0,"event_name":"The Cleric","floor":4,"gold_loss":75},{"damage_healed":0,"gold_gain":75,"player_choice":"Gather Gold","damage_taken":11,"max_hp_gain":0,"max_hp_loss":0,"event_name":"World of Goop","floor":11,"gold_loss":0},{"damage_healed":0,"gold_gain":0,"player_choice":"Shed Blood","damage_taken":25,"max_hp_gain":5,"max_hp_loss":0,"event_name":"Forgotten Altar","floor":19,"gold_loss":0},{"damage_healed":0,"gold_gain":0,"player_choice":"Became a Ghost","damage_taken":0,"max_hp_gain":0,"max_hp_loss":38,"event_name":"Ghosts","floor":20,"gold_loss":0,"cards_obtained":["Ghostly","Ghostly","Ghostly"]},{"damage_healed":0,"gold_gain":50,"player_choice":"Stole From Cult","damage_taken":0,"max_hp_gain":0,"max_hp_loss":0,"event_name":"Nest","floor":24,"gold_loss":0},{"damage_healed":0,"gold_gain":0,"player_choice":"Ignored","damage_taken":0,"max_hp_gain":0,"max_hp_loss":0,"event_name":"The Mausoleum","floor":28,"gold_loss":0},{"damage_healed":0,"gold_gain":0,"player_choice":"Simplicity","damage_taken":0,"max_hp_gain":0,"max_hp_loss":0,"event_name":"Back to Basics","floor":29,"gold_loss":0,"cards_upgraded":["Strike_B","Strike_B","Strike_B","Defend_B","Defend_B","Defend_B","Defend_B"]},{"damage_healed":0,"gold_gain":0,"player_choice":"CARD ","damage_taken":12,"max_hp_gain":0,"max_hp_loss":0,"event_name":"Knowing Skull","floor":31,"potions_obtained":[],"gold_loss":0,"cards_obtained":["Finesse"]},{"cards_removed":["Creative AI"],"damage_healed":0,"gold_gain":0,"player_choice":"Removed Power","damage_taken":0,"max_hp_gain":0,"max_hp_loss":0,"event_name":"Falling","floor":36,"gold_loss":0},{"damage_healed":0,"gold_gain":999,"player_choice":"Gold","damage_taken":0,"max_hp_gain":0,"max_hp_loss":0,"event_name":"MindBloom","floor":39,"gold_loss":0,"cards_obtained":["Normality","Normality"]},{"damage_healed":0,"gold_gain":0,"player_choice":"Max HP","damage_taken":0,"max_hp_gain":0,"max_hp_loss":2,"event_name":"Winding Halls","floor":41,"gold_loss":0}],"is_beta":false,"boss_relics":[{"not_picked":["Sozu","Busted Crown"],"picked":"Cursed Key"},{"not_picked":["Snecko Eye","SacredBark"],"picked":"Runic Pyramid"}],"items_purged_floors":[30,42,45],"is_endless":false,"potions_floor_spawned":[7,12,14,16,18,27,33,35,44,47],"ascension_level":20}}