{"host":"1c52r9kaxdyo25eq","time":1609859508,"event":{"mods":["AchievementEnabler","BaseMod","Minty Spire (QoL Compilation)","Rare Cards Sparkle","SuperFastMode","everything is the same but u backflip on backflip"],"gold_per_floor":[115,127,127,140,140,140,152,170,170,182,201,201,201,222,222,222,222],"floor_reached":16,"playtime":299,"items_purged":[],"score":188,"play_id":"7802775f-364a-4cb1-89b1-a2f642016b0c","local_time":"20210106001148","is_ascension_mode":true,"campfire_choices":[{"floor":6,"key":"REST"},{"floor":12,"key":"REST"},{"data":"Blade Dance","floor":15,"key":"SMITH"}],"circlet_count":0,"master_deck":["AscendersBane","Strike_G","Strike_G","Strike_G","Strike_G","Defend_G","Defend_G","Defend_G","Defend_G","Survivor","Neutralize","Calculated Gamble","Blade Dance","Blade Dance+1","Acrobatics"],"relics":["Ring of the Snake","Strawberry","Regal Pillow","Odd Mushroom"],"acts_visited":["Exordium"],"potions_floor_usage":[14,14],"damage_taken":[{"damage":16,"enemies":"Jaw Worm","floor":1,"turns":8},{"damage":6,"enemies":"2 Louse","floor":2,"turns":3},{"damage":8,"enemies":"Cultist","floor":4,"turns":5},{"damage":6,"enemies":"Looter","floor":7,"turns":4},{"damage":3,"enemies":"2 Fungi Beasts","floor":8,"turns":3},{"damage":15,"enemies":"Large Slime","floor":10,"turns":7},{"damage":1,"enemies":"Exordium Wildlife","floor":11,"turns":3},{"damage":8,"enemies":"The Mushroom Lair","floor":14,"turns":3},{"damage":28,"enemies":"Slime Boss","floor":16,"turns":6}],"seed_played":"-6841575486107550776","potions_obtained":[{"floor":4,"key":"AttackPotion"},{"floor":10,"key":"BlessingOfTheForge"}],"is_trial":false,"path_per_floor":["M","M","?","M","?","R","M","M","T","M","M","R","?","?","R","B"],"character_chosen":"THE_SILENT","items_purchased":[],"campfire_rested":2,"item_purchase_floors":[],"current_hp_per_floor":[43,37,18,10,10,30,24,21,21,6,5,40,45,37,37,9,9],"gold":222,"neow_bonus":"REMOVE_TWO","is_daily":false,"chose_seed":false,"campfire_upgraded":1,"win_rate":0.0,"timestamp":1609859508,"path_taken":["M","M","?","M","?","R","?","M","T","?","M","R","?","?","R","BOSS"],"items_purchased_type":[],"build_version":"2020-12-22","purchased_purges":0,"victory":false,"max_hp_per_floor":[60,60,67,67,67,67,67,67,67,67,67,67,72,72,72,72,72],"card_choices":[{"not_picked":["Dodge and Roll","Deadly Poison"],"picked":"Calculated Gamble","floor":1},{"not_picked":["Noxious Fumes","Heel Hook","Finisher"],"picked":"SKIP","floor":2},{"not_picked":["Sucker Punch","Slice"],"picked":"Blade Dance","floor":4},{"not_picked":["Underhanded Strike","Prepared"],"picked":"Blade Dance","floor":7},{"not_picked":["All Out Attack","Leg Sweep","Underhanded Strike"],"picked":"SKIP","floor":8},{"not_picked":["Endless Agony","Sucker Punch","Slice"],"picked":"SKIP","floor":10},{"not_picked":["Reflex","Outmaneuver"],"picked":"Acrobatics","floor":11}],"player_experience":549209,"relics_obtained":[{"floor":9,"key":"Regal Pillow"},{"floor":14,"key":"Odd Mushroom"}],"event_choices":[{"damage_healed":0,"gold_gain":0,"player_choice":"Success","damage_taken":26,"relics_obtained":["Strawberry"],"max_hp_gain":0,"max_hp_loss":0,"event_name":"Scrap Ooze","floor":3,"gold_loss":0},{"damage_healed":0,"gold_gain":0,"player_choice":"Ignored","damage_taken":0,"max_hp_gain":0,"max_hp_loss":0,"event_name":"Shining Light","floor":5,"gold_loss":0},{"damage_healed":0,"gold_gain":0,"player_choice":"Donut","damage_taken":0,"max_hp_gain":5,"max_hp_loss":0,"event_name":"Big Fish","floor":13,"gold_loss":0},{"damage_healed":0,"gold_gain":0,"player_choice":"Fought Mushrooms","damage_taken":0,"max_hp_gain":0,"max_hp_loss":0,"event_name":"Mushrooms","floor":14,"gold_loss":0}],"is_beta":false,"boss_relics":[],"items_purged_floors":[],"is_endless":false,"potions_floor_spawned":[4,10,11],"killed_by":"Slime Boss","ascension_level":20}}