{"host":"d40xu1tklzkpvzv9","time":1609876775,"event":{"mods":["Aspiration","BaseMod","BetterRewards","Colored Map","Colored Powertips","Conspire","Custom Start","DeckTracker","Downfall","Highlight Path","Hubris","Infinite Spire","Mimic Mod","Minty Spire (QoL Compilation)","Quick Restart","Replay The Spire","StSLib","SuperFastMode"],"gold_per_floor":[112,62,79,79,91,125,135,135,158,158,170,184,250,31,31,127,127,143,155,304,159,209,242,262,262,302,312,91,126,176,196,196,314,314,348,398,98,148,165,165,210,239,239,284,284,147,227,271,271,271],"floor_reached":51,"playtime":4192,"items_purged":["Strike_G","Strike_G","Strike_G","Strike_G","ReplayTheSpireMod:Trickstab"],"score":1102,"play_id":"28ed4af3-d126-4d8f-9fcd-dbfb404dcca4","local_time":"20210105205935","is_ascension_mode":false,"campfire_choices":[{"floor":8.0,"key":"REST"},{"data":"conspire:DoublingDagger","floor":8.0,"key":"SMITH"},{"data":"Well Laid Plans","floor":10.0,"key":"SMITH"},{"data":"Choke","floor":25.0,"key":"SMITH"},{"floor":32,"key":"REST"},{"data":"hubris:EnhanceAbility","floor":32,"key":"SMITH"},{"data":"Adrenaline","floor":40,"key":"SMITH"},{"data":"Phantasmal Killer","floor":45,"key":"SMITH"},{"floor":49,"key":"REST"},{"data":"infinitespire:Collect","floor":49,"key":"SMITH"}],"circlet_count":0,"master_deck":["Defend_G","Defend_G","Defend_G","Defend_G","Defend_G","Survivor","Neutralize+1","Choke+1","Deadly Poison","Adrenaline","Cloak And Dagger","Infinite Blades","conspire:DoublingDagger+1","Accuracy","Prepared+1","Noxious Fumes","Well Laid Plans+1","Flying Knee+1","Backflip","Prepared","Underhanded Strike","Distraction","Finesse","Terror","Prepared+1","Blade Dance+1","Accuracy","hubris:Sniper","ReplayTheSpireMod:Private Reserves","Fluid Movement","ReplayTheSpireMod:Speed Training","Cloak And Dagger","hubris:EnhanceAbility+1","Leg Sweep","Expertise","Phantasmal Killer+1","PiercingWail","Madness","Madness","Adrenaline+1","Footwork","hubris:DuctTapeCard","Sneak Up+1","hubris:Sniper+1","Master of Strategy","ReplayTheSpireMod:Scrap Shanks+1","infinitespire:Collect+1","Backstab"],"relics":["Ring of the Snake","infinitespire:Magic Flask","Orrery","SsserpentHead","Nunchaku","Pen Nib","Membership Card","aspiration:FutureDiary","Pet Ghost","Mirror","Bag of Preparation","hubris:Towel","infinitespire:EvilPickle","aspiration:RunicSpoon","hubris:DuctTape","infinitespire:PuzzleCube","Basket Of Snakes","ReplayTheSpireMod:Shallot","Whetstone"],"acts_visited":["Exordium","TheCity","TheBeyond"],"potions_floor_usage":[29,47],"damage_taken":[{"damage":3.0,"enemies":"Jaw Worm","floor":1.0,"turns":3.0},{"damage":2.0,"enemies":"conspire:RoseBush","floor":3.0,"turns":3.0},{"damage":1.0,"enemies":"Cultist","floor":5.0,"turns":4.0},{"damage":27.0,"enemies":"3 Sentries","floor":6.0,"turns":7.0},{"damage":2.0,"enemies":"Looter","floor":7.0,"turns":4.0},{"damage":0.0,"enemies":"2 Fungi Beasts","floor":11.0,"turns":2.0},{"damage":2.0,"enemies":"Exordium Wildlife","floor":12.0,"turns":4.0},{"damage":2.0,"enemies":"Exordium Thugs","floor":13.0,"turns":4.0},{"damage":10.0,"enemies":"Hexaghost","floor":16.0,"turns":6.0},{"damage":13.0,"enemies":"Shell Parasite","floor":18.0,"turns":4.0},{"damage":5.0,"enemies":"2 Thieves","floor":19.0,"turns":5.0},{"damage":15.0,"enemies":"conspire:SneckoGhost","floor":23.0,"turns":4.0},{"damage":0.0,"enemies":"Cultist and Chosen","floor":24.0,"turns":3.0},{"damage":10.0,"enemies":"Snake Plant","floor":26.0,"turns":9.0},{"damage":13.0,"enemies":"Snake Plant","floor":27.0,"turns":3.0},{"damage":7,"enemies":"Book of Stabbing","floor":29,"turns":4},{"damage":0,"enemies":"conspire:HollyBat","floor":31,"turns":6},{"damage":11,"enemies":"Pondfish","floor":33,"turns":9},{"damage":6,"enemies":"3 Shapes","floor":35,"turns":5},{"damage":1,"enemies":"Orb Walker","floor":39,"turns":4},{"damage":0,"enemies":"Reptomancer","floor":41,"turns":2},{"damage":8,"enemies":"3 Darklings","floor":42,"turns":8},{"damage":0,"enemies":"Nemesis","floor":44,"turns":1},{"damage":0,"enemies":"Transient","floor":47,"turns":5},{"damage":20,"enemies":"Nightmare","floor":48,"turns":3},{"damage":0,"enemies":"hubris:GrandSnecko","floor":50,"turns":2}],"seed_played":"-1952424712045758661","potions_obtained":[{"floor":3.0,"key":"Dexterity Potion"},{"floor":6.0,"key":"Toxic Potion"},{"floor":12.0,"key":"SkillPotion"},{"floor":16.0,"key":"Energy Potion"},{"floor":18.0,"key":"Swift Potion"},{"floor":19.0,"key":"Milkshake"},{"floor":31,"key":"DuplicationPotion"},{"floor":33,"key":"LiquidBronze"},{"floor":42,"key":"Block Potion"},{"floor":44,"key":"GhostInAJar"}],"is_trial":false,"path_per_floor":["M","?","M","?","M","E","M","R","T","R","M","M","M","$","R_BF","B",null,"M","M","?","$","?","E","M","R","MIM","M","$","E","?","M","R","B",null,"M","?","$","?","M","R","E","M","T","E","R","$","M","NM","R","B",null],"character_chosen":"THE_SILENT","items_purchased":["Choke","Orrery","Accuracy","Membership Card","Finesse","Terror","Accuracy","hubris:Sniper","ReplayTheSpireMod:Private Reserves","hubris:EnhanceAbility","Mirror","Adrenaline","Footwork","hubris:DuctTape","Master of Strategy"],"campfire_rested":3,"item_purchase_floors":[0,0,0,14,14,14,21,21,21,28,28,37,37,37,46],"current_hp_per_floor":[35,35,33,33,32,5,3,24,24,24,24,22,20,20,41,31,70,57,52,52,52,52,37,37,37,27,14,14,7,7,7,28,17,70,64,55,55,55,54,54,54,46,46,46,46,46,46,26,47,47],"gold":271,"neow_bonus":"","is_daily":false,"chose_seed":false,"campfire_upgraded":7,"win_rate":0.0,"timestamp":1609876775,"path_taken":["M","?","M","?","M","E","M","R","T","R","M","M","?","$","R_BF","BOSS","M","M","?","$","?","E","M","R","MIM","M","?","E","?","M","R","BOSS","M","?","$","?","M","R","E","M","T","E","R","?","?","NM","R","BOSS"],"items_purchased_type":["Card","Relic","Card","Relic","Card","Card","Card","Card","Card","Card","Relic","Card","Card","Relic","Card"],"build_version":"2020-12-22","purchased_purges":5,"victory":true,"max_hp_per_floor":[70,70,70,70,70,70,70,70,70,70,70,70,70,70,70,70,70,70,70,70,70,70,70,70,70,70,70,70,70,70,70,70,70,70,70,70,70,70,70,70,70,70,70,70,70,70,70,70,70,70],"card_choices":[{"not_picked":["Bane","Caltrops"],"picked":"Deadly Poison","floor":0.0},{"not_picked":["Dagger Spray","Dodge and Roll"],"picked":"Adrenaline","floor":0.0},{"not_picked":["Deflect","Bane"],"picked":"Cloak And Dagger","floor":0.0},{"not_picked":["Eviscerate","Draining Mist"],"picked":"Infinite Blades","floor":0.0},{"not_picked":["Slice","Sucker Punch"],"picked":"conspire:DoublingDagger","floor":0.0},{"not_picked":["Quick Slash","Flying Knee"],"picked":"Prepared","floor":1.0},{"not_picked":["Outmaneuver","Prepared"],"picked":"Noxious Fumes","floor":3.0},{"not_picked":["Outmaneuver","Leg Sweep"],"picked":"Well Laid Plans","floor":5.0},{"not_picked":["Hidden Blade","Sucker Punch"],"picked":"Flying Knee","floor":6.0},{"not_picked":["Deadly Poison","Draining Mist"],"picked":"Backflip","floor":7.0},{"not_picked":["Cloak And Dagger","Endless Agony"],"picked":"Prepared","floor":11.0},{"not_picked":["Heel Hook","Wraith Form v2"],"picked":"Underhanded Strike","floor":12.0},{"not_picked":["Dodge and Roll","Dagger Spray"],"picked":"Distraction","floor":13.0},{"not_picked":["ReplayTheSpireMod:Necrosis","aspiration:Lunge"],"picked":"Doppelganger","floor":16.0},{"not_picked":["Quick Slash+1","Bane"],"picked":"Prepared+1","floor":18.0},{"not_picked":["Deadly Poison","Slice"],"picked":"Blade Dance+1","floor":19.0},{"not_picked":["Slice+1","Underhanded Strike"],"picked":"Fluid Movement","floor":23.0},{"not_picked":["Setup","Concentrate"],"picked":"Malaise","floor":24.0},{"not_picked":["Deflect","Choke"],"picked":"ReplayTheSpireMod:Speed Training","floor":26.0},{"not_picked":["Slice","Poisoned Stab"],"picked":"Cloak And Dagger","floor":27.0},{"not_picked":["Deadly Poison","Blade Dance"],"picked":"Leg Sweep","floor":29},{"not_picked":["Bane+1","Dagger Spray+1"],"picked":"Expertise","floor":31},{"not_picked":["Poison Darts","Night Terror"],"picked":"Phantasmal Killer","floor":33},{"not_picked":["Deflect","Dodge and Roll"],"picked":"PiercingWail","floor":35},{"not_picked":["Noxious Fumes+1","hubris:Counter+1"],"picked":"Sneak Up+1","floor":39},{"not_picked":["PiercingWail","Sneak Up+1","Bane"],"picked":"SKIP","floor":41},{"not_picked":["conspire:DoublingDagger+1","ReplayTheSpireMod:Necrosis"],"picked":"hubris:Sniper+1","floor":42},{"not_picked":["Slice+1","Corpse Explosion","Predator+1"],"picked":"SKIP","floor":44},{"not_picked":["hubris:SlightOfHand+1","Dagger Spray+1"],"picked":"ReplayTheSpireMod:Scrap Shanks+1","floor":47},{"not_picked":["ReplayTheSpireMod:Echoes of Time","ReplayTheSpireMod:Black Plague"],"picked":"infinitespire:Collect","floor":48},{"not_picked":["Underhanded Strike+1","conspire:DoublingDagger+1"],"picked":"Backstab","floor":48}],"player_experience":117375,"relics_obtained":[{"floor":6.0,"key":"Nunchaku"},{"floor":9.0,"key":"Pen Nib"},{"floor":23.0,"key":"Pet Ghost"},{"floor":29,"key":"Bag of Preparation"},{"floor":41,"key":"infinitespire:PuzzleCube"},{"floor":43,"key":"Basket Of Snakes"},{"floor":44,"key":"ReplayTheSpireMod:Shallot"},{"floor":48,"key":"Whetstone"}],"event_choices":[{"cards_removed":["Strike_G"],"damage_healed":0.0,"max_hp_gain":0.0,"max_hp_loss":0.0,"gold_gain":0.0,"event_name":"The Cleric","player_choice":"Card Removal","floor":2.0,"gold_loss":50.0,"damage_taken":0.0},{"damage_healed":0.0,"max_hp_gain":0.0,"max_hp_loss":0.0,"gold_gain":0.0,"event_name":"FaceTrader","player_choice":"Trade","floor":4.0,"gold_loss":0.0,"damage_taken":0.0,"relics_obtained":["SsserpentHead"]},{"damage_healed":0.0,"max_hp_gain":0.0,"max_hp_loss":0.0,"gold_gain":99.0,"event_name":"Nest","player_choice":"Stole From Cult","floor":20.0,"gold_loss":0.0,"damage_taken":0.0},{"damage_healed":0,"gold_gain":0,"player_choice":"Embrace Madness","damage_taken":9,"max_hp_gain":0,"max_hp_loss":0,"event_name":"Winding Halls","floor":36,"gold_loss":0,"cards_obtained":["Madness","Madness"]},{"damage_healed":0,"gold_gain":0,"player_choice":"Ignored","damage_taken":0,"max_hp_gain":0,"max_hp_loss":0,"event_name":"Tomb of Lord Red Mask","floor":38,"gold_loss":0}],"is_beta":false,"boss_relics":[{"not_picked":["Busted Crown","Fusion Hammer"],"picked":"aspiration:FutureDiary"},{"not_picked":["Coffee Dripper","ReplayTheSpireMod:DimensionalGlitch"],"picked":"aspiration:RunicSpoon"}],"items_purged_floors":[0,21,28,37,46],"is_endless":false,"potions_floor_spawned":[3,6,12,16,18,19,31,33,42,44],"ascension_level":0}}