{"host":"2n2g1vowfllvjtvi","time":1609862907,"event":{"mods":["AchievementEnabler","BaseMod","Custom Start","GifTheSpireLib","Keyboard Shortcuts","Minty Spire (QoL Compilation)","Quick Restart","Rare Cards Sparkle","StSLib","SuperFastMode"],"gold_per_floor":[115,190,190,201,217,217,242,242,242,242,275,275,275,303,303,380,430,450,460,470,395,335,335,351,351,351,194,194,109,120,130,130,130,130],"floor_reached":33,"playtime":536,"items_purged":["Strike_R","Strike_R"],"score":573,"play_id":"d91b1e2b-59c5-415f-9f3b-9d97ac5129a9","local_time":"20210106010827","is_ascension_mode":true,"campfire_choices":[{"data":"Bash","floor":6.0,"key":"SMITH"},{"floor":10.0,"key":"REST"},{"floor":13.0,"key":"REST"},{"floor":15.0,"key":"REST"},{"data":"Fire Breathing","floor":23.0,"key":"SMITH"},{"data":"Fiend Fire","floor":25.0,"key":"SMITH"},{"floor":32,"key":"REST"}],"circlet_count":0,"master_deck":["AscendersBane","Strike_R","Defend_R","Defend_R","Defend_R","Defend_R","Bash+1","Anger","Fire Breathing+1","Wild Strike+1","Second Wind+1","Fiend Fire+1","Fire Breathing+1","Impervious+1","Deep Breath","Shrug It Off"],"relics":["Burning Blood","Du-Vu Doll","Singing Bowl","InkBottle","Strawberry","The Courier","Tiny House","Paper Frog"],"acts_visited":["Exordium","TheCity"],"potions_floor_usage":[30],"damage_taken":[{"damage":9.0,"enemies":"Small Slimes","floor":1.0,"turns":4.0},{"damage":3.0,"enemies":"2 Louse","floor":4.0,"turns":2.0},{"damage":1.0,"enemies":"Cultist","floor":5.0,"turns":3.0},{"damage":20.0,"enemies":"3 Sentries","floor":7.0,"turns":6.0},{"damage":32.0,"enemies":"Gremlin Nob","floor":11.0,"turns":4.0},{"damage":40.0,"enemies":"Lagavulin","floor":14.0,"turns":6.0},{"damage":0.0,"enemies":"Slime Boss","floor":16.0,"turns":7.0},{"damage":21.0,"enemies":"3 Byrds","floor":18.0,"turns":5.0},{"damage":2.0,"enemies":"Chosen","floor":19.0,"turns":4.0},{"damage":34.0,"enemies":"Snecko","floor":20.0,"turns":5.0},{"damage":15.0,"enemies":"Chosen and Byrds","floor":24.0,"turns":6.0},{"damage":10,"enemies":"Snake Plant","floor":30,"turns":5},{"damage":14,"enemies":"Centurion and Healer","floor":31,"turns":4},{"damage":88,"enemies":"Automaton","floor":33,"turns":6}],"seed_played":"9161145248835827423","potions_obtained":[{"floor":5.0,"key":"FairyPotion"},{"floor":17.0,"key":"EssenceOfSteel"},{"floor":18.0,"key":"SpeedPotion"},{"floor":31,"key":"Energy Potion"}],"is_trial":false,"path_per_floor":["M","?","?","M","M","R","E","?","T","R","E","?","R","E","R","B",null,"M","M","M","?","$","R","M","R","T","$","?","?","M","M","R","B"],"character_chosen":"IRONCLAD","items_purchased":["Deep Breath"],"campfire_rested":4,"item_purchase_floors":[27],"current_hp_per_floor":[47,36,29,32,37,37,23,22,22,44,25,25,49,15,39,45,80,67,73,47,47,47,47,40,40,40,40,40,40,36,30,59,0,0],"gold":130,"neow_bonus":"ONE_RARE_RELIC","is_daily":false,"chose_seed":false,"campfire_upgraded":3,"win_rate":0.0,"timestamp":1609862907,"path_taken":["M","?","?","M","M","R","E","?","T","R","E","?","R","E","R","BOSS","M","M","?","?","$","R","M","R","T","$","?","?","M","M","R","BOSS"],"items_purchased_type":["Card"],"build_version":"2020-12-22","purchased_purges":2,"victory":false,"max_hp_per_floor":[75,75,75,75,75,75,75,75,75,75,82,82,82,82,82,82,89,91,93,95,95,95,95,97,97,97,97,97,97,97,99,99,99,99],"card_choices":[{"not_picked":["True Grit","Intimidate"],"picked":"Anger","floor":1.0},{"not_picked":["Heavy Blade","Iron Wave"],"picked":"Fire Breathing","floor":4.0},{"not_picked":["Anger","Shrug It Off"],"picked":"Wild Strike","floor":5.0},{"not_picked":["Dropkick","Flex"],"picked":"Second Wind","floor":7.0},{"not_picked":["Sword Boomerang","Iron Wave"],"picked":"Fiend Fire","floor":11.0},{"not_picked":["True Grit","Fiend Fire"],"picked":"Fire Breathing","floor":14.0},{"not_picked":["Fiend Fire","Feed"],"picked":"Impervious","floor":16.0},{"not_picked":["Perfected Strike","Wild Strike","Pommel Strike"],"picked":"Singing Bowl","floor":17.0},{"not_picked":["Heavy Blade","Warcry","Dual Wield"],"picked":"Singing Bowl","floor":18.0},{"not_picked":["Anger","Heavy Blade+1","Intimidate"],"picked":"Singing Bowl","floor":19.0},{"not_picked":["Clothesline","Body Slam","Wild Strike+1"],"picked":"Singing Bowl","floor":20.0},{"not_picked":["True Grit+1","Flex","Reckless Charge+1"],"picked":"Singing Bowl","floor":24.0},{"not_picked":["Ghostly Armor","Havoc"],"picked":"Shrug It Off","floor":30},{"not_picked":["Cleave","Sentinel","Thunderclap"],"picked":"Singing Bowl","floor":31}],"player_experience":417643,"relics_obtained":[{"floor":7.0,"key":"Singing Bowl"},{"floor":9.0,"key":"InkBottle"},{"floor":11.0,"key":"Strawberry"},{"floor":14.0,"key":"The Courier"}],"event_choices":[{"damage_healed":0.0,"max_hp_gain":0.0,"max_hp_loss":0.0,"gold_gain":75.0,"event_name":"World of Goop","player_choice":"Gather Gold","floor":2.0,"gold_loss":0.0,"damage_taken":11.0},{"cards_removed":["Strike_R"],"damage_healed":0.0,"max_hp_gain":0.0,"max_hp_loss":0.0,"gold_gain":0.0,"event_name":"Golden Wing","player_choice":"Card Removal","floor":3.0,"gold_loss":0.0,"damage_taken":7.0},{"damage_healed":0.0,"max_hp_gain":0.0,"max_hp_loss":0.0,"gold_gain":0.0,"event_name":"Shining Light","player_choice":"Entered Light","floor":8.0,"gold_loss":0.0,"damage_taken":23.0,"cards_upgraded":["Second Wind","Wild Strike"]},{"damage_healed":0.0,"max_hp_gain":0.0,"max_hp_loss":0.0,"gold_gain":0.0,"event_name":"Upgrade Shrine","player_choice":"Upgraded","floor":12.0,"gold_loss":0.0,"damage_taken":0.0,"cards_upgraded":["Fire Breathing"]},{"cards_removed":["Strike_R"],"damage_healed":0.0,"max_hp_gain":0.0,"max_hp_loss":0.0,"gold_gain":0.0,"event_name":"Beggar","player_choice":"Gave Gold","floor":21.0,"gold_loss":75.0,"damage_taken":0.0},{"damage_healed":0,"gold_gain":0,"player_choice":"Ignored","damage_taken":0,"max_hp_gain":0,"max_hp_loss":0,"event_name":"Cursed Tome","floor":28,"gold_loss":0},{"damage_healed":0,"gold_gain":0,"player_choice":"Obtained Relic","damage_taken":0,"relics_obtained":["Paper Frog"],"max_hp_gain":0,"max_hp_loss":0,"event_name":"Addict","floor":29,"gold_loss":85}],"is_beta":false,"boss_relics":[{"not_picked":["Runic Dome","Mark of Pain"],"picked":"Tiny House"}],"items_purged_floors":[22,27],"is_endless":false,"potions_floor_spawned":[5,18,31],"killed_by":"Automaton","ascension_level":15}}