{"host":"j0vzbnzm6n2ctevn","time":1609835789,"event":{"mods":["AchievementEnabler","BaseMod","Better Note","Dota2Spire","Minty Spire (QoL Compilation)","Quick Restart","Shop Mod","Spicy Shops","StSLib"],"gold_per_floor":[117,67,78,78,94,94,269,287,314,330,3,3,34,53,53,148,148,160,180,15,15,34,60,60,60],"floor_reached":24,"playtime":1017,"items_purged":[],"score":218,"play_id":"51196b89-baca-4e7d-a091-d059b91c1423","local_time":"20210105163629","is_ascension_mode":false,"campfire_choices":[{"data":"Chaos","floor":6,"key":"SMITH"},{"data":"Capacitor","floor":12,"key":"SMITH"},{"floor":15,"key":"DIG"}],"circlet_count":0,"master_deck":["Strike_B","Strike_B","Strike_B","Defend_B","Defend_B","Defend_B","Defend_B","Zap","Dualcast","Streamline","Chaos+1","Amplify","Doubt","Cold Snap","Glacier","Capacitor+1","Capacitor","Blizzard","Creative AI","Skim","Electrodynamics","Apotheosis","Double Energy","Defragment"],"relics":["Cracked Core","NeowsBlessing","Centennial Puzzle","Dota2Spire:DrumOfEndurance","Membership Card","FossilizedHelix","Shovel","Dota2Spire:Satanic","Inserter","Strange Spoon","Blue Candle"],"acts_visited":["Exordium","TheCity"],"potions_floor_usage":[16],"damage_taken":[{"damage":0,"enemies":"Jaw Worm","floor":1,"turns":1},{"damage":0,"enemies":"Small Slimes","floor":3,"turns":1},{"damage":0,"enemies":"2 Louse","floor":5,"turns":1},{"damage":0,"enemies":"Looter","floor":8,"turns":3},{"damage":1,"enemies":"Blue Slaver","floor":10,"turns":3},{"damage":24,"enemies":"Gremlin Nob","floor":13,"turns":5},{"damage":9,"enemies":"3 Louse","floor":14,"turns":5},{"damage":16,"enemies":"The Guardian","floor":16,"turns":10},{"damage":16,"enemies":"Shell Parasite","floor":18,"turns":9},{"damage":12,"enemies":"Spheric Guardian","floor":19,"turns":8},{"damage":13,"enemies":"Centurion and Healer","floor":22,"turns":9},{"damage":59,"enemies":"Book of Stabbing","floor":23,"turns":9},{"damage":4,"enemies":"Sentry and Sphere","floor":24,"turns":3}],"seed_played":"-8654389204250303682","potions_obtained":[{"floor":10,"key":"BlessingOfTheForge"},{"floor":13,"key":"CultistPotion"},{"floor":16,"key":"SteroidPotion"},{"floor":18,"key":"BlessingOfTheForge"}],"is_trial":false,"path_per_floor":["M","?","M","?","M","R","?","M","T","M","$","R","E","M","R","B",null,"M","M","$","?","M","E","M"],"character_chosen":"DEFECT","items_purchased":["Membership Card","Capacitor","FossilizedHelix","Apotheosis","Strange Spoon"],"campfire_rested":0,"item_purchase_floors":[11,11,11,20,20],"current_hp_per_floor":[75,75,75,63,63,63,63,63,63,62,62,62,38,29,29,13,75,59,47,47,75,62,3,0,0],"gold":60,"neow_bonus":"THREE_ENEMY_KILL","is_daily":false,"chose_seed":false,"campfire_upgraded":2,"win_rate":0.0,"timestamp":1609835789,"path_taken":["M","?","M","?","M","R","?","M","T","M","?","R","E","?","R","BOSS","M","M","$","?","M","E","M"],"items_purchased_type":["Relic","Card","Relic","Card","Relic"],"build_version":"2020-12-22","purchased_purges":0,"victory":false,"max_hp_per_floor":[75,75,75,75,75,75,75,75,75,75,75,75,75,75,75,75,75,75,75,75,75,75,75,75,75],"card_choices":[{"not_picked":["Rebound","Steam Power"],"picked":"Streamline","floor":1},{"not_picked":["Beam Cell","Barrage"],"picked":"Chaos","floor":3},{"not_picked":["Go for the Eyes","Ball Lightning"],"picked":"Amplify","floor":5},{"not_picked":["Rebound","Barrage"],"picked":"Cold Snap","floor":8},{"not_picked":["Go for the Eyes","Stack"],"picked":"Glacier","floor":10},{"not_picked":["Heatsinks","Sweeping Beam"],"picked":"Capacitor","floor":13},{"not_picked":["Sweeping Beam","Stack"],"picked":"Blizzard","floor":14},{"not_picked":["Biased Cognition","Amplify"],"picked":"Creative AI","floor":16},{"not_picked":["Stack+1","Coolheaded+1"],"picked":"Skim","floor":18},{"not_picked":["Compile Driver","Consume"],"picked":"Electrodynamics","floor":19},{"not_picked":["Turbo","Redo+1"],"picked":"Double Energy","floor":22},{"not_picked":["Echo Form","Conserve Battery+1"],"picked":"Defragment","floor":23}],"player_experience":135682,"relics_obtained":[{"floor":9,"key":"Dota2Spire:DrumOfEndurance"},{"floor":13,"key":"Shovel"},{"floor":15,"key":"Dota2Spire:Satanic"},{"floor":23,"key":"Blue Candle"}],"event_choices":[{"cards_removed":["Strike_B"],"damage_healed":0,"gold_gain":0,"player_choice":"Card Removal","damage_taken":0,"max_hp_gain":0,"max_hp_loss":0,"event_name":"The Cleric","floor":2,"gold_loss":50},{"damage_healed":0,"gold_gain":0,"player_choice":"Success","damage_taken":12,"relics_obtained":["Centennial Puzzle"],"max_hp_gain":0,"max_hp_loss":0,"event_name":"Scrap Ooze","floor":4,"gold_loss":0},{"damage_healed":0,"gold_gain":175,"player_choice":"AGREE","damage_taken":0,"max_hp_gain":0,"max_hp_loss":0,"event_name":"Liars Game","floor":7,"gold_loss":0,"cards_obtained":["Doubt"]},{"damage_healed":28,"gold_gain":0,"player_choice":"Full Heal","damage_taken":0,"max_hp_gain":0,"max_hp_loss":0,"event_name":"Wheel of Change","floor":21,"gold_loss":0}],"is_beta":false,"boss_relics":[{"not_picked":["Velvet Choker","Coffee Dripper"],"picked":"Inserter"}],"items_purged_floors":[],"is_endless":false,"potions_floor_spawned":[10,13,16,18,22],"killed_by":"Sentry and Sphere","ascension_level":0}}