{"host":"61r95uy0hn86b9iu","time":1609822720,"event":{"mods":["AchievementEnabler","BaseMod","Better Vampires","BetterRewards","Colored Powertips","Hubris","Minty Spire (QoL Compilation)","Shop Mod","StSLib"],"gold_per_floor":[112,132,132,207,207,207,237,237,237,253,272,284,303,303,303,377,377,391,391,402,246,246,246,246,246,246,260,380,43,59,39,39,116,116,136,136,152,200,34,34,61,61,143,270,270,286,286,304,304,304],"floor_reached":51,"playtime":1406,"items_purged":["Defend_R"],"score":1626,"play_id":"ae5f8999-0991-4f24-a73a-da1f4f69bfb7","local_time":"20210104225840","is_ascension_mode":true,"campfire_choices":[{"floor":6.0,"key":"REST"},{"floor":8.0,"key":"REST"},{"floor":15.0,"key":"REST"},{"data":"Limit Break","floor":23.0,"key":"SMITH"},{"data":"Inflame","floor":25.0,"key":"SMITH"},{"data":"hubris:EnhanceAbility","floor":32.0,"key":"SMITH"},{"data":"Flame Barrier","floor":40.0,"key":"SMITH"},{"data":"Heavy Blade","floor":42.0,"key":"SMITH"},{"floor":49.0,"key":"REST"}],"circlet_count":0,"master_deck":["AscendersBane","Strike_R","Defend_R","Defend_R","Defend_R","Bash","Inflame+1","Inflame","Flame Barrier+1","Perfected Strike","Rampage","Finesse","Body Slam","Limit Break+1","Feed","Shockwave+1","Thunderclap+1","hubris:EnhanceAbility+1","Seeing Red","Juggernaut","Heavy Blade+1"],"relics":["Burning Blood","Red Skull","Paper Frog","Mummified Hand","hubris:ScarierMask","hubris:Icosahedron","Bronze Scales","Bottled Tornado","hubris:EmptyBottle","Shuriken","Busted Crown","MerchantsRug","Strawberry","Eternal Feather","hubris:FunFungus"],"acts_visited":["Exordium","TheCity","TheBeyond"],"potions_floor_usage":[50,50,50],"damage_taken":[{"damage":10.0,"enemies":"Small Slimes","floor":1.0,"turns":3.0},{"damage":1.0,"enemies":"2 Louse","floor":2.0,"turns":3.0},{"damage":41.0,"enemies":"Gremlin Nob","floor":7.0,"turns":5.0},{"damage":0.0,"enemies":"Cultist","floor":10.0,"turns":3.0},{"damage":3.0,"enemies":"Gremlin Gang","floor":11.0,"turns":6.0},{"damage":0.0,"enemies":"2 Fungi Beasts","floor":12.0,"turns":2.0},{"damage":11.0,"enemies":"Exordium Thugs","floor":13.0,"turns":4.0},{"damage":23.0,"enemies":"Slime Boss","floor":16.0,"turns":10.0},{"damage":13.0,"enemies":"Chosen","floor":18.0,"turns":5.0},{"damage":6.0,"enemies":"2 Thieves","floor":20.0,"turns":4.0},{"damage":7.0,"enemies":"Cultist and Chosen","floor":27.0,"turns":3.0},{"damage":21.0,"enemies":"Snake Plant","floor":28.0,"turns":3.0},{"damage":14.0,"enemies":"Shelled Parasite and Fungi","floor":30.0,"turns":4.0},{"damage":0.0,"enemies":"Slavers","floor":31.0,"turns":2.0},{"damage":82.0,"enemies":"Automaton","floor":33.0,"turns":11.0},{"damage":14.0,"enemies":"3 Darklings","floor":35.0,"turns":3.0},{"damage":5.0,"enemies":"Orb Walker","floor":37.0,"turns":3.0},{"damage":24.0,"enemies":"Nemesis","floor":41.0,"turns":7.0},{"damage":27.0,"enemies":"Reptomancer","floor":44.0,"turns":4.0},{"damage":18.0,"enemies":"Maw","floor":46.0,"turns":5.0},{"damage":11.0,"enemies":"3 Darklings","floor":48.0,"turns":3.0},{"damage":74,"enemies":"Awakened One","floor":50,"turns":6}],"seed_played":"4387400942830462951","potions_obtained":[{"floor":11.0,"key":"Weak Potion"},{"floor":12.0,"key":"Ancient Potion"},{"floor":18.0,"key":"Explosive Potion"},{"floor":28.0,"key":"Fruit Juice"},{"floor":44.0,"key":"PowerPotion"},{"floor":48.0,"key":"LiquidMemories"}],"is_trial":false,"path_per_floor":["M","M","?","?","?","R","E","R","T","M","M","M","M","?","R","B",null,"M","?","M","$","?","R","$","R","T","M","M","$","M","E","R","B",null,"M","?","M","T","$","R","E","R","T","E","?","M","?","M","R","B",null],"character_chosen":"IRONCLAD","items_purchased":["Red Skull","Inflame","Inflame","Pear","Flame Barrier","Perfected Strike","Bronze Scales","hubris:EmptyBottle","hubris:EnhanceAbility","MerchantsRug"],"campfire_rested":4,"item_purchase_floors":[0,0,0,0,0,0,21,29,29,39],"current_hp_per_floor":[45,50,43,32,32,59,24,51,51,57,60,66,61,61,88,71,85,81,81,81,81,81,81,81,81,81,83,76,76,99,108,108,32,91,83,83,87,87,87,87,76,76,76,58,58,51,51,48,96,33],"gold":304,"neow_bonus":"","is_daily":false,"chose_seed":false,"campfire_upgraded":5,"win_rate":0.0,"timestamp":1609822720,"path_taken":["M","M","?","?","?","R","E","R","T","M","M","?","?","?","R","BOSS","M","?","M","$","?","R","$","R","T","M","M","$","M","E","R","BOSS","M","?","M","?","$","R","E","R","T","E","?","?","?","M","R","BOSS"],"items_purchased_type":["Relic","Card","Card","Relic","Card","Card","Relic","Relic","Card","Relic"],"build_version":"2020-12-22","purchased_purges":1,"victory":true,"max_hp_per_floor":[90,90,90,90,90,90,90,90,90,90,90,90,90,90,90,90,90,93,93,93,93,93,93,93,93,93,96,104,104,107,110,110,110,110,110,110,113,113,113,113,120,120,120,123,123,123,123,123,123,123],"card_choices":[{"not_picked":["Thunderclap","Pummel","Havoc"],"picked":"SKIP","floor":1.0},{"not_picked":["Havoc","Sentinel","Headbutt"],"picked":"SKIP","floor":2.0},{"not_picked":["Pommel Strike","Sword Boomerang","Entrench"],"picked":"SKIP","floor":7.0},{"not_picked":["True Grit","Iron Wave","Anger"],"picked":"SKIP","floor":10.0},{"not_picked":["Twin Strike","Dual Wield","Entrench"],"picked":"SKIP","floor":11.0},{"not_picked":["Clash","Pummel","Clothesline"],"picked":"SKIP","floor":12.0},{"not_picked":["Flame Barrier","Evolve"],"picked":"Limit Break","floor":13.0},{"not_picked":["Brutality","Juggernaut"],"picked":"Feed","floor":16.0},{"not_picked":["Thunderclap","Headbutt","Clash"],"picked":"SKIP","floor":18.0},{"not_picked":["Havoc","Rupture","Thunderclap"],"picked":"SKIP","floor":20.0},{"not_picked":["Thunderclap","Entrench"],"picked":"Shockwave+1","floor":27.0},{"not_picked":["Flex","Hemokinesis"],"picked":"Thunderclap+1","floor":28.0},{"not_picked":["Ghostly Armor","Body Slam","Thunderclap"],"picked":"SKIP","floor":30.0},{"not_picked":["Shrug It Off","Perfected Strike"],"picked":"Seeing Red","floor":31.0},{"not_picked":["Immolate","hubris:StunningStrike"],"picked":"Juggernaut","floor":33.0},{"not_picked":["Headbutt"],"picked":"SKIP","floor":35.0},{"not_picked":["Burning Pact+1"],"picked":"SKIP","floor":37.0},{"not_picked":[],"picked":"Heavy Blade","floor":41.0},{"not_picked":["hubris:CleavingFinish+1"],"picked":"SKIP","floor":44.0},{"not_picked":["Battle Trance"],"picked":"SKIP","floor":46.0},{"not_picked":["Wild Strike"],"picked":"SKIP","floor":48.0}],"player_experience":3231778,"relics_obtained":[{"floor":7.0,"key":"Paper Frog"},{"floor":9.0,"key":"Mummified Hand"},{"floor":26.0,"key":"Bottled Tornado"},{"floor":31.0,"key":"Shuriken"},{"floor":38.0,"key":"Akabeko"},{"floor":41.0,"key":"Strawberry"},{"floor":43.0,"key":"Eternal Feather"},{"floor":44.0,"key":"hubris:FunFungus"}],"event_choices":[{"cards_removed":["Strike_R"],"damage_healed":0.0,"max_hp_gain":0.0,"max_hp_loss":0.0,"gold_gain":0.0,"event_name":"Golden Wing","player_choice":"Card Removal","floor":3.0,"gold_loss":0.0,"damage_taken":7.0},{"damage_healed":0.0,"max_hp_gain":0.0,"max_hp_loss":0.0,"gold_gain":75.0,"event_name":"World of Goop","player_choice":"Gather Gold","floor":4.0,"gold_loss":0.0,"damage_taken":11.0},{"damage_healed":0.0,"max_hp_gain":0.0,"max_hp_loss":0.0,"gold_gain":0.0,"event_name":"Match and Keep!","player_choice":"3 cards matched","floor":5.0,"gold_loss":0.0,"damage_taken":0.0,"cards_obtained":["Rampage","Finesse","Body Slam"]},{"cards_removed":["Strike_R"],"damage_healed":0.0,"max_hp_gain":0.0,"max_hp_loss":0.0,"gold_gain":0.0,"event_name":"Purifier","player_choice":"Purged","floor":14.0,"gold_loss":0.0,"damage_taken":0.0},{"damage_healed":0.0,"max_hp_gain":0.0,"max_hp_loss":0.0,"gold_gain":0.0,"event_name":"Ghosts","player_choice":"Ignored","floor":22.0,"gold_loss":0.0,"damage_taken":0.0},{"cards_removed":["Strike_R"],"damage_healed":0.0,"max_hp_gain":0.0,"max_hp_loss":0.0,"gold_gain":0.0,"event_name":"Falling","player_choice":"Removed Attack","floor":36.0,"gold_loss":0.0,"damage_taken":0.0},{"cards_removed":["Strike_R"],"damage_healed":0.0,"max_hp_gain":0.0,"max_hp_loss":0.0,"gold_gain":0.0,"event_name":"Purifier","player_choice":"Purged","floor":45.0,"gold_loss":0.0,"damage_taken":0.0}],"is_beta":false,"boss_relics":[{"not_picked":["Runic Cube","Astrolabe"],"picked":"hubris:ScarierMask"},{"not_picked":["Sozu","Mark of Pain"],"picked":"Busted Crown"}],"items_purged_floors":[39],"is_endless":false,"potions_floor_spawned":[11,12,13,18,28,44,48],"ascension_level":13}}