{"host":"icrrc9b69c1a6188","time":1609824762,"event":{"mods":["Act Like it!","BaseMod","Bestiary","Better Altar","Better Match","Better Note","Better Sensory Stone","Better Skull","Better Third Choice","Block Reminder","Colored Map","Colored Powertips","Curses Come First","Displayed Cursed Tome","Faster Ascension Climbing","HexUI Lib","Jorbs\u0027s Wanderer Trilogy","Minty Spire (QoL Compilation)","Quick Restart","RNG Fix","Random Character Mod","Rare Cards Sparkle","Spicy Shops","StSLib","Unceasing Turn Reminder"],"gold_per_floor":[115,149,166,241,241,241,289,289,365,401,401,422,422,439,439,518,518,542,542,542,557,581,586,586],"floor_reached":23,"playtime":2620,"items_purged":[],"score":452,"play_id":"d9c8d77d-169c-411d-8f9e-fdae78b8b886","local_time":"20210104233242","is_ascension_mode":true,"campfire_choices":[{"data":"stsjorbsmod:Banish","floor":6,"key":"SMITH"},{"floor":8,"key":"REST"},{"data":"stsjorbsmod:Prestidigitation","floor":13,"key":"SMITH"},{"data":"stsjorbsmod:ScorchingRay","floor":15,"key":"SMITH"}],"circlet_count":0,"master_deck":["AscendersBane","stsjorbsmod:ForbiddenGrimoire+1","stsjorbsmod:FreshAdventure+1","stsjorbsmod:EyeOfTheStorm+1","stsjorbsmod:ChainLightning","stsjorbsmod:Banish+1","stsjorbsmod:Withdraw","stsjorbsmod:ChatteringStrike","stsjorbsmod:MistyStep+1","stsjorbsmod:Stalwart","stsjorbsmod:Prestidigitation+1","stsjorbsmod:OldPocket+1","stsjorbsmod:Message+1","stsjorbsmod:TollTheDead","stsjorbsmod:MistyStep","stsjorbsmod:SmithingStrike","stsjorbsmod:ScorchingRay+1","stsjorbsmod:Withdraw","stsjorbsmod:Banish","stsjorbsmod:Inferno","Inflame","stsjorbsmod:TinyHut","stsjorbsmod:BurningFlask"],"relics":["Pandora\u0027s Box","PreservedInsect","Mummified Hand","Mercury Hourglass","Cursed Key"],"acts_visited":["Exordium","TheCity"],"potions_floor_usage":[12,23,23],"damage_taken":[{"damage":5,"enemies":"Cultist","floor":1,"turns":4},{"damage":0,"enemies":"2 Louse","floor":2,"turns":6},{"damage":9,"enemies":"Small Slimes","floor":3,"turns":7},{"damage":17,"enemies":"3 Sentries","floor":7,"turns":6},{"damage":0,"enemies":"Lagavulin","floor":10,"turns":5},{"damage":0,"enemies":"Looter","floor":12,"turns":4},{"damage":0,"enemies":"Exordium Thugs","floor":14,"turns":5},{"damage":9,"enemies":"Hexaghost","floor":16,"turns":7},{"damage":2,"enemies":"Shell Parasite","floor":18,"turns":6},{"damage":1,"enemies":"Spheric Guardian","floor":21,"turns":5},{"damage":11,"enemies":"Shelled Parasite and Fungi","floor":22,"turns":6},{"damage":38,"enemies":"Book of Stabbing","floor":23,"turns":3}],"seed_played":"6469495434085561111","potions_obtained":[{"floor":3,"key":"stsjorbsmod:DimensionDoorPotion"},{"floor":7,"key":"SmokeBomb"},{"floor":10,"key":"Block Potion"},{"floor":14,"key":"EntropicBrew"},{"floor":18,"key":"LiquidBronze"},{"floor":22,"key":"CultistPotion"}],"is_trial":false,"path_per_floor":["M","M","M","?","?","R","E","R","T","E","?","M","R","M","R","B",null,"M","?","?","M","M","E"],"character_chosen":"WANDERER","items_purchased":[],"campfire_rested":1,"item_purchase_floors":[],"current_hp_per_floor":[53,57,50,39,44,44,27,49,49,51,28,28,28,28,28,19,63,61,50,50,49,38,0,0],"gold":586,"neow_bonus":"BOSS_RELIC","is_daily":false,"chose_seed":false,"campfire_upgraded":3,"win_rate":0.0,"timestamp":1609824762,"path_taken":["M","M","M","?","?","R","E","R","T","E","?","M","R","M","R","BOSS","M","?","?","M","?","E"],"items_purchased_type":[],"build_version":"2020-12-22","purchased_purges":0,"victory":false,"max_hp_per_floor":[64,68,70,70,75,75,75,75,75,77,77,77,77,77,77,77,77,77,77,77,77,77,77,77],"card_choices":[{"not_picked":["stsjorbsmod:Prepare","stsjorbsmod:FindFamiliar"],"picked":"stsjorbsmod:Message","floor":1},{"not_picked":["stsjorbsmod:Aid","stsjorbsmod:TrueStrike"],"picked":"stsjorbsmod:TollTheDead","floor":2},{"not_picked":["stsjorbsmod:Channel","stsjorbsmod:BlackTentacles"],"picked":"stsjorbsmod:MistyStep","floor":3},{"not_picked":["stsjorbsmod:WeightOfMemory","stsjorbsmod:FracturedMind"],"picked":"stsjorbsmod:SmithingStrike","floor":7},{"not_picked":["stsjorbsmod:ChatteringStrike","stsjorbsmod:SmithingStrike"],"picked":"stsjorbsmod:ScorchingRay","floor":10},{"not_picked":["stsjorbsmod:Prepare","stsjorbsmod:Rest","stsjorbsmod:OldPocket"],"picked":"SKIP","floor":12},{"not_picked":["stsjorbsmod:ChainLightning","stsjorbsmod:Firebolt"],"picked":"stsjorbsmod:Withdraw","floor":14},{"not_picked":["stsjorbsmod:PurgeMind","stsjorbsmod:CorrodingBarrier"],"picked":"stsjorbsmod:Banish","floor":16},{"not_picked":["stsjorbsmod:Materialize","stsjorbsmod:Channel"],"picked":"stsjorbsmod:Inferno","floor":18},{"not_picked":["stsjorbsmod:WanderingMind+1","stsjorbsmod:Hurt"],"picked":"stsjorbsmod:TinyHut","floor":21},{"not_picked":["stsjorbsmod:FracturedMind","stsjorbsmod:UnseenServant"],"picked":"stsjorbsmod:BurningFlask","floor":22}],"player_experience":731948,"relics_obtained":[{"floor":7,"key":"PreservedInsect"},{"floor":9,"key":"Mummified Hand"},{"floor":10,"key":"Mercury Hourglass"}],"event_choices":[{"damage_healed":0,"gold_gain":75,"player_choice":"Gold","damage_taken":11,"max_hp_gain":0,"max_hp_loss":0,"event_name":"betterThird:BetterGoop","floor":4,"gold_loss":0},{"damage_healed":0,"gold_gain":0,"player_choice":"Donut","damage_taken":0,"max_hp_gain":5,"max_hp_loss":0,"event_name":"Big Fish","floor":5,"gold_loss":0},{"damage_healed":51,"gold_gain":0,"player_choice":"Upgrade","damage_taken":23,"max_hp_gain":0,"max_hp_loss":77,"event_name":"betterThird:BetterShining","floor":11,"gold_loss":0,"cards_upgraded":["stsjorbsmod:MistyStep","stsjorbsmod:Message"]},{"damage_healed":0,"gold_gain":0,"player_choice":"Damaged","damage_taken":11,"max_hp_gain":0,"max_hp_loss":0,"event_name":"Wheel of Change","floor":19,"gold_loss":0},{"cards_removed":["stsjorbsmod:Banish"],"damage_healed":0,"gold_gain":0,"player_choice":"Take \u0026 Give","damage_taken":0,"max_hp_gain":0,"max_hp_loss":0,"event_name":"betterNote:BetterNote","floor":20,"gold_loss":0,"cards_obtained":["Inflame"]}],"is_beta":false,"boss_relics":[{"not_picked":["Astrolabe","Snecko Eye"],"picked":"Cursed Key"}],"items_purged_floors":[],"is_endless":false,"potions_floor_spawned":[3,7,10,14,18,22],"killed_by":"Book of Stabbing","ascension_level":20}}