{"host":"1a3cjta80tad0aqj","time":1609847066,"event":{"mods":["2.2 Compatiblity","AchievementEnabler","BaseMod","Colored Map","DeckTracker","KOR Keyword Fix","Keyboard Shortcuts","Minty Spire (QoL Compilation)","Permanent Neow","Quick Restart","Random Character Button","StSLib","SuperFastMode","everything is the same but u backflip on backflip"],"gold_per_floor":[211,65,85,85,105,105,116,116,142,142,159,173,47,57,57,155,155,171,270,338,363,167,167,40,40,118,137,157,157,157,172,172,276,326,337,138,138,218,218,218,238,248,248,248,258,269,269,269,269,269,269],"floor_reached":50,"playtime":3597,"items_purged":["Defend_G","Regret","Strike_G","Strike_G"],"score":436,"play_id":"6e19108d-92cf-4fac-86ad-b2654d9b2959","local_time":"20210105204426","is_ascension_mode":false,"campfire_choices":[{"data":"Dagger Spray","floor":6.0,"key":"SMITH"},{"data":"Predator","floor":15.0,"key":"SMITH"},{"data":"Phantasmal Killer","floor":23.0,"key":"SMITH"},{"data":"Wraith Form v2","floor":25.0,"key":"SMITH"},{"data":"After Image","floor":30.0,"key":"SMITH"},{"floor":32.0,"key":"REST"},{"data":"Glass Knife","floor":40.0,"key":"SMITH"},{"floor":44.0,"key":"REST"},{"data":"Survivor","floor":49,"key":"SMITH"}],"circlet_count":0,"master_deck":["Strike_G","Strike_G","Strike_G","Defend_G","Survivor+1","Neutralize","Predator+1","Underhanded Strike+1","Dagger Throw","Flying Knee","Dagger Spray+1","Terror+1","Wraith Form v2+1","Slice","Quick Slash","Phantasmal Killer+1","Calculated Gamble+1","Cloak And Dagger+1","Finisher+1","Footwork","Backstab","Backstab","PiercingWail","After Image+1","Necronomicurse","Glass Knife+1","Backflip+1","Dagger Spray+1","Prepared+1"],"relics":["Ring of the Snake","Tiny Chest","Bag of Preparation","Astrolabe","HornCleat","Red Mask","Paper Crane","Necronomicon","Tiny House","Question Card","Gremlin Horn"],"acts_visited":["Exordium","TheCity","TheBeyond"],"potions_floor_usage":[47,48,50],"damage_taken":[{"damage":1.0,"enemies":"Cultist","floor":1.0,"turns":5.0},{"damage":0.0,"enemies":"2 Louse","floor":3.0,"turns":2.0},{"damage":5.0,"enemies":"Small Slimes","floor":5.0,"turns":3.0},{"damage":6.0,"enemies":"3 Louse","floor":7.0,"turns":2.0},{"damage":0.0,"enemies":"Large Slime","floor":11.0,"turns":3.0},{"damage":4.0,"enemies":"Exordium Wildlife","floor":12.0,"turns":5.0},{"damage":3.0,"enemies":"Red Slaver","floor":14.0,"turns":2.0},{"damage":19.0,"enemies":"Hexaghost","floor":16.0,"turns":6.0},{"damage":2.0,"enemies":"Spheric Guardian","floor":18.0,"turns":3.0},{"damage":0.0,"enemies":"Masked Bandits","floor":21.0,"turns":2.0},{"damage":0.0,"enemies":"3 Byrds","floor":27.0,"turns":2.0},{"damage":0.0,"enemies":"Sentry and Sphere","floor":28.0,"turns":3.0},{"damage":0.0,"enemies":"Cultist and Chosen","floor":31.0,"turns":3.0},{"damage":40.0,"enemies":"Automaton","floor":33.0,"turns":6.0},{"damage":1.0,"enemies":"Orb Walker","floor":35.0,"turns":3.0},{"damage":9.0,"enemies":"3 Shapes","floor":41.0,"turns":4.0},{"damage":8.0,"enemies":"Sphere and 2 Shapes","floor":42.0,"turns":4.0},{"damage":2.0,"enemies":"4 Shapes","floor":45.0,"turns":4.0},{"damage":0,"enemies":"Maw","floor":46,"turns":4},{"damage":0,"enemies":"Transient","floor":47,"turns":1},{"damage":0,"enemies":"Jaw Worm Horde","floor":48,"turns":1},{"damage":81,"enemies":"Time Eater","floor":50,"turns":11}],"seed_played":"-346624116644233309","potions_obtained":[{"floor":1.0,"key":"LiquidBronze"},{"floor":5.0,"key":"Swift Potion"},{"floor":7.0,"key":"SmokeBomb"},{"floor":18.0,"key":"Ancient Potion"},{"floor":28.0,"key":"LiquidMemories"},{"floor":34.0,"key":"SteroidPotion"},{"floor":42.0,"key":"SmokeBomb"}],"is_trial":false,"path_per_floor":["M","$","M","?","M","R","M","?","T","?","M","M","$","M","R","B",null,"M","?","T","?","$","R","$","R","T","M","M","?","R","M","R","B",null,"M","$","?","T","?","R","M","M","T","R","M","M","M","M","R","B"],"character_chosen":"THE_SILENT","items_purchased":["Underhanded Strike","Dagger Throw","Slice","Backstab","Backstab","SteroidPotion","SteroidPotion"],"campfire_rested":2,"item_purchase_floors":[2,2,13,22,24,24,36],"current_hp_per_floor":[69,69,69,69,64,64,58,58,58,58,58,54,54,51,51,32,70,68,68,68,68,68,68,68,68,68,68,68,52,52,52,70,30,75,74,74,74,74,71,71,62,54,54,71,69,69,69,69,69,0,0],"gold":269,"neow_bonus":"HUNDRED_GOLD","is_daily":false,"chose_seed":false,"campfire_upgraded":7,"win_rate":0.0,"timestamp":1609847066,"path_taken":["M","$","M","?","M","R","M","?","T","?","M","M","$","M","R","BOSS","M","?","?","?","$","R","$","R","T","M","M","?","R","M","R","BOSS","M","$","?","?","?","R","M","M","T","R","M","M","M","M","R","BOSS"],"items_purchased_type":["Card","Card","Card","Card","Card","Potion","Potion"],"build_version":"2020-12-22","purchased_purges":4,"victory":false,"max_hp_per_floor":[70,70,70,70,70,70,70,70,70,70,70,70,70,70,70,70,70,70,70,70,70,70,70,70,70,70,70,70,70,70,70,70,70,75,75,75,75,75,71,71,71,71,71,71,71,71,71,71,71,71,71],"card_choices":[{"not_picked":["Eviscerate","Reflex"],"picked":"Predator","floor":1.0},{"not_picked":["Leg Sweep","Deadly Poison"],"picked":"Flying Knee","floor":3.0},{"not_picked":["Crippling Poison","Slice"],"picked":"Dagger Spray","floor":5.0},{"not_picked":["Deflect","Quick Slash"],"picked":"Terror","floor":7.0},{"not_picked":["Dagger Throw","Infinite Blades"],"picked":"Wraith Form v2","floor":11.0},{"not_picked":["Well Laid Plans","Acrobatics","Sucker Punch"],"picked":"SKIP","floor":12.0},{"not_picked":["Heel Hook","Masterful Stab"],"picked":"Quick Slash","floor":14.0},{"not_picked":["Unload","Die Die Die"],"picked":"Phantasmal Killer","floor":16.0},{"not_picked":["Bane","Distraction","Dagger Throw"],"picked":"SKIP","floor":18.0},{"not_picked":["Riddle With Holes+1","Bane"],"picked":"Footwork","floor":21.0},{"not_picked":["Bane+1","Blade Dance"],"picked":"PiercingWail","floor":27.0},{"not_picked":["Deflect","Blade Dance"],"picked":"After Image","floor":28.0},{"not_picked":["Heel Hook+1","PiercingWail","Outmaneuver+1"],"picked":"SKIP","floor":31.0},{"not_picked":["Corpse Explosion","Storm of Steel"],"picked":"Glass Knife","floor":33.0},{"not_picked":["Well Laid Plans","Acrobatics"],"picked":"Backflip+1","floor":34.0},{"not_picked":["Skewer","Dagger Throw"],"picked":"Dagger Spray+1","floor":35.0},{"not_picked":["Quick Slash+1","Sucker Punch","Outmaneuver+1","Eviscerate"],"picked":"SKIP","floor":41.0},{"not_picked":["Accuracy","Endless Agony+1","Crippling Poison","Noxious Fumes+1"],"picked":"SKIP","floor":42.0},{"not_picked":["Quick Slash+1","Accuracy","Endless Agony+1","Poisoned Stab+1"],"picked":"SKIP","floor":45.0},{"not_picked":["Sucker Punch","Die Die Die","Skewer"],"picked":"Prepared+1","floor":46}],"player_experience":133729,"relics_obtained":[{"floor":9.0,"key":"Bag of Preparation"},{"floor":20.0,"key":"HornCleat"},{"floor":21.0,"key":"Red Mask"},{"floor":26.0,"key":"Paper Crane"},{"floor":29.0,"key":"Necronomicon"},{"floor":38.0,"key":"Question Card"},{"floor":43.0,"key":"Gremlin Horn"}],"event_choices":[{"damage_healed":0.0,"max_hp_gain":0.0,"max_hp_loss":0.0,"gold_gain":0.0,"event_name":"Big Fish","player_choice":"Box","floor":4.0,"gold_loss":0.0,"damage_taken":0.0,"relics_obtained":["Tiny Chest"],"cards_obtained":["Regret"]},{"damage_healed":0.0,"max_hp_gain":0.0,"max_hp_loss":0.0,"gold_gain":0.0,"event_name":"Living Wall","player_choice":"Grow","floor":8.0,"gold_loss":0.0,"damage_taken":0.0,"cards_upgraded":["Terror"]},{"damage_healed":0.0,"max_hp_gain":0.0,"max_hp_loss":0.0,"gold_gain":0.0,"event_name":"Liars Game","player_choice":"Ignored","floor":10.0,"gold_loss":0.0,"damage_taken":0.0},{"damage_healed":0.0,"max_hp_gain":0.0,"max_hp_loss":0.0,"gold_gain":99.0,"event_name":"Nest","player_choice":"Stole From Cult","floor":19.0,"gold_loss":0.0,"damage_taken":0.0},{"damage_healed":0.0,"max_hp_gain":0.0,"max_hp_loss":0.0,"gold_gain":0.0,"event_name":"Masked Bandits","player_choice":"Fought Bandits","floor":21.0,"gold_loss":0.0,"damage_taken":0.0},{"damage_healed":0.0,"max_hp_gain":0.0,"max_hp_loss":0.0,"gold_gain":0.0,"event_name":"Cursed Tome","player_choice":"Obtained Book","floor":29.0,"gold_loss":0.0,"damage_taken":16.0},{"damage_healed":0.0,"max_hp_gain":0.0,"max_hp_loss":0.0,"gold_gain":0.0,"event_name":"NoteForYourself","player_choice":"Ignored","floor":37.0,"gold_loss":0.0,"damage_taken":0.0},{"damage_healed":0.0,"max_hp_gain":0.0,"max_hp_loss":4.0,"gold_gain":0.0,"event_name":"Winding Halls","player_choice":"Max HP","floor":39.0,"gold_loss":0.0,"damage_taken":0.0}],"is_beta":false,"boss_relics":[{"not_picked":["Snecko Eye","Ectoplasm"],"picked":"Astrolabe"},{"not_picked":["WristBlade","Runic Dome"],"picked":"Tiny House"}],"items_purged_floors":[2,13,22,36],"is_endless":false,"potions_floor_spawned":[1,5,7,18,28,41,42,47],"killed_by":"Time Eater","ascension_level":0}}