{"host":"p7j7o00jacnw7qzt","time":1609812397,"event":{"mods":["BaseMod","Colored Map","Colored Powertips","DeckTracker","Highlight Path","Minty Spire (QoL Compilation)","Relic Stats"],"gold_per_floor":[118,133,208,81,81,81,81,108,186,186,202,235,253,279,279,355,355,366,366,380,380,123,123,140,171,198,35,55,55,81,99,99,99,149,164,164,164,179,179,179,214,227,254,269,299,299,332,15,15,15,15,15,15,4,36,36],"floor_reached":57,"playtime":2904,"items_purged":["Strike_R","Strike_R","Defend_R"],"score":3167,"play_id":"e8e0f691-dacc-4db5-ab59-94c1be2e4355","local_time":"20210104210637","is_ascension_mode":true,"campfire_choices":[{"data":"Sword Boomerang","floor":6.0,"key":"SMITH"},{"floor":10.0,"key":"REST"},{"data":"Rupture","floor":15.0,"key":"SMITH"},{"data":"Burning Pact","floor":23.0,"key":"SMITH"},{"data":"Battle Trance","floor":29.0,"key":"SMITH"},{"data":"Pommel Strike","floor":32.0,"key":"SMITH"},{"data":"Offering","floor":40.0,"key":"SMITH"},{"floor":46.0,"key":"RECALL"},{"data":"Bloodletting","floor":49.0,"key":"SMITH"},{"data":"Rupture","floor":53,"key":"SMITH"}],"circlet_count":0,"master_deck":["AscendersBane","Defend_R","Defend_R+1","Bash","Inflame+1","Rupture+1","Sword Boomerang+1","Inflame","Bloodletting+1","Burning Pact+1","Offering+1","Ghostly+1","Ghostly","Ghostly","Feel No Pain+1","Battle Trance+1","Shrug It Off+1","Pommel Strike+1","Dual Wield+1","Rupture+1","Warcry"],"relics":["Burning Blood","Art of War","White Beast Statue","Incense Burner","Pocketwatch","SacredBark","Potion Belt","Membership Card","Tiny Chest","Tiny House","The Courier","Akabeko","Pen Nib","Thread and Needle","Du-Vu Doll","Ice Cream","Pear","Eternal Feather"],"acts_visited":["Exordium","TheCity","TheBeyond","TheEnding"],"potions_floor_usage":[56,56,56,56],"damage_taken":[{"damage":6.0,"enemies":"Cultist","floor":1.0,"turns":4.0},{"damage":9.0,"enemies":"Jaw Worm","floor":2.0,"turns":5.0},{"damage":22.0,"enemies":"3 Sentries","floor":8.0,"turns":10.0},{"damage":2.0,"enemies":"Small Slimes","floor":11.0,"turns":3.0},{"damage":9.0,"enemies":"Lagavulin","floor":12.0,"turns":6.0},{"damage":7.0,"enemies":"Red Slaver","floor":13.0,"turns":3.0},{"damage":7.0,"enemies":"3 Sentries","floor":14.0,"turns":13.0},{"damage":19.0,"enemies":"The Guardian","floor":16.0,"turns":6.0},{"damage":15.0,"enemies":"2 Thieves","floor":18.0,"turns":4.0},{"damage":5.0,"enemies":"Shell Parasite","floor":20.0,"turns":3.0},{"damage":3.0,"enemies":"Snecko","floor":24.0,"turns":3.0},{"damage":4.0,"enemies":"Gremlin Leader","floor":25.0,"turns":3.0},{"damage":2.0,"enemies":"Snake Plant","floor":28.0,"turns":3.0},{"damage":11.0,"enemies":"Slavers","floor":30.0,"turns":5.0},{"damage":4.0,"enemies":"3 Cultists","floor":31.0,"turns":3.0},{"damage":10.0,"enemies":"Collector","floor":33.0,"turns":4.0},{"damage":4.0,"enemies":"3 Darklings","floor":35.0,"turns":3.0},{"damage":3.0,"enemies":"Orb Walker","floor":38.0,"turns":3.0},{"damage":8.0,"enemies":"Nemesis","floor":41.0,"turns":3.0},{"damage":6.0,"enemies":"Maw","floor":42.0,"turns":2.0},{"damage":6.0,"enemies":"Spire Growth","floor":44.0,"turns":3.0},{"damage":8.0,"enemies":"Giant Head","floor":45.0,"turns":3.0},{"damage":5.0,"enemies":"Nemesis","floor":47.0,"turns":5.0},{"damage":22,"enemies":"Time Eater","floor":50,"turns":3},{"damage":15,"enemies":"Donu and Deca","floor":51,"turns":5},{"damage":10,"enemies":"Shield and Spear","floor":55,"turns":5},{"damage":29,"enemies":"The Heart","floor":56,"turns":5}],"seed_played":"-1302774756380974658","potions_obtained":[{"floor":1.0,"key":"SkillPotion"},{"floor":11.0,"key":"SteroidPotion"},{"floor":12.0,"key":"Weak Potion"},{"floor":13.0,"key":"PowerPotion"},{"floor":14.0,"key":"Energy Potion"},{"floor":16.0,"key":"Weak Potion"},{"floor":20.0,"key":"EssenceOfSteel"},{"floor":24.0,"key":"LiquidMemories"},{"floor":25.0,"key":"Fire Potion"},{"floor":28.0,"key":"SkillPotion"},{"floor":30.0,"key":"BloodPotion"},{"floor":31.0,"key":"BlessingOfTheForge"},{"floor":34.0,"key":"DistilledChaos"},{"floor":41.0,"key":"DistilledChaos"},{"floor":45.0,"key":"DuplicationPotion"}],"is_trial":false,"path_per_floor":["M","M","?","$","?","R","?","E","T","R","M","E","M","E","R","B",null,"M","?","M","?","$","R","M","E","T","$","M","R","E","M","R","B",null,"M","?","?","M","T","R","E","M","T","M","E","R","E","$","R","B","B",null,"R","$","E","B",null],"character_chosen":"IRONCLAD","items_purchased":["Sword Boomerang","Potion Belt","Membership Card","Ice Cream","Pear","Rupture","Warcry"],"campfire_rested":1,"item_purchase_floors":[4,22,27,48,48,48,54],"current_hp_per_floor":[68,65,54,54,34,34,34,18,18,38,42,39,38,37,37,24,57,48,34,34,32,32,32,34,34,34,34,34,34,29,31,31,27,37,39,39,39,39,39,39,37,37,37,37,35,35,36,46,46,30,21,42,42,42,38,34],"gold":36,"neow_bonus":"REMOVE_TWO","is_daily":false,"chose_seed":false,"campfire_upgraded":8,"win_rate":0.0,"timestamp":1609812397,"path_taken":["M","M","?","$","?","R","?","E","T","R","?","E","M","E","R","BOSS","M","?","M","?","$","R","M","E","T","$","?","R","E","M","R","BOSS","M","?","?","?","?","R","E","M","T","M","E","R","E","?","R","BOSS","BOSS","R","$","E","BOSS"],"items_purchased_type":["Card","Relic","Relic","Relic","Relic","Card","Card"],"build_version":"2020-12-22","purchased_purges":3,"victory":true,"max_hp_per_floor":[68,68,68,68,68,68,68,68,68,68,68,68,68,68,68,68,68,68,34,34,34,34,34,34,34,34,34,34,34,34,34,34,34,39,39,39,39,39,39,39,39,39,39,39,39,39,39,49,49,49,49,49,49,49,49,49],"relic_stats":{"counters":[27,118],"Tiny Chest":1,"Eternal Feather":0,"Pen Nib":[5],"Art of War":[27],"obtain_stats":[{"Potion Belt":22,"Ice Cream":48,"Tiny House":34,"Pear":48,"SacredBark":17,"Thread and Needle":45,"Eternal Feather":55,"The Courier":39,"Pen Nib":43,"Incense Burner":12,"Burning Blood":0,"White Beast Statue":9,"Akabeko":41,"Du-Vu Doll":47,"Tiny Chest":30,"Art of War":8,"Membership Card":27,"Pocketwatch":14},{"Potion Belt":10,"Ice Cream":23,"Tiny House":16,"Pear":23,"SacredBark":8,"Thread and Needle":22,"Eternal Feather":26,"The Courier":18,"Pen Nib":20,"Incense Burner":5,"Burning Blood":0,"White Beast Statue":3,"Akabeko":19,"Du-Vu Doll":23,"Tiny Chest":14,"Art of War":3,"Membership Card":12,"Pocketwatch":7},{"Potion Belt":57,"Ice Cream":100,"Tiny House":78,"Pear":100,"SacredBark":50,"Thread and Needle":95,"Eternal Feather":113,"The Courier":84,"Pen Nib":89,"Incense Burner":28,"Burning Blood":0,"White Beast Statue":19,"Akabeko":87,"Du-Vu Doll":100,"Tiny Chest":71,"Art of War":19,"Membership Card":63,"Pocketwatch":44}],"Burning Blood":151,"Pocketwatch":[44]},"card_choices":[{"not_picked":["Dropkick","Pummel"],"picked":"Inflame","floor":1.0},{"not_picked":["Shrug It Off","Warcry"],"picked":"Rupture","floor":2.0},{"not_picked":["Infernal Blade","Iron Wave"],"picked":"Inflame","floor":8.0},{"not_picked":["Heavy Blade","Armaments","Pummel"],"picked":"SKIP","floor":11.0},{"not_picked":["Shrug It Off","Armaments"],"picked":"Bloodletting","floor":12.0},{"not_picked":["Havoc","Cleave","Flame Barrier"],"picked":"SKIP","floor":13.0},{"not_picked":["Sword Boomerang","Pommel Strike"],"picked":"Burning Pact","floor":14.0},{"not_picked":["Bludgeon","Brutality"],"picked":"Offering","floor":16.0},{"not_picked":["Carnage","True Grit","Clash"],"picked":"SKIP","floor":18.0},{"not_picked":["Clothesline","Spot Weakness"],"picked":"Feel No Pain+1","floor":20.0},{"not_picked":["Flame Barrier","Clash"],"picked":"Battle Trance","floor":24.0},{"not_picked":["Ghostly Armor","Juggernaut","Spot Weakness"],"picked":"SKIP","floor":25.0},{"not_picked":["Sword Boomerang","Pommel Strike"],"picked":"Shrug It Off+1","floor":28.0},{"not_picked":["Clothesline","Sword Boomerang"],"picked":"Pommel Strike","floor":30.0},{"not_picked":["Entrench","Blood for Blood","Havoc"],"picked":"SKIP","floor":31.0},{"not_picked":["Havoc","Dropkick","Headbutt"],"picked":"SKIP","floor":35.0},{"not_picked":["Warcry","Cleave","Iron Wave+1"],"picked":"SKIP","floor":38.0},{"not_picked":["Rampage+1","Pummel","Spot Weakness+1"],"picked":"SKIP","floor":41.0},{"not_picked":["Perfected Strike","Clash","Anger"],"picked":"SKIP","floor":42.0},{"not_picked":["Flame Barrier","Whirlwind+1","Twin Strike+1"],"picked":"SKIP","floor":44.0},{"not_picked":["Dark Embrace","Havoc"],"picked":"Dual Wield+1","floor":45.0},{"not_picked":["Spot Weakness","Juggernaut","Heavy Blade"],"picked":"SKIP","floor":47.0},{"not_picked":["Body Slam","Twin Strike","Barricade"],"picked":"SKIP","floor":55}],"player_experience":1008082,"relics_obtained":[{"floor":8.0,"key":"Art of War"},{"floor":9.0,"key":"White Beast Statue"},{"floor":12.0,"key":"Incense Burner"},{"floor":14.0,"key":"Pocketwatch"},{"floor":30.0,"key":"Tiny Chest"},{"floor":39.0,"key":"The Courier"},{"floor":41.0,"key":"Akabeko"},{"floor":43.0,"key":"Pen Nib"},{"floor":45.0,"key":"Thread and Needle"},{"floor":47.0,"key":"Du-Vu Doll"},{"floor":55,"key":"Eternal Feather"}],"event_choices":[{"damage_healed":0.0,"max_hp_gain":0.0,"max_hp_loss":0.0,"gold_gain":75.0,"event_name":"World of Goop","player_choice":"Gather Gold","floor":3.0,"gold_loss":0.0,"damage_taken":11.0},{"damage_healed":0.0,"max_hp_gain":0.0,"max_hp_loss":0.0,"gold_gain":0.0,"event_name":"Shining Light","player_choice":"Entered Light","floor":5.0,"gold_loss":0.0,"damage_taken":20.0,"cards_upgraded":["Inflame","Defend_R"]},{"cards_removed":["Strike_R"],"damage_healed":0.0,"max_hp_gain":0.0,"max_hp_loss":0.0,"gold_gain":0.0,"event_name":"Bonfire Elementals","player_choice":"Offered Basic","floor":7.0,"gold_loss":0.0,"damage_taken":0.0},{"damage_healed":0.0,"max_hp_gain":0.0,"max_hp_loss":34.0,"gold_gain":0.0,"event_name":"Ghosts","player_choice":"Became a Ghost","floor":19.0,"gold_loss":0.0,"damage_taken":0.0,"cards_obtained":["Ghostly","Ghostly","Ghostly"]},{"damage_healed":0.0,"max_hp_gain":0.0,"max_hp_loss":0.0,"gold_gain":0.0,"event_name":"The Woman in Blue","player_choice":"Bought 0 Potions","floor":21.0,"gold_loss":0.0,"damage_taken":0.0},{"damage_healed":0.0,"max_hp_gain":0.0,"max_hp_loss":0.0,"gold_gain":0.0,"event_name":"Tomb of Lord Red Mask","player_choice":"Ignored","floor":36.0,"gold_loss":0.0,"damage_taken":0.0},{"cards_removed":["Defend_R"],"damage_healed":0.0,"max_hp_gain":0.0,"max_hp_loss":0.0,"gold_gain":0.0,"event_name":"Purifier","player_choice":"Purged","floor":37.0,"gold_loss":0.0,"damage_taken":0.0}],"is_beta":false,"boss_relics":[{"not_picked":["Runic Dome","Sozu"],"picked":"SacredBark"},{"not_picked":["SlaversCollar","Astrolabe"],"picked":"Tiny House"}],"items_purged_floors":[4,22,48],"is_endless":false,"potions_floor_spawned":[1,11,12,13,14,16,18,20,24,25,28,30,31,33,35,38,41,42,44,45,47,55],"ascension_level":20}}