{"host":"0qlrtuw7bw78ucw4","time":1609836196,"event":{"mods":["BaseMod","Downfall","Minty Spire (QoL Compilation)","StSLib"],"gold_per_floor":[0,19,469,479,341,356,356,456,456,456,456],"floor_reached":9,"playtime":561,"items_purged":["Slimebound:Icky"],"score":56,"play_id":"c31e03c5-da7f-4d84-9649-d223831b34a8","local_time":"20210105194316","is_ascension_mode":true,"campfire_choices":[{"data":"expansioncontent:StudyTheSpire","floor":1,"key":"SMITH"}],"circlet_count":0,"master_deck":["champ:Strike","champ:Strike","champ:Strike","champ:Strike","champ:Defend","champ:Defend","champ:Defend","champ:Defend","champ:Execute","champ:Taunt","expansioncontent:StudyTheSpire+1","champ:SkillfulDodge","Slimebound:Icky","Slimebound:Icky","champ:GutPunch","champ:TornadoPunch","champ:Shatter","champ:DefensiveStyle"],"relics":["champ:ChampionCrown","downfall:CloakOfManyFaces","CultistMask","FaceOfCleric","NlothsMask","GremlinMask","SsserpentHead"],"acts_visited":["Exordium"],"potions_floor_usage":[8],"damage_taken":[{"damage":11,"enemies":"Small Slimes","floor":2,"turns":6},{"damage":4,"enemies":"2 Louse","floor":4,"turns":3},{"damage":20,"enemies":"downfall:FleeingMerchant","floor":5,"turns":4},{"damage":9,"enemies":"Cultist","floor":6,"turns":4},{"damage":34,"enemies":"downfall:FaceTrader","floor":8,"turns":5},{"damage":54,"enemies":"Gremlin Nob","floor":9,"turns":4}],"seed_played":"3235212759463500209","potions_obtained":[{"floor":2,"key":"Regen Potion"}],"is_trial":false,"path_per_floor":["R","M","?","M","$","M","T","?","E"],"character_chosen":"THE_CHAMP","items_purchased":["champ:TornadoPunch"],"campfire_rested":0,"item_purchase_floors":[5],"current_hp_per_floor":[90,79,79,75,65,61,61,44,0,0,0],"gold":456,"neow_bonus":"RANDOM_COLORLESS_2","is_daily":false,"chose_seed":false,"campfire_upgraded":1,"win_rate":0.0,"timestamp":1609836196,"path_taken":["R","M","?","M","$","M","T","?","E"],"items_purchased_type":["Card"],"build_version":"2020-12-22","purchased_purges":1,"victory":false,"max_hp_per_floor":[90,90,90,90,90,90,90,90,90,90,90],"card_choices":[{"not_picked":["expansioncontent:Corrupt","expansioncontent:DashGenerateEvil"],"picked":"expansioncontent:StudyTheSpire","floor":0},{"not_picked":["champ:CrookedStrike","champ:BringItOn"],"picked":"champ:SkillfulDodge","floor":2},{"not_picked":["champ:RapidStrikes","champ:BladeFlurry"],"picked":"champ:GutPunch","floor":4},{"not_picked":["champ:Aggression","champ:PerfectedStrike","champ:Haymaker"],"picked":"SKIP","floor":5},{"not_picked":["champ:CrookedStrike","champ:Circumvent"],"picked":"champ:Shatter","floor":6},{"not_picked":["champ:CalledShot","champ:RageSigil"],"picked":"champ:DefensiveStyle","floor":8}],"player_experience":786126,"relics_obtained":[{"floor":8,"key":"downfall:CloakOfManyFaces"}],"event_choices":[],"is_beta":false,"boss_relics":[],"items_purged_floors":[5],"is_endless":false,"potions_floor_spawned":[2],"killed_by":"Gremlin Nob","ascension_level":2}}