{"host":"w36evy4uyf1bcavi","time":1609872720,"event":{"mods":["Act Like it!","Aspiration","BaseMod","Conspire","Hallownest","Jedi Mod","Minty Spire (QoL Compilation)","Replay The Spire","Spicy Shops","StSLib","The Dragon Tamer","The Hierophant","The Marked"],"gold_per_floor":[119,134,170,170,187,187,220,285,309,20,34,63,80,98,98,202,202,220,235,334,55,71,71,84,110,410,442,462,478,495,546,546,648,648,659,709,709,709,709,709],"floor_reached":38,"playtime":4665,"items_purged":[],"score":603,"play_id":"c3ae5872-4b9a-49b1-aad9-111be5a0ad26","local_time":"20210106025200","is_ascension_mode":false,"metric_token":855,"campfire_choices":[{"data":"DTMod:SwitchingTactic","floor":6.0,"key":"SMITH"},{"floor":15.0,"key":"REST"},{"floor":23,"key":"REST"},{"floor":32,"key":"REST"}],"dtmod_dragon_data":[0,50,1,3,12,11],"circlet_count":0,"master_deck":["DTMod:Strike","DTMod:Strike","DTMod:Strike","DTMod:Strike","DTMod:DoubleHit","DTMod:TargetDefense","DTMod:TargetDefense","DTMod:TargetDefense","DTMod:TargetDefense","DTMod:SwitchingTactic+1","DTMod:Shift","DTMod:BalancedStrike","DTMod:FlameSlash","DTMod:Shift","Pain","DTMod:CleansingStrike","DTMod:Coolant","DTMod:ShadowImage","DTMod:BurningEnergy","DTMod:ComboAttack","DTMod:BurningEnergy","DTMod:Dissolve","DTMod:Multitask","DTMod:CleansingStrike","DTMod:Dissolve","DTMod:HeatWave+1","DTMod:BlazingStrike","DTMod:InvisibleFlame+1","DTMod:OpeningTactic+1","DTMod:TauntingStrike+1","DTMod:Punisher+1","DTMod:Prediction","DTMod:CleansingStrike+1","DTMod:Safeguard","DTMod:CleansingStrike+1","DTMod:Training+1","Jack Of All Trades"],"relics":["DTMod:PactStone","Regal Pillow","WarpedTongs","Bottled Flame","Vajra","Potion Belt","Counterbalance","Incense Burner","Fusion Hammer","Pear","Molten Egg 2","Old Coin","Akabeko","ReplayTheSpireMod:TigerMarble","Replay:Bronze Core","jedi:gremlinknob"],"acts_visited":["Exordium","TheCity","TheBeyond"],"potions_floor_usage":[18,25,25,25,27],"damage_taken":[{"damage":0.0,"enemies":"Small Slimes","floor":1.0,"turns":3.0},{"damage":0.0,"enemies":"2 Louse","floor":2.0,"turns":3.0},{"damage":0.0,"enemies":"conspire:MimicChest","floor":3.0,"turns":7.0},{"damage":0.0,"enemies":"Cultist","floor":5.0,"turns":4.0},{"damage":0.0,"enemies":"3 Sentries","floor":7.0,"turns":6.0},{"damage":0.0,"enemies":"Gremlin Nob","floor":8.0,"turns":4.0},{"damage":0.0,"enemies":"Looter","floor":11.0,"turns":3.0},{"damage":15.0,"enemies":"Gremlin Nob","floor":12.0,"turns":4.0},{"damage":4.0,"enemies":"3 Louse","floor":13.0,"turns":3.0},{"damage":0.0,"enemies":"Exordium Wildlife","floor":14.0,"turns":3.0},{"damage":9.0,"enemies":"Hexaghost","floor":16.0,"turns":11.0},{"damage":0,"enemies":"Chosen","floor":18,"turns":6},{"damage":0,"enemies":"Shell Parasite","floor":19,"turns":6},{"damage":17,"enemies":"Shelled Parasite and Fungi","floor":22,"turns":8},{"damage":1,"enemies":"Cultist and Chosen","floor":24,"turns":6},{"damage":0,"enemies":"Slavers","floor":25,"turns":2},{"damage":26,"enemies":"Book of Stabbing","floor":27,"turns":6},{"damage":0,"enemies":"Chosen and Byrds","floor":28,"turns":6},{"damage":21,"enemies":"conspire:HollyBat","floor":29,"turns":8},{"damage":1,"enemies":"Centurion and Healer","floor":30,"turns":6},{"damage":0,"enemies":"Champ","floor":33,"turns":12},{"damage":0,"enemies":"Orb Walker","floor":35,"turns":5},{"damage":0,"enemies":"Mind Bloom Boss Battle","floor":36,"turns":9},{"damage":56,"enemies":"3 Darklings","floor":38,"turns":8}],"seed_played":"6649162339620439242","potions_obtained":[{"floor":1.0,"key":"PowerPotion"},{"floor":3.0,"key":"SkillPotion"},{"floor":5.0,"key":"Elixir"},{"floor":11.0,"key":"Milkshake"},{"floor":12.0,"key":"SteroidPotion"},{"floor":13.0,"key":"AttackPotion"},{"floor":24,"key":"Fire Potion"},{"floor":25,"key":"jedi:tentaclejuice"},{"floor":27,"key":"Adrenaline Potion"},{"floor":29,"key":"Dexterity Potion"},{"floor":33,"key":"SteroidPotion"},{"floor":35,"key":"Fire Potion"},{"floor":36,"key":"LifebloodPotion"}],"is_trial":false,"path_per_floor":["M","M","?","?","M","R","E","?","T","$","M","E","M","M","R","B",null,"M","M","?","$","M","R","M","E","T","E","M","M","M","T","R","B",null,"M","?","?","M"],"character_chosen":"THE_DT","items_purchased":["Counterbalance","DTMod:HeatWave+1","Pear"],"campfire_rested":3,"item_purchase_floors":[10,21,21],"current_hp_per_floor":[45,45,45,45,45,45,45,45,45,45,45,30,26,26,45,36,45,45,45,45,55,38,55,54,54,54,28,28,7,6,6,37,37,55,55,55,55,0,0,0],"gold":709,"neow_bonus":"THREE_CARDS","is_daily":false,"chose_seed":false,"campfire_upgraded":1,"win_rate":0.0,"timestamp":1609872720,"path_taken":["M","M","?","?","?","R","E","?","T","$","M","E","M","M","R","BOSS","BOSS","M","M","?","?","?","R","M","E","T","E","M","M","?","?","R","BOSS","M","?","?","M"],"items_purchased_type":["Relic","Card","Relic"],"build_version":"2020-12-22","purchased_purges":0,"victory":false,"max_hp_per_floor":[45,45,45,45,45,45,45,45,45,45,45,45,45,45,45,45,45,45,45,45,55,55,55,55,55,55,55,55,55,55,55,55,55,55,55,55,55,55,55,55],"card_choices":[{"not_picked":["DTMod:Punisher","DTMod:Overwhelm"],"picked":"DTMod:Shift","floor":0.0},{"not_picked":["DTMod:Feint","DTMod:Punisher"],"picked":"DTMod:BalancedStrike","floor":1.0},{"not_picked":["DTMod:Overwhelm","DTMod:Weaken"],"picked":"DTMod:FlameSlash","floor":2.0},{"not_picked":["DTMod:DarkBreath","DTMod:MasterPlan"],"picked":"DTMod:Shift","floor":3.0},{"not_picked":["DTMod:BreakAttack","DTMod:Feint"],"picked":"DTMod:CleansingStrike","floor":5.0},{"not_picked":["DTMod:BuildUp","DTMod:BizarreTactic"],"picked":"DTMod:Coolant","floor":7.0},{"not_picked":["DTMod:DeepFocus","DTMod:Cover"],"picked":"DTMod:ShadowImage","floor":8.0},{"not_picked":["DTMod:InvisibleFlame","DTMod:Conduct"],"picked":"DTMod:BurningEnergy","floor":11.0},{"not_picked":["DTMod:ForkedFire","DTMod:FlameSlash"],"picked":"DTMod:ComboAttack","floor":12.0},{"not_picked":["DTMod:DeepFocus","DTMod:MagicField"],"picked":"DTMod:BurningEnergy","floor":13.0},{"not_picked":["DTMod:BurningEnergy","DTMod:BuildUp"],"picked":"DTMod:Dissolve","floor":14.0},{"not_picked":["DTMod:EchoTactic","DTMod:Safeguard"],"picked":"DTMod:Multitask","floor":16},{"not_picked":["DTMod:BurningEnergy","DTMod:Hide+1"],"picked":"DTMod:CleansingStrike","floor":18},{"not_picked":["DTMod:FlameSlash","DTMod:CrossStep"],"picked":"DTMod:Dissolve","floor":19},{"not_picked":["DTMod:RunningTactic","DTMod:CrossStep"],"picked":"DTMod:BlazingStrike","floor":22},{"not_picked":["DTMod:Coolant+1","DTMod:ComboAttack"],"picked":"DTMod:InvisibleFlame+1","floor":24},{"not_picked":["DTMod:BurningEnergy","DTMod:Observe+1"],"picked":"DTMod:OpeningTactic+1","floor":25},{"not_picked":["DTMod:BuildUp+1","DTMod:Observe"],"picked":"DTMod:TauntingStrike+1","floor":27},{"not_picked":["DTMod:Threaten","DTMod:Coolant+1"],"picked":"DTMod:Punisher+1","floor":28},{"not_picked":["DTMod:Cover+1","DTMod:SneakAttack+1"],"picked":"DTMod:Prediction","floor":29},{"not_picked":["DTMod:Training","DTMod:Overwhelm"],"picked":"DTMod:CleansingStrike+1","floor":30},{"not_picked":["DTMod:Multitask","DTMod:Prediction"],"picked":"DTMod:Safeguard","floor":33},{"not_picked":["DTMod:Training+1","DTMod:TagTeam"],"picked":"DTMod:CleansingStrike+1","floor":35},{"not_picked":["DTMod:PurifyingFlame+1","DTMod:Threaten+1"],"picked":"DTMod:Training+1","floor":36},{"not_picked":["Trip","Poisoned Strike+1"],"picked":"Jack Of All Trades","floor":37}],"player_experience":359150,"relics_obtained":[{"floor":3.0,"key":"Regal Pillow"},{"floor":7.0,"key":"Bottled Flame"},{"floor":9.0,"key":"Potion Belt"},{"floor":12.0,"key":"Incense Burner"},{"floor":25,"key":"Molten Egg 2"},{"floor":26,"key":"Old Coin"},{"floor":27,"key":"Akabeko"},{"floor":31,"key":"ReplayTheSpireMod:TigerMarble"},{"floor":36,"key":"jedi:gremlinknob"}],"event_choices":[{"damage_healed":0.0,"max_hp_gain":0.0,"max_hp_loss":0.0,"gold_gain":0.0,"event_name":"Accursed Blacksmith","player_choice":"Rummage","floor":4.0,"gold_loss":0.0,"damage_taken":0.0,"relics_obtained":["WarpedTongs"],"cards_obtained":["Pain"]},{"damage_healed":0.0,"max_hp_gain":0.0,"max_hp_loss":0.0,"gold_gain":30.0,"event_name":"Dead Adventurer","player_choice":"Searched \u00273\u0027 times","floor":8.0,"gold_loss":0.0,"damage_taken":0.0,"relics_obtained":["Vajra"]},{"damage_healed":0,"gold_gain":99,"player_choice":"Stole From Cult","damage_taken":0,"max_hp_gain":0,"max_hp_loss":0,"event_name":"Nest","floor":20,"gold_loss":0},{"damage_healed":0,"gold_gain":0,"player_choice":"Fight","damage_taken":0,"max_hp_gain":0,"max_hp_loss":0,"event_name":"MindBloom","floor":36,"gold_loss":0},{"damage_healed":0,"gold_gain":0,"player_choice":"Memory 1","damage_taken":0,"max_hp_gain":0,"max_hp_loss":0,"event_name":"SensoryStone","floor":37,"gold_loss":0}],"is_beta":false,"boss_relics":[{"not_picked":["Calling Bell","jedi:hotpepper"],"picked":"Fusion Hammer"},{"not_picked":["Velvet Choker","aspiration:FutureDiary"],"picked":"Replay:Bronze Core"}],"items_purged_floors":[],"is_endless":false,"potions_floor_spawned":[1,3,5,11,12,13,24,25,27,29,33,35,36],"killed_by":"3 Darklings","ascension_level":0}}