{"host":"bpkhhmvsfrvlto2l","time":1609856420,"event":{"mods":["2.2 Compatiblity","Act Like it!","AlwaysNeverKeys","BaseMod","Better Silent Start","Challenge The Spire","Colored Map","Colored Powertips","Custom Start","Downfall","Energized Spire","Friendly Minions","GifTheSpireLib","Halation","Hubris","Infinite Spire","Ironclad Rager","Mimic Mod","Minty Spire (QoL Compilation)","Permanent Neow","Quick Restart","Random Character Button","Relic Sorter","Replay The Spire","Spikes Relics","StSLib","Stuff the Spire","Swap Starting Deck Mod","Trackpad"],"gold_per_floor":[113,151,169,189,200,200,231,241,264,264,264,264,274,301,301,406,406,421,77,152,164,180,180,205,205,205,225,75,89,89,108,108,212,212,224,124,142,142,142,142,159,159,179,50,100,100,100,118,132,7,7,7],"floor_reached":53,"playtime":1645,"items_purged":["Strike_G","Strike_G","Shame","Sickly","Intolerance"],"score":791,"play_id":"9e8ee0e6-721b-4c24-96d2-fabdf52a8308","local_time":"20210105092020","is_ascension_mode":false,"campfire_choices":[{"data":"Caltrops","floor":6,"key":"SMITH"},{"data":"Finisher","floor":10,"key":"SMITH"},{"data":"Survivor","floor":12,"key":"SMITH"},{"floor":15,"key":"REST"},{"data":"Backstab","floor":23,"key":"SMITH"},{"data":"Footwork","floor":25,"key":"SMITH"},{"data":"Defend_G","floor":32,"key":"SMITH"},{"floor":42,"key":"REST"},{"floor":47,"key":"REST"},{"floor":51,"key":"REST"}],"circlet_count":0,"master_deck":["Strike_G+1","Strike_G+1","Defend_G","Defend_G","Defend_G","Defend_G+1","Survivor+1","Neutralize+1","Blade Dance+1","Caltrops+1","Finisher+1","Footwork+1","Backstab+1","Terror+1","StuffTheSpire:DoubleShiv+1","Blade Dance+1","PiercingWail+1","Cloak And Dagger+1","Infinite Blades"],"relics":["Ring of the Snake","StuffTheSpire:Gunfinga","PreservedInsect","halation:KoshaPiece","ReplayTheSpireMod:Lightbulb","Sandwich","Guide Book","Bronze Scales","Toxic Egg 2","trackpad:Mousetrap","StuffTheSpire:Wildfire","Replay:Ancient Bell","trackpad:PetRock","ReplayTheSpireMod:Ninjato","Prayer Wheel","trackpad:WindUpAutoDealer","RollingBoulder"],"acts_visited":["Exordium","TheCity","TheBeyond"],"potions_floor_usage":[7,7,14,16,16,33,33,33,35,48,52],"damage_taken":[{"damage":4,"enemies":"Cultist","floor":1,"turns":5},{"damage":2,"enemies":"Jaw Worm","floor":2,"turns":9},{"damage":8,"enemies":"Jaw Worm","floor":3,"turns":2},{"damage":1,"enemies":"2 Louse","floor":4,"turns":2},{"damage":0,"enemies":"2 Fungi Beasts","floor":5,"turns":3},{"damage":14,"enemies":"3 Sentries","floor":7,"turns":5},{"damage":4,"enemies":"Gremlin Gang","floor":8,"turns":3},{"damage":8,"enemies":"Lots of Slimes","floor":13,"turns":3},{"damage":0,"enemies":"Lagavulin","floor":14,"turns":3},{"damage":5,"enemies":"Hexaghost","floor":16,"turns":8},{"damage":0,"enemies":"Chosen","floor":18,"turns":2},{"damage":7,"enemies":"2 Thieves","floor":21,"turns":3},{"damage":0,"enemies":"Sentry and Sphere","floor":22,"turns":3},{"damage":0,"enemies":"Gremlin Leader","floor":24,"turns":6},{"damage":0,"enemies":"Snecko","floor":27,"turns":2},{"damage":0,"enemies":"Cultist and Chosen","floor":29,"turns":3},{"damage":0,"enemies":"Centurion and Healer","floor":31,"turns":2},{"damage":6,"enemies":"Automaton","floor":33,"turns":8},{"damage":1,"enemies":"3 Shapes","floor":35,"turns":2},{"damage":19,"enemies":"3 Darklings","floor":37,"turns":2},{"damage":15,"enemies":"Jaw Worm Horde","floor":41,"turns":4},{"damage":53,"enemies":"Sphere and 2 Shapes","floor":43,"turns":4},{"damage":0,"enemies":"Maw","floor":48,"turns":5},{"damage":0,"enemies":"Spire Growth","floor":49,"turns":1},{"damage":15,"enemies":"hubris:GrandSnecko","floor":52,"turns":8}],"seed_played":"3843622673843485518","potions_obtained":[{"floor":3,"key":"Fire Potion"},{"floor":5,"key":"PowerPotion"},{"floor":7,"key":"DistilledChaos"},{"floor":13,"key":"Strength Potion"},{"floor":14,"key":"EssenceOfSteel"},{"floor":18,"key":"GamblersBrew"},{"floor":27,"key":"SkillPotion"},{"floor":31,"key":"Adrenaline Potion"},{"floor":33,"key":"Fire Potion"},{"floor":37,"key":"SteroidPotion"},{"floor":48,"key":"PowerPotion"}],"is_trial":false,"path_per_floor":["M","MIM","M","M","M","R","E","M","T","R","?","R","M","E","R","B",null,"M","$","?","M","M","R","E","R","T","M","$","M","AVR","M","R","B",null,"M","$","M","?","PTL","PTL","M","R","M","?","T","AVR","R","M","M","$","R","B",null],"character_chosen":"THE_SILENT","items_purchased":["Guide Book","Bronze Scales","Footwork","StuffTheSpire:DoubleShiv+1"],"campfire_rested":4,"item_purchase_floors":[19,19,19,28],"current_hp_per_floor":[66,64,56,55,55,55,41,37,37,37,37,37,29,29,50,45,70,70,70,63,56,56,56,56,56,56,56,56,56,56,56,56,50,70,69,69,50,50,50,50,35,56,3,3,3,3,24,24,24,24,45,30],"gold":7,"neow_bonus":"UPGRADE_CARD","is_daily":false,"chose_seed":false,"campfire_upgraded":6,"win_rate":0.0,"timestamp":1609856420,"path_taken":["M","?","M","M","M","R","E","M","T","R","?","R","M","E","R","BOSS","M","$","?","M","M","R","E","R","T","?","$","M","AVR","M","R","BOSS","M","$","M","?","PTL","PTL","M","R","?","?","T","AVR","R","M","M","$","R","BOSS"],"items_purchased_type":["Relic","Relic","Card","Card"],"build_version":"2020-12-22","purchased_purges":5,"victory":true,"max_hp_per_floor":[70,70,70,70,70,70,70,70,70,70,70,70,70,70,70,70,70,70,70,70,70,70,70,70,70,70,70,70,70,70,70,70,70,70,70,70,70,70,70,70,70,70,70,70,70,70,70,70,70,70,70,70],"card_choices":[{"not_picked":["StuffTheSpire:Shiver","Fluid Movement"],"picked":"Blade Dance","floor":1},{"not_picked":["Outmaneuver","Eviscerate"],"picked":"Caltrops","floor":3},{"not_picked":["All Out Attack","StuffTheSpire:Incursion"],"picked":"Finisher","floor":5},{"not_picked":["StuffTheSpire:Fury","Dodge and Roll"],"picked":"Backstab","floor":21},{"not_picked":["Sucker Punch","StuffTheSpire:Incantation+1"],"picked":"Terror+1","floor":27},{"not_picked":["Dagger Spray+1","Slice"],"picked":"Blade Dance+1","floor":31},{"not_picked":["Replay:UnknownCurse","hubris:Sloth"],"picked":"Intolerance","floor":34},{"not_picked":["Looming Evil","hubris:Envy"],"picked":"Sickly","floor":34},{"not_picked":["Slimebound:Icky","CommonCold"],"picked":"Shame","floor":34},{"not_picked":["StuffTheSpire:Python+1","Dagger Spray+1"],"picked":"PiercingWail+1","floor":35},{"not_picked":["Quick Slash+1","StuffTheSpire:FinalStruggle"],"picked":"Cloak And Dagger+1","floor":41},{"not_picked":["Draining Mist+1","Prepared+1"],"picked":"Infinite Blades","floor":49},{"not_picked":["Deflect+1","hubris:Counter+1","StuffTheSpire:DoubleShiv+1"],"picked":"SKIP","floor":49},{"not_picked":["Deflect+1","hubris:Counter+1","StuffTheSpire:DoubleShiv+1"],"picked":"SKIP","floor":49}],"player_experience":28196,"relics_obtained":[{"floor":2,"key":"StuffTheSpire:Gunfinga"},{"floor":7,"key":"PreservedInsect"},{"floor":9,"key":"halation:KoshaPiece"},{"floor":14,"key":"ReplayTheSpireMod:Lightbulb"},{"floor":24,"key":"Toxic Egg 2"},{"floor":26,"key":"trackpad:Mousetrap"},{"floor":45,"key":"RollingBoulder"}],"event_choices":[{"damage_healed":0,"gold_gain":0,"player_choice":"Grow","damage_taken":0,"max_hp_gain":0,"max_hp_loss":0,"event_name":"Living Wall","floor":11,"gold_loss":0,"cards_upgraded":["Blade Dance"]},{"damage_healed":0,"gold_gain":75,"player_choice":"Touch","damage_taken":7,"max_hp_gain":0,"max_hp_loss":0,"event_name":"FaceTrader","floor":20,"gold_loss":0},{"damage_healed":0,"gold_gain":0,"player_choice":"Ignored","damage_taken":0,"max_hp_gain":0,"max_hp_loss":0,"event_name":"Duplicator","floor":38,"gold_loss":0},{"damage_healed":0,"gold_gain":0,"player_choice":"Paid Gold","damage_taken":0,"relics_obtained":["trackpad:WindUpAutoDealer"],"max_hp_gain":0,"max_hp_loss":0,"event_name":"WeMeetAgain","floor":44,"gold_loss":129}],"is_beta":false,"boss_relics":[{"not_picked":["Coffee Dripper","halation:SmartPhone"],"picked":"Sandwich"},{"not_picked":["infinitespire:Cupcake","HoveringKite"],"picked":"Replay:Ancient Bell"},{"not_picked":["Replay:Wax Seal","trackpad:IceCube"],"picked":"trackpad:PetRock"},{"not_picked":["hubris:Reverence","infinitespire:ShieldingShard"],"picked":"ReplayTheSpireMod:Ninjato"},{"not_picked":["hubris:GlazedTorus","Pocketwatch"],"picked":"Prayer Wheel"}],"items_purged_floors":[28,30,36,46,50],"is_endless":false,"potions_floor_spawned":[3,5,7,13,14,18,27,31,33,37,48],"ascension_level":0}}