{"host":"6gnv7me3tk2udb7q","time":1609868678,"event":{"mods":["BaseMod","Bestiary","Colored Map","Minty Spire (QoL Compilation)"],"gold_per_floor":[121,147,97,124,153,153,181,199,199,218,218,255,284,313,313,393,393,420,441,441,441],"floor_reached":20,"playtime":1481,"items_purged":[],"score":306,"play_id":"8b87e187-ff30-461d-964f-9b9e3df6e511","local_time":"20210105124438","is_ascension_mode":true,"campfire_choices":[{"data":"ReachHeaven","floor":6.0,"key":"SMITH"},{"data":"Devotion","floor":15,"key":"SMITH"}],"circlet_count":0,"master_deck":["AscendersBane","Strike_P","Strike_P","Strike_P","Defend_P","Defend_P","Defend_P","Defend_P","Eruption+1","Vigilance","FearNoEvil","BowlingBash","DeceiveReality","ReachHeaven+1","Conclude","Deep Breath","Protect","TalkToTheHand","Devotion+1","BattleHymn","Prostrate","LessonLearned","ThirdEye","FollowUp"],"relics":["HolyWater","CeramicFish","Meat on the Bone","Question Card"],"acts_visited":["Exordium","TheCity"],"potions_floor_usage":[12,20],"damage_taken":[{"damage":10.0,"enemies":"2 Louse","floor":1.0,"turns":2.0},{"damage":0.0,"enemies":"Cultist","floor":2.0,"turns":3.0},{"damage":8.0,"enemies":"Small Slimes","floor":4.0,"turns":2.0},{"damage":0.0,"enemies":"3 Louse","floor":5.0,"turns":2.0},{"damage":10,"enemies":"Exordium Thugs","floor":7,"turns":4},{"damage":1,"enemies":"Large Slime","floor":10,"turns":5},{"damage":12,"enemies":"Lagavulin","floor":12,"turns":6},{"damage":0,"enemies":"Blue Slaver","floor":13,"turns":4},{"damage":1,"enemies":"Gremlin Gang","floor":14,"turns":3},{"damage":19,"enemies":"Hexaghost","floor":16,"turns":6},{"damage":24,"enemies":"Spheric Guardian","floor":18,"turns":5},{"damage":24,"enemies":"Shell Parasite","floor":19,"turns":7},{"damage":30,"enemies":"Cultist and Chosen","floor":20,"turns":5}],"seed_played":"1732962126439694352","potions_obtained":[{"floor":1.0,"key":"SneckoOil"},{"floor":4.0,"key":"Ancient Potion"},{"floor":7,"key":"Block Potion"},{"floor":13,"key":"Energy Potion"}],"is_trial":false,"path_per_floor":["M","M","?","M","M","R","M","?","T","M","?","E","M","M","R","B",null,"M","M","M"],"character_chosen":"WATCHER","items_purchased":[],"campfire_rested":0,"item_purchase_floors":[],"current_hp_per_floor":[51,51,51,43,43,43,33,33,33,44,44,44,44,43,43,36,60,36,24,0,0],"gold":441,"neow_bonus":"RANDOM_COMMON_RELIC","is_daily":false,"chose_seed":false,"campfire_upgraded":2,"win_rate":0.0,"timestamp":1609868678,"path_taken":["M","M","?","M","M","R","M","?","T","?","?","E","M","M","R","BOSS","M","M","M"],"items_purchased_type":[],"build_version":"2020-12-22","purchased_purges":0,"victory":false,"max_hp_per_floor":[68,68,68,68,68,68,68,68,68,68,68,68,68,68,68,68,68,68,68,68,68],"card_choices":[{"not_picked":["SandsOfTime","InnerPeace"],"picked":"FearNoEvil","floor":1.0},{"not_picked":["Worship","ThirdEye"],"picked":"BowlingBash","floor":2.0},{"not_picked":["FlyingSleeves","Evaluate"],"picked":"DeceiveReality","floor":4.0},{"not_picked":["SignatureMove","JustLucky"],"picked":"ReachHeaven","floor":5.0},{"not_picked":["Adaptation","ReachHeaven"],"picked":"Conclude","floor":7},{"not_picked":["Adaptation","WindmillStrike"],"picked":"TalkToTheHand","floor":10},{"not_picked":["CrushJoints","Indignation"],"picked":"Devotion","floor":12},{"not_picked":["ReachHeaven","Weave","Crescendo"],"picked":"BattleHymn","floor":13},{"not_picked":["CutThroughFate","Swivel","ClearTheMind"],"picked":"Prostrate","floor":14},{"not_picked":["Scrawl","Blasphemy","Wish"],"picked":"LessonLearned","floor":16},{"not_picked":["BattleHymn","Consecrate","ForeignInfluence"],"picked":"ThirdEye","floor":18},{"not_picked":["Crescendo","PathToVictory","SashWhip"],"picked":"FollowUp","floor":19}],"player_experience":599432,"relics_obtained":[{"floor":9,"key":"Meat on the Bone"},{"floor":12,"key":"Question Card"}],"event_choices":[{"cards_removed":["Strike_P"],"damage_healed":0.0,"max_hp_gain":0.0,"max_hp_loss":0.0,"gold_gain":0.0,"event_name":"The Cleric","player_choice":"Card Removal","floor":3.0,"gold_loss":50.0,"damage_taken":0.0},{"damage_healed":0,"gold_gain":0,"player_choice":"2 cards matched","damage_taken":0,"max_hp_gain":0,"max_hp_loss":0,"event_name":"Match and Keep!","floor":8,"gold_loss":0,"cards_obtained":["Deep Breath","Protect"]},{"damage_healed":0,"gold_gain":0,"player_choice":"Upgraded","damage_taken":0,"max_hp_gain":0,"max_hp_loss":0,"event_name":"Upgrade Shrine","floor":11,"gold_loss":0,"cards_upgraded":["Eruption"]}],"is_beta":false,"boss_relics":[{"not_picked":["Black Star","Coffee Dripper"],"picked":"HolyWater"}],"items_purged_floors":[],"is_endless":false,"potions_floor_spawned":[1,4,7,10,13,14],"killed_by":"Cultist and Chosen","ascension_level":14}}