{"host":"qm4rv4rkpk76sbxu","time":1609846871,"event":{"mods":["BaseMod","Bestiary","Block Reminder","Filter the Spire","Keyboard Shortcuts","Minty Spire (QoL Compilation)","MonsterHotkey","Potion Indicator Mod","Quick Restart","Relic Stats","Slay-I","StSLib","ojb\u0027s Better Paths Mod"],"gold_per_floor":[113,182,182,202,11,11,31,31,31,64,29,29,56,73,73,144,144,160,180,180,230,31,31,31,31,55,90,120,146,190,221,233,316,328,358,370,382,410,436,480,492,537,572,584,596,119,136,171,171,171,171,171,171,26,60,60],"floor_reached":57,"playtime":3891,"items_purged":["Strike_G","Escape Plan+1","Die Die Die"],"score":2997,"play_id":"6f03af89-5e1e-4eaa-85cc-72e1366b6524","local_time":"20210105124111","is_ascension_mode":true,"campfire_choices":[{"data":"Neutralize","floor":6.0,"key":"SMITH"},{"data":"Terror","floor":12.0,"key":"SMITH"},{"data":"Footwork","floor":15.0,"key":"SMITH"},{"data":"Tactician","floor":23.0,"key":"SMITH"},{"data":"Burst","floor":25.0,"key":"SMITH"},{"data":"Acrobatics","floor":32.0,"key":"SMITH"},{"data":"Catalyst","floor":41.0,"key":"SMITH"},{"data":"Bouncing Flask","floor":44.0,"key":"SMITH"},{"floor":49.0,"key":"RECALL"},{"data":"Catalyst","floor":53.0,"key":"SMITH"}],"circlet_count":0,"master_deck":["AscendersBane","Defend_G","Defend_G","Defend_G","Defend_G","Defend_G","Neutralize+1","Underhanded Strike","Underhanded Strike","Burst+1","Terror+1","Acrobatics+1","Footwork+1","Tactician+1","Backflip+1","Underhanded Strike","Catalyst+1","Dagger Throw","Night Terror","All Out Attack+1","Die Die Die+1","Backflip+1","Discovery","Bouncing Flask+1","Leg Sweep","Well Laid Plans","Catalyst+1","Corpse Explosion","Predator","Acrobatics","Footwork+1"],"relics":["HoveringKite","Gambling Chip","Membership Card","HornCleat","Mercury Hourglass","Smiling Mask","Snecko Eye","Lee\u0027s Waffle","Nunchaku","MawBank","Ornamental Fan","Astrolabe","Potion Belt","MealTicket","Tough Bandages","Frozen Eye","Omamori","War Paint"],"acts_visited":["Exordium","TheCity","TheBeyond","TheEnding"],"potions_floor_usage":[56,56,56],"damage_taken":[{"damage":4.0,"enemies":"Jaw Worm","floor":1.0,"turns":4.0},{"damage":1.0,"enemies":"Small Slimes","floor":4.0,"turns":3.0},{"damage":0.0,"enemies":"2 Louse","floor":7.0,"turns":4.0},{"damage":11.0,"enemies":"Lagavulin","floor":10.0,"turns":5.0},{"damage":7.0,"enemies":"3 Sentries","floor":13.0,"turns":4.0},{"damage":0.0,"enemies":"Large Slime","floor":14.0,"turns":2.0},{"damage":0.0,"enemies":"Slime Boss","floor":16.0,"turns":11.0},{"damage":13.0,"enemies":"Chosen","floor":18.0,"turns":4.0},{"damage":2.0,"enemies":"Spheric Guardian","floor":19.0,"turns":4.0},{"damage":0.0,"enemies":"Book of Stabbing","floor":27.0,"turns":4.0},{"damage":11.0,"enemies":"Shelled Parasite and Fungi","floor":28.0,"turns":5.0},{"damage":0.0,"enemies":"Snake Plant","floor":29.0,"turns":3.0},{"damage":0.0,"enemies":"Slavers","floor":30.0,"turns":4.0},{"damage":0.0,"enemies":"3 Cultists","floor":31.0,"turns":3.0},{"damage":43.0,"enemies":"Champ","floor":33.0,"turns":7.0},{"damage":0.0,"enemies":"Orb Walker","floor":35.0,"turns":3.0},{"damage":0.0,"enemies":"3 Shapes","floor":38.0,"turns":1.0},{"damage":2.0,"enemies":"Transient","floor":39.0,"turns":6.0},{"damage":10.0,"enemies":"Nemesis","floor":40.0,"turns":7.0},{"damage":0.0,"enemies":"Giant Head","floor":42.0,"turns":4.0},{"damage":12.0,"enemies":"Spire Growth","floor":47.0,"turns":4.0},{"damage":6.0,"enemies":"Reptomancer","floor":48.0,"turns":4.0},{"damage":4.0,"enemies":"Time Eater","floor":50.0,"turns":3.0},{"damage":17.0,"enemies":"Awakened One","floor":51.0,"turns":13.0},{"damage":16.0,"enemies":"Shield and Spear","floor":55.0,"turns":4.0},{"damage":28,"enemies":"The Heart","floor":56,"turns":8}],"seed_played":"-7114209023924396964","potions_obtained":[{"floor":1.0,"key":"FairyPotion"},{"floor":7.0,"key":"Explosive Potion"},{"floor":10.0,"key":"SkillPotion"},{"floor":18.0,"key":"Explosive Potion"},{"floor":28.0,"key":"DistilledChaos"},{"floor":31.0,"key":"LiquidMemories"},{"floor":38.0,"key":"Weak Potion"},{"floor":40.0,"key":"LiquidMemories"},{"floor":47.0,"key":"Strength Potion"}],"is_trial":false,"path_per_floor":["M","?","?","M","$","R","M","?","T","E","?","R","E","M","R","B",null,"M","M","?","?","$","R","?","R","T","E","M","M","E","M","R","B",null,"M","?","?","M","M","E","R","E","T","R","?","$","M","E","R","B","B",null,"R","$","E","B",null],"character_chosen":"THE_SILENT","items_purchased":["Membership Card","BlessingOfTheForge","Backflip","Underhanded Strike","Lee\u0027s Waffle","PowerPotion","Tough Bandages","Catalyst","Corpse Explosion","Ancient Potion","SpeedPotion","Frozen Eye","Predator","Acrobatics","Ancient Potion","Energy Potion"],"campfire_rested":0,"item_purchase_floors":[5,5,22,22,22,22,46,46,46,46,46,46,46,54,54,54],"current_hp_per_floor":[55,55,50,49,49,49,49,49,49,38,54,54,47,47,47,47,61,48,46,46,46,73,73,73,73,73,73,62,62,62,62,62,19,60,60,60,50,50,48,38,38,38,38,38,38,53,41,35,35,31,14,55,55,69,53,25],"gold":60,"neow_bonus":"BOSS_RELIC","is_daily":false,"chose_seed":false,"campfire_upgraded":9,"win_rate":0.0,"timestamp":1609846871,"path_taken":["M","?","?","M","$","R","M","?","T","E","?","R","E","M","R","BOSS","M","M","?","?","?","R","?","R","T","E","M","?","E","M","R","BOSS","M","?","?","M","M","E","R","E","T","R","?","$","?","E","R","BOSS","BOSS","R","$","E","BOSS"],"items_purchased_type":["Relic","Potion","Card","Card","Relic","Potion","Relic","Card","Card","Potion","Potion","Relic","Card","Card","Potion","Potion"],"build_version":"2020-12-22","purchased_purges":3,"victory":true,"max_hp_per_floor":[66,66,66,66,66,66,66,66,66,66,66,66,66,66,66,66,66,66,66,66,66,73,73,73,73,73,73,73,73,73,73,73,73,73,73,69,69,69,69,69,69,69,69,69,69,69,69,69,69,69,69,69,69,69,69,69],"relic_stats":{"Lee\u0027s Waffle":27,"counters":[26,123],"Astrolabe":["All Out Attack","Die Die Die","Escape Plan"],"HoveringKite":[88],"War Paint":["Backflip","Backflip"],"Smiling Mask":1,"MawBank":228,"Mercury Hourglass":[395],"Nunchaku":[21],"Tough Bandages":[177],"Ornamental Fan":[148],"Gambling Chip":[99],"Snecko Eye":[247,240,221,255],"MealTicket":29,"obtain_stats":[{"Potion Belt":40,"Lee\u0027s Waffle":22,"Astrolabe":34,"HoveringKite":0,"Omamori":48,"War Paint":55,"Smiling Mask":13,"MawBank":27,"Mercury Hourglass":10,"Frozen Eye":46,"Nunchaku":26,"Tough Bandages":46,"HornCleat":9,"Ornamental Fan":30,"Gambling Chip":3,"Snecko Eye":17,"MealTicket":42,"Membership Card":5,"Ring of the Snake":0},{"Potion Belt":19,"Lee\u0027s Waffle":9,"Astrolabe":15,"HoveringKite":0,"Omamori":22,"War Paint":25,"Smiling Mask":5,"MawBank":10,"Mercury Hourglass":4,"Frozen Eye":20,"Nunchaku":9,"Tough Bandages":20,"HornCleat":3,"Ornamental Fan":13,"Gambling Chip":1,"Snecko Eye":7,"MealTicket":20,"Membership Card":2,"Ring of the Snake":0},{"Potion Belt":83,"Lee\u0027s Waffle":40,"Astrolabe":66,"HoveringKite":0,"Omamori":95,"War Paint":115,"Smiling Mask":20,"MawBank":44,"Mercury Hourglass":16,"Frozen Eye":87,"Nunchaku":40,"Tough Bandages":87,"HornCleat":11,"Ornamental Fan":56,"Gambling Chip":4,"Snecko Eye":33,"MealTicket":87,"Membership Card":7,"Ring of the Snake":0}]},"card_choices":[{"not_picked":["Eviscerate","Blade Dance"],"picked":"Underhanded Strike","floor":1.0},{"not_picked":["Flying Knee","Backflip"],"picked":"Underhanded Strike","floor":4.0},{"not_picked":["Outmaneuver","Backflip"],"picked":"Burst","floor":7.0},{"not_picked":["Masterful Stab","Prepared"],"picked":"Acrobatics","floor":10.0},{"not_picked":["Infinite Blades","Sucker Punch","Quick Slash"],"picked":"SKIP","floor":13.0},{"not_picked":["Underhanded Strike","Cloak And Dagger"],"picked":"Footwork","floor":14.0},{"not_picked":["Grand Finale","Envenom"],"picked":"Die Die Die","floor":16.0},{"not_picked":["Prepared","Slice","Cloak And Dagger"],"picked":"SKIP","floor":18.0},{"not_picked":["Phantasmal Killer","Dodge and Roll"],"picked":"Tactician","floor":19.0},{"not_picked":["Concentrate","Underhanded Strike","Deadly Poison"],"picked":"SKIP","floor":27.0},{"not_picked":["Underhanded Strike","Prepared"],"picked":"Catalyst","floor":28.0},{"not_picked":["Bane","Expertise"],"picked":"Dagger Throw","floor":29.0},{"not_picked":["Backstab","Calculated Gamble","Infinite Blades"],"picked":"SKIP","floor":30.0},{"not_picked":["Well Laid Plans","Catalyst","Accuracy"],"picked":"SKIP","floor":31.0},{"not_picked":["Die Die Die","Grand Finale"],"picked":"Night Terror","floor":33.0},{"not_picked":["Underhanded Strike","Noxious Fumes"],"picked":"Backflip","floor":35.0},{"not_picked":["Bandage Up","Madness"],"picked":"Discovery","floor":37.0},{"not_picked":["Accuracy+1","Setup","Dodge and Roll+1"],"picked":"SKIP","floor":38.0},{"not_picked":["Dagger Spray+1","Backflip"],"picked":"Bouncing Flask","floor":39.0},{"not_picked":["Prepared","Terror"],"picked":"Leg Sweep","floor":40.0},{"not_picked":["Predator","All Out Attack"],"picked":"Well Laid Plans","floor":42.0},{"not_picked":["Deadly Poison","Distraction","Dagger Spray"],"picked":"SKIP","floor":47.0},{"not_picked":["Endless Agony","Finisher","PiercingWail+1"],"picked":"SKIP","floor":48.0},{"not_picked":["Eviscerate+1","Leg Sweep"],"picked":"Footwork+1","floor":55.0}],"player_experience":1216660,"relics_obtained":[{"floor":9.0,"key":"HornCleat"},{"floor":10.0,"key":"Mercury Hourglass"},{"floor":13.0,"key":"Smiling Mask"},{"floor":26.0,"key":"Nunchaku"},{"floor":27.0,"key":"MawBank"},{"floor":30.0,"key":"Ornamental Fan"},{"floor":40.0,"key":"Potion Belt"},{"floor":42.0,"key":"MealTicket"},{"floor":48.0,"key":"Omamori"},{"floor":55.0,"key":"War Paint"}],"event_choices":[{"damage_healed":0.0,"max_hp_gain":0.0,"max_hp_loss":0.0,"gold_gain":69.0,"event_name":"Golden Wing","player_choice":"Gained Gold","floor":2.0,"gold_loss":0.0,"damage_taken":0.0},{"damage_healed":0.0,"max_hp_gain":0.0,"max_hp_loss":0.0,"gold_gain":0.0,"event_name":"Scrap Ooze","player_choice":"Success","floor":3.0,"gold_loss":0.0,"damage_taken":5.0,"relics_obtained":["Gambling Chip"]},{"damage_healed":0.0,"max_hp_gain":0.0,"max_hp_loss":0.0,"gold_gain":0.0,"cards_transformed":["Strike_G"],"event_name":"Living Wall","player_choice":"Change","floor":8.0,"gold_loss":0.0,"damage_taken":0.0,"cards_obtained":["Terror"]},{"damage_healed":16.0,"max_hp_gain":0.0,"max_hp_loss":0.0,"gold_gain":0.0,"event_name":"The Cleric","player_choice":"Healed","floor":11.0,"gold_loss":35.0,"damage_taken":0.0},{"damage_healed":0.0,"max_hp_gain":0.0,"max_hp_loss":0.0,"gold_gain":0.0,"event_name":"Ghosts","player_choice":"Ignored","floor":20.0,"gold_loss":0.0,"damage_taken":0.0},{"damage_healed":0.0,"max_hp_gain":0.0,"max_hp_loss":0.0,"gold_gain":50.0,"event_name":"Nest","player_choice":"Stole From Cult","floor":21.0,"gold_loss":0.0,"damage_taken":0.0},{"damage_healed":0.0,"max_hp_gain":0.0,"max_hp_loss":0.0,"gold_gain":0.0,"event_name":"Vampires","player_choice":"Ignored","floor":24.0,"gold_loss":0.0,"damage_taken":0.0},{"damage_healed":0.0,"max_hp_gain":0.0,"max_hp_loss":4.0,"gold_gain":0.0,"event_name":"Winding Halls","player_choice":"Max HP","floor":36.0,"gold_loss":0.0,"damage_taken":0.0},{"damage_healed":0.0,"max_hp_gain":0.0,"max_hp_loss":0.0,"gold_gain":0.0,"event_name":"SensoryStone","player_choice":"Memory 3","floor":37.0,"gold_loss":0.0,"damage_taken":10.0},{"cards_removed":["Survivor"],"damage_healed":0.0,"max_hp_gain":0.0,"max_hp_loss":0.0,"gold_gain":0.0,"event_name":"Falling","player_choice":"Removed Skill","floor":45.0,"gold_loss":0.0,"damage_taken":0.0}],"is_beta":false,"boss_relics":[{"not_picked":["Fusion Hammer","Sozu"],"picked":"Snecko Eye"},{"not_picked":["WristBlade","Pandora\u0027s Box"],"picked":"Astrolabe"}],"items_purged_floors":[22,46,54],"is_endless":false,"potions_floor_spawned":[1,7,10,18,27,28,31,38,40,47],"ascension_level":20}}