{"host":"lpogke4cwz8zw1ju","time":1609890800,"event":{"mods":["Always Whale","BaseMod","Minty Spire (QoL Compilation)","Permanent Neow"],"gold_per_floor":[115,134,134,148,162,162,175,175,175,192,205,221,221,246,246,246,246],"floor_reached":16,"playtime":1076,"items_purged":[],"score":106,"play_id":"8f1f81dc-2db5-40bf-b61e-9831410a78dd","local_time":"20210106005320","is_ascension_mode":false,"campfire_choices":[{"data":"Deep Breath","floor":6,"key":"SMITH"},{"data":"Prepared","floor":8,"key":"SMITH"},{"floor":15,"key":"REST"}],"circlet_count":0,"master_deck":["Strike_G","Strike_G","Strike_G","Strike_G","Strike_G","Defend_G","Defend_G","Defend_G","Defend_G","Defend_G","Survivor","Neutralize","Deep Breath+1","Quick Slash","Flying Knee","Slice","Flying Knee","Prepared+1","Acrobatics","Prepared","Blade Dance"],"relics":["Ring of the Snake","FaceOfCleric","The Courier"],"acts_visited":["Exordium"],"potions_floor_usage":[14,14,16],"damage_taken":[{"damage":0,"enemies":"2 Louse","floor":1,"turns":4},{"damage":1,"enemies":"Cultist","floor":2,"turns":4},{"damage":6,"enemies":"Jaw Worm","floor":4,"turns":3},{"damage":4,"enemies":"Looter","floor":5,"turns":3},{"damage":1,"enemies":"Exordium Thugs","floor":7,"turns":4},{"damage":11,"enemies":"Lots of Slimes","floor":10,"turns":4},{"damage":4,"enemies":"Blue Slaver","floor":11,"turns":3},{"damage":6,"enemies":"Exordium Wildlife","floor":12,"turns":4},{"damage":11,"enemies":"3 Sentries","floor":14,"turns":8},{"damage":47,"enemies":"The Guardian","floor":16,"turns":15}],"seed_played":"-4456387864635847533","potions_obtained":[{"floor":1,"key":"LiquidMemories"},{"floor":7,"key":"DuplicationPotion"},{"floor":11,"key":"GhostInAJar"}],"is_trial":false,"path_per_floor":["M","M","?","M","M","R","M","R","T","M","M","M","?","E","R","B"],"character_chosen":"THE_SILENT","items_purchased":[],"campfire_rested":1,"item_purchase_floors":[],"current_hp_per_floor":[70,69,69,64,61,61,61,61,61,51,48,43,43,33,56,9,9],"gold":246,"neow_bonus":"RANDOM_COLORLESS","is_daily":false,"chose_seed":false,"campfire_upgraded":2,"win_rate":0.0,"timestamp":1609890800,"path_taken":["M","M","?","M","M","R","?","R","T","M","M","M","?","E","R","BOSS"],"items_purchased_type":[],"build_version":"2020-12-22","purchased_purges":0,"victory":false,"max_hp_per_floor":[70,70,70,71,72,72,73,73,73,74,75,76,76,77,77,77,77],"card_choices":[{"not_picked":["Panacea","Dark Shackles"],"picked":"Deep Breath","floor":0},{"not_picked":["Concentrate","Caltrops"],"picked":"Quick Slash","floor":1},{"not_picked":["Bane","Catalyst"],"picked":"Flying Knee","floor":2},{"not_picked":["Riddle With Holes","Quick Slash"],"picked":"Slice","floor":4},{"not_picked":["Outmaneuver","Underhanded Strike"],"picked":"Flying Knee","floor":5},{"not_picked":["Deflect","Escape Plan"],"picked":"Prepared","floor":7},{"not_picked":["Bane","Underhanded Strike"],"picked":"Acrobatics","floor":10},{"not_picked":["Sucker Punch","Burst"],"picked":"Prepared","floor":11},{"not_picked":["Dagger Throw","Dodge and Roll"],"picked":"Blade Dance","floor":12},{"not_picked":["Outmaneuver","Eviscerate","Riddle With Holes"],"picked":"SKIP","floor":14}],"player_experience":189321,"relics_obtained":[{"floor":14,"key":"The Courier"}],"event_choices":[{"damage_healed":0,"gold_gain":0,"player_choice":"Trade","damage_taken":0,"relics_obtained":["FaceOfCleric"],"max_hp_gain":0,"max_hp_loss":0,"event_name":"FaceTrader","floor":3,"gold_loss":0},{"damage_healed":0,"gold_gain":0,"player_choice":"Ignored","damage_taken":0,"max_hp_gain":0,"max_hp_loss":0,"event_name":"Golden Idol","floor":13,"gold_loss":0}],"is_beta":false,"boss_relics":[],"items_purged_floors":[],"is_endless":false,"potions_floor_spawned":[1,7,11],"killed_by":"The Guardian","ascension_level":0}}