{"host":"54vghy6hfkyy1r39","time":1609812470,"event":{"mods":["AchievementEnabler","BaseMod","Minty Spire (QoL Compilation)","StSLib","SuperFastMode","everything is the same but u backflip on backflip"],"gold_per_floor":[117,42,42,42,55,55,66,82,82,97,51,71,131,141,141,243,243,257,290,306,68,68,94,94,124,124,136,152,170,27,37,37,139,139,151,162,122,25,35,35,64,82,131,144,194,206,219,441,441,441],"floor_reached":51,"playtime":1473,"items_purged":["Strike_P"],"score":963,"play_id":"c36b8324-1eac-437b-adc5-c7013f105aaa","local_time":"20210105110750","is_ascension_mode":true,"campfire_choices":[{"floor":6.0,"key":"REST"},{"floor":15.0,"key":"REST"},{"data":"Crescendo","floor":24.0,"key":"SMITH"},{"floor":32.0,"key":"REST"},{"data":"Adaptation","floor":40.0,"key":"SMITH"},{"data":"1","floor":49.0,"key":"LIFT"}],"circlet_count":0,"master_deck":["Defend_P","Eruption+1","Vigilance+1","Crescendo+1","ClearTheMind","FlurryOfBlows","FlurryOfBlows","Vault+1","Weave+1","FlurryOfBlows+1","LikeWater+1","Adaptation+1","FlurryOfBlows+1","ClearTheMind","Vault","Crescendo+1","Scrawl","Adaptation+1","ConjureBlade","FlurryOfBlows+1"],"relics":["PureWater","White Beast Statue","Shuriken","Astrolabe","Red Mask","Bottled Tornado","Toy Ornithopter","HornCleat","Bottled Lightning","DollysMirror","SacredBark","Damaru","Bag of Marbles","Girya"],"acts_visited":["Exordium","TheCity","TheBeyond"],"potions_floor_usage":[50],"damage_taken":[{"damage":19.0,"enemies":"Small Slimes","floor":1.0,"turns":6.0},{"damage":2.0,"enemies":"2 Louse","floor":5.0,"turns":2.0},{"damage":2.0,"enemies":"Cultist","floor":7.0,"turns":3.0},{"damage":0.0,"enemies":"2 Fungi Beasts","floor":8.0,"turns":2.0},{"damage":3.0,"enemies":"Blue Slaver","floor":10.0,"turns":5.0},{"damage":14.0,"enemies":"Exordium Wildlife","floor":12.0,"turns":3.0},{"damage":5.0,"enemies":"Lagavulin Event","floor":13.0,"turns":3.0},{"damage":7.0,"enemies":"Exordium Thugs","floor":14.0,"turns":3.0},{"damage":24.0,"enemies":"Hexaghost","floor":16.0,"turns":5.0},{"damage":12.0,"enemies":"Shell Parasite","floor":18.0,"turns":3.0},{"damage":0.0,"enemies":"Masked Bandits","floor":19.0,"turns":2.0},{"damage":1.0,"enemies":"Chosen","floor":20.0,"turns":3.0},{"damage":10.0,"enemies":"Book of Stabbing","floor":23.0,"turns":3.0},{"damage":0.0,"enemies":"Gremlin Leader","floor":25.0,"turns":2.0},{"damage":0.0,"enemies":"Centurion and Healer","floor":27.0,"turns":5.0},{"damage":10.0,"enemies":"Snake Plant","floor":28.0,"turns":2.0},{"damage":0.0,"enemies":"Snecko","floor":29.0,"turns":5.0},{"damage":1.0,"enemies":"Chosen and Byrds","floor":31.0,"turns":2.0},{"damage":13.0,"enemies":"Champ","floor":33.0,"turns":5.0},{"damage":0.0,"enemies":"3 Darklings","floor":35.0,"turns":2.0},{"damage":1.0,"enemies":"3 Shapes","floor":36.0,"turns":3.0},{"damage":0.0,"enemies":"3 Darklings","floor":39.0,"turns":1.0},{"damage":0.0,"enemies":"Reptomancer","floor":41.0,"turns":3.0},{"damage":0.0,"enemies":"Sphere and 2 Shapes","floor":42.0,"turns":2.0},{"damage":0.0,"enemies":"Transient","floor":44.0,"turns":6.0},{"damage":0.0,"enemies":"Mind Bloom Boss Battle","floor":45.0,"turns":2.0},{"damage":0.0,"enemies":"Writhing Mass","floor":46.0,"turns":2.0},{"damage":0.0,"enemies":"Jaw Worm Horde","floor":47.0,"turns":2.0},{"damage":17,"enemies":"Time Eater","floor":50,"turns":4}],"seed_played":"-1576956036359629331","potions_obtained":[{"floor":7.0,"key":"PowerPotion"},{"floor":10.0,"key":"FearPotion"},{"floor":12.0,"key":"DuplicationPotion"},{"floor":13.0,"key":"SkillPotion"},{"floor":14.0,"key":"Explosive Potion"},{"floor":16.0,"key":"SpeedPotion"},{"floor":18.0,"key":"SpeedPotion"},{"floor":19.0,"key":"Ancient Potion"},{"floor":23.0,"key":"PowerPotion"},{"floor":28.0,"key":"Strength Potion"},{"floor":29.0,"key":"BottledMiracle"},{"floor":36.0,"key":"SneckoOil"},{"floor":47.0,"key":"SteroidPotion"}],"is_trial":false,"path_per_floor":["M","$","?","?","M","R","M","M","T","M","$","M","?","M","R","B",null,"M","?","M","$","?","E","R","E","T","M","M","M","$","M","R","B",null,"M","M","?","$","M","R","E","M","T","M","?","M","M","?","R","B",null],"character_chosen":"WATCHER","items_purchased":["FlurryOfBlows","Bottled Tornado","DollysMirror","FairyPotion"],"campfire_rested":3,"item_purchase_floors":[11,21,30,38],"current_hp_per_floor":[32,32,25,25,23,44,42,42,42,39,39,25,20,13,34,10,72,60,60,59,59,59,49,49,49,49,49,49,49,49,48,69,56,72,72,71,71,71,71,71,71,71,71,71,71,71,71,71,71,59],"gold":441,"neow_bonus":"REMOVE_TWO","is_daily":false,"chose_seed":false,"campfire_upgraded":2,"win_rate":0.0,"timestamp":1609812470,"path_taken":["M","$","?","?","M","R","M","M","T","M","$","?","?","M","R","BOSS","M","?","M","$","?","E","R","E","T","M","M","?","$","M","R","BOSS","M","M","?","$","?","R","E","M","T","M","?","M","M","?","R","BOSS"],"items_purchased_type":["Card","Relic","Relic","Potion"],"build_version":"2020-12-22","purchased_purges":1,"victory":true,"max_hp_per_floor":[72,72,72,72,72,72,72,72,72,72,72,72,72,72,72,72,72,72,72,72,72,72,72,72,72,72,72,72,72,72,72,72,72,72,72,72,72,72,72,72,72,72,72,72,72,72,72,72,72,72],"card_choices":[{"not_picked":["CrushJoints","WaveOfTheHand"],"picked":"Crescendo","floor":1.0},{"not_picked":["Prostrate","Nirvana","Meditate"],"picked":"SKIP","floor":5.0},{"not_picked":["WaveOfTheHand","Nirvana","Study"],"picked":"SKIP","floor":7.0},{"not_picked":["LikeWater","JustLucky"],"picked":"ClearTheMind","floor":8.0},{"not_picked":["SignatureMove","ReachHeaven","FlyingSleeves"],"picked":"SKIP","floor":10.0},{"not_picked":["Weave","FlyingSleeves","Indignation"],"picked":"SKIP","floor":12.0},{"not_picked":["Nirvana","TalkToTheHand"],"picked":"FlurryOfBlows","floor":14.0},{"not_picked":["Devotion","MasterReality"],"picked":"Vault","floor":16.0},{"not_picked":["CutThroughFate","Protect"],"picked":"Adaptation","floor":18.0},{"not_picked":["Sanctity","CutThroughFate+1"],"picked":"FlurryOfBlows+1","floor":20.0},{"not_picked":["Ragnarok","Sanctity+1"],"picked":"ClearTheMind","floor":23.0},{"not_picked":["Halt","ClearTheMind"],"picked":"Vault","floor":25.0},{"not_picked":["Evaluate","SashWhip","CarveReality"],"picked":"SKIP","floor":27.0},{"not_picked":["SashWhip+1","PathToVictory","EmptyMind"],"picked":"SKIP","floor":28.0},{"not_picked":["BowlingBash","Consecrate","CutThroughFate"],"picked":"SKIP","floor":29.0},{"not_picked":["JustLucky","PathToVictory","ThirdEye"],"picked":"SKIP","floor":31.0},{"not_picked":["MasterReality","Brilliance"],"picked":"Scrawl","floor":33.0},{"not_picked":["Consecrate+1","Protect","FearNoEvil+1"],"picked":"SKIP","floor":35.0},{"not_picked":["DeceiveReality","WindmillStrike","CrushJoints"],"picked":"SKIP","floor":36.0},{"not_picked":["Perseverance+1","SandsOfTime+1"],"picked":"Adaptation+1","floor":39.0},{"not_picked":["Wireheading+1","ThirdEye"],"picked":"ConjureBlade","floor":41.0},{"not_picked":["CrushJoints+1","SashWhip","Swivel"],"picked":"SKIP","floor":42.0},{"not_picked":["WindmillStrike+1","ReachHeaven+1"],"picked":"FlurryOfBlows+1","floor":44.0},{"not_picked":["CrushJoints","EmptyMind+1","InnerPeace"],"picked":"SKIP","floor":46.0},{"not_picked":["Conclude","Consecrate","WindmillStrike"],"picked":"SKIP","floor":47.0}],"player_experience":188941,"relics_obtained":[{"floor":9.0,"key":"White Beast Statue"},{"floor":13.0,"key":"Shuriken"},{"floor":19.0,"key":"Red Mask"},{"floor":23.0,"key":"Toy Ornithopter"},{"floor":25.0,"key":"HornCleat"},{"floor":26.0,"key":"Bottled Lightning"},{"floor":41.0,"key":"Damaru"},{"floor":43.0,"key":"Bag of Marbles"},{"floor":45.0,"key":"Girya"}],"event_choices":[{"cards_removed":["Defend_P"],"damage_healed":0.0,"max_hp_gain":0.0,"max_hp_loss":0.0,"gold_gain":0.0,"event_name":"Golden Wing","player_choice":"Card Removal","floor":3.0,"gold_loss":0.0,"damage_taken":7.0},{"damage_healed":0.0,"max_hp_gain":0.0,"max_hp_loss":0.0,"gold_gain":0.0,"event_name":"Accursed Blacksmith","player_choice":"Forge","floor":4.0,"gold_loss":0.0,"damage_taken":0.0,"cards_upgraded":["Eruption"]},{"damage_healed":0.0,"max_hp_gain":0.0,"max_hp_loss":0.0,"gold_gain":0.0,"event_name":"Dead Adventurer","player_choice":"Searched \u00271\u0027 times","floor":13.0,"gold_loss":0.0,"damage_taken":0.0},{"damage_healed":0.0,"max_hp_gain":0.0,"max_hp_loss":0.0,"gold_gain":0.0,"event_name":"Masked Bandits","player_choice":"Fought Bandits","floor":19.0,"gold_loss":0.0,"damage_taken":0.0},{"damage_healed":0.0,"max_hp_gain":0.0,"max_hp_loss":0.0,"gold_gain":0.0,"event_name":"Ghosts","player_choice":"Ignored","floor":22.0,"gold_loss":0.0,"damage_taken":0.0},{"damage_healed":0.0,"max_hp_gain":0.0,"max_hp_loss":0.0,"gold_gain":0.0,"event_name":"Designer","player_choice":"Upgraded Two","floor":37.0,"gold_loss":40.0,"damage_taken":0.0,"cards_upgraded":["Vigilance","Vault"]},{"damage_healed":0.0,"max_hp_gain":0.0,"max_hp_loss":0.0,"gold_gain":0.0,"event_name":"MindBloom","player_choice":"Fight","floor":45.0,"gold_loss":0.0,"damage_taken":0.0},{"damage_healed":0.0,"max_hp_gain":0.0,"max_hp_loss":0.0,"gold_gain":222.0,"event_name":"Tomb of Lord Red Mask","player_choice":"Wore Mask","floor":48.0,"gold_loss":0.0,"damage_taken":0.0}],"is_beta":false,"boss_relics":[{"not_picked":["Busted Crown","Snecko Eye"],"picked":"Astrolabe"},{"not_picked":["Velvet Choker","Calling Bell"],"picked":"SacredBark"}],"items_purged_floors":[2],"is_endless":false,"potions_floor_spawned":[7,10,12,13,14,16,18,19,20,23,25,27,28,29,31,33,35,36,39,41,42,44,45,46,47],"ascension_level":4}}