{"host":"fdmexzkyss3ff9bv","time":1609884634,"event":{"mods":["BaseMod","Beaked The Cultist","BetterRewards","Downfall","Glutton Mod","Halation","Hubris","Infinite Spire","Minty Spire (QoL Compilation)","Replay The Spire","StSLib","The Animator","The Blackbeard","The Bug Knight","The Construct","The Mystic","The Servant 0.9.4","The Witch"],"gold_per_floor":[112,129,129,129,320,455,472,482,482,102,102,102,102,102,102,30,30,135,135,147,507,507,521,521,521,521,521,521,521,105,118,138,138,138],"floor_reached":33,"playtime":1378,"items_purged":["ReplayTheSpireMod:Splinters"],"score":266,"play_id":"a141f19e-439e-4d1d-9bc1-da49b373d00c","local_time":"20210105231034","is_ascension_mode":false,"campfire_choices":[{"floor":13,"key":"REST"},{"floor":25,"key":"REST"},{"floor":27,"key":"RECALL"},{"data":"Gash","floor":29,"key":"SMITH"}],"circlet_count":0,"master_deck":["Strike_B","Strike_B","Strike_B","Strike_B","Defend_B","Defend_B","Defend_B","Defend_B","Zap","Dualcast","Secret Weapon","Redo","Steam","Barrage","Gash+1","Turbo","Reinforced Body","Gash","Buffer","Self Repair","Turbo","Trip","Madness","Gash+1","FTL","expansioncontent:TimeRipple","Defragment","Compile Driver","Rip and Tear","Hologram"],"relics":["Cracked Core","Juzu Bracelet","hubris:Spice","hubris:Zylophone","Mercury Hourglass","hubris:Icosahedron","InkBottle","White Beast Statue","halation:PeacePiece","Anchor","MutagenicStrength","Boot"],"acts_visited":["Exordium","TheCity"],"potions_floor_usage":[18,23,31,31,32,33],"damage_taken":[{"damage":1,"enemies":"Cultist","floor":1,"turns":3},{"damage":5,"enemies":"Jaw Worm","floor":2,"turns":2},{"damage":18,"enemies":"3 Sentries","floor":6,"turns":5},{"damage":5,"enemies":"2 Louse","floor":7,"turns":2},{"damage":9,"enemies":"Blue Slaver","floor":8,"turns":3},{"damage":17,"enemies":"The Guardian","floor":18,"turns":10},{"damage":0,"enemies":"Chosen","floor":20,"turns":3},{"damage":0,"enemies":"Spheric Guardian","floor":23,"turns":2},{"damage":19,"enemies":"Snecko","floor":31,"turns":5},{"damage":19,"enemies":"Cultist and Chosen","floor":32,"turns":5},{"damage":10,"enemies":"Book of Stabbing","floor":33,"turns":1}],"seed_played":"-7600406450097297008","potions_obtained":[{"floor":7,"key":"AttackPotion"},{"floor":8,"key":"Adrenaline Potion"},{"floor":18,"key":"ColorlessPotion"},{"floor":20,"key":"Regen Potion"},{"floor":23,"key":"BlessingOfTheForge"},{"floor":31,"key":"Explosive Potion"},{"floor":32,"key":"construct:ShiftPotion"}],"is_trial":false,"path_per_floor":["M","M","?","?","?","E","M","M","T","$","?","$","R","PTL","PTL","$","R","B",null,"M","?","AVR","M","?","R","?","R","T","R","$","M","M","E"],"character_chosen":"DEFECT","items_purchased":["Juzu Bracelet","hubris:Spice","hubris:Spice","Self Repair","FTL","expansioncontent:TimeRipple","Boot","Defragment","Compile Driver"],"campfire_rested":2,"item_purchase_floors":[0,0,10,16,30,30,30,30,30],"current_hp_per_floor":[47,42,42,42,42,24,19,10,10,18,18,18,45,45,45,45,72,55,75,75,26,26,26,19,41,41,41,41,41,41,22,10,0,0],"gold":138,"neow_bonus":"","is_daily":false,"chose_seed":false,"campfire_upgraded":1,"win_rate":0.0,"timestamp":1609884634,"path_taken":["M","M","?","?","?","E","M","M","T","?","?","$","R","PTL","PTL","$","R","BOSS","M","?","AVR","M","?","R","?","R","T","R","$","M","M","E"],"items_purchased_type":["Relic","Relic","Relic","Card","Card","Card","Relic","Card","Card"],"build_version":"2020-12-13","purchased_purges":1,"victory":false,"max_hp_per_floor":[83,83,83,83,83,83,83,83,83,91,91,91,91,91,91,91,91,83,75,75,75,75,75,75,75,75,75,67,67,67,67,67,67,67],"card_choices":[{"not_picked":["Gash","Cold Snap"],"picked":"Steam","floor":1},{"not_picked":["Self Repair","Stack"],"picked":"Barrage","floor":2},{"not_picked":["Darkness","Heatsinks"],"picked":"Turbo","floor":5},{"not_picked":["Cold Snap","Coolheaded"],"picked":"Reinforced Body","floor":6},{"not_picked":["Hologram","Beam Cell"],"picked":"Gash","floor":7},{"not_picked":["Steam","Chaos"],"picked":"Buffer","floor":8},{"not_picked":["Creative AI","ReplayTheSpireMod:Omega Cannon"],"picked":"hubris:SpiceAddiction","floor":18},{"not_picked":["Hologram","Force Field"],"picked":"Turbo","floor":20},{"not_picked":["BasicCrystalCard+1","Undo"],"picked":"Gash","floor":23},{"not_picked":["Leap+1","Auto Shields"],"picked":"Rip and Tear","floor":31},{"not_picked":["Glacier","ReplayTheSpireMod:Repulse"],"picked":"Hologram","floor":32}],"player_experience":73608,"relics_obtained":[{"floor":6,"key":"InkBottle"},{"floor":9,"key":"White Beast Statue"},{"floor":28,"key":"hubris:Spice"}],"event_choices":[{"damage_healed":0,"gold_gain":0,"player_choice":"Fled","damage_taken":0,"max_hp_gain":0,"max_hp_loss":0,"event_name":"Scrap Ooze","floor":11,"gold_loss":0},{"damage_healed":0,"gold_gain":360,"player_choice":"CARD GOLD GOLD GOLD GOLD CARD ","damage_taken":49,"max_hp_gain":0,"max_hp_loss":0,"event_name":"Knowing Skull","floor":21,"potions_obtained":[],"gold_loss":0,"cards_obtained":["Trip","Madness"]},{"damage_healed":0,"gold_gain":0,"player_choice":"Anchor","damage_taken":0,"relics_obtained":["Anchor"],"max_hp_gain":0,"max_hp_loss":0,"event_name":"blackbeard:ShipwreckEvent","floor":24,"gold_loss":0},{"damage_healed":0,"gold_gain":0,"player_choice":"Inject Mutagens","damage_taken":0,"relics_obtained":["MutagenicStrength"],"max_hp_gain":0,"max_hp_loss":0,"event_name":"Drug Dealer","floor":26,"gold_loss":0}],"is_beta":false,"boss_relics":[{"not_picked":["Snecko Eye","hubris:Spice"],"picked":"hubris:Spice"}],"items_purged_floors":[10],"is_endless":false,"potions_floor_spawned":[7,8,18,20,23,31,32],"killed_by":"Book of Stabbing","ascension_level":0}}