{"host":"qswkx8hggytna0kc","time":1609859374,"event":{"mods":["Aspiration","BaseMod","BetterRewards","Colored Map","Colored Powertips","Highlight Path","Hubris","Mimic Mod","Minty Spire (QoL Compilation)","Quick Restart","Replay The Spire","StSLib","SuperFastMode"],"gold_per_floor":[109,129,129,145,145,145,145,70,145,95,109,126,155,172,172,270,270,287,287,287,287,287,319,319,76,76,89,89,89],"floor_reached":28,"playtime":690,"items_purged":["Regret"],"score":320,"play_id":"3e3dc403-9e59-41d0-b09b-a9933b1557cd","local_time":"20210105230934","is_ascension_mode":true,"campfire_choices":[{"data":"Toxin Wave","floor":6.0,"key":"SMITH"},{"data":"Deadly Poison","floor":15.0,"key":"SMITH"},{"floor":24,"key":"REST"}],"circlet_count":0,"master_deck":["Defend_G","Defend_G","Defend_G","Defend_G","Survivor","Neutralize","Bash","Defend_R","Deadly Poison+1","Bane","Toxin Wave+1","Crippling Poison","Replay:Poison Smokescreen","ReplayTheSpireMod:Speed Training+1","Die Die Die","Setup+1","Bite","Bite","Bite","Bite","Bite+1","Toxin Wave+1","RitualDagger","Deflect+1","Slice","Replay:Undeath\u0027s Touch"],"relics":["Ring of the Snake","Incense Burner","Gremlin Food","Replay:Bottled Steam","White Beast Statue","Toxic Egg 2","Honey Jar","PrismaticShard","Replay:PocketPolymizer","Mummified Hand","hubris:BottledRain"],"acts_visited":["Exordium","TheCity"],"potions_floor_usage":[18],"damage_taken":[{"damage":0.0,"enemies":"2 Louse","floor":1.0,"turns":3.0},{"damage":0.0,"enemies":"Small Slimes","floor":2.0,"turns":4.0},{"damage":0.0,"enemies":"Jaw Worm","floor":4.0,"turns":4.0},{"damage":1.0,"enemies":"Looter","floor":11.0,"turns":2.0},{"damage":2.0,"enemies":"2 Fungi Beasts","floor":12.0,"turns":3.0},{"damage":17.0,"enemies":"Gremlin Nob","floor":13.0,"turns":4.0},{"damage":0.0,"enemies":"3 Louse","floor":14.0,"turns":2.0},{"damage":18.0,"enemies":"Slime Boss","floor":16.0,"turns":12.0},{"damage":0,"enemies":"3 Byrds","floor":18,"turns":3},{"damage":33,"enemies":"Book of Stabbing","floor":23,"turns":6},{"damage":26,"enemies":"Shell Parasite","floor":27,"turns":5},{"damage":5,"enemies":"Shelled Parasite and Fungi","floor":28,"turns":1}],"seed_played":"-8085429534628690069","potions_obtained":[{"floor":11.0,"key":"Weak Potion"},{"floor":12.0,"key":"Elixir"},{"floor":13.0,"key":"Toxic Potion"},{"floor":14.0,"key":"SpeedPotion"},{"floor":16.0,"key":"PowerPotion"},{"floor":18,"key":"AttackPotion"},{"floor":23,"key":"FearPotion"},{"floor":27,"key":"Elixir"}],"is_trial":false,"path_per_floor":["M","M","?","M","?","R","?","$","T","?","M","M","E","M","R","B",null,"M","?","?","?","?","E","R","$","T","M","M"],"character_chosen":"THE_SILENT","items_purchased":["Mummified Hand"],"campfire_rested":1,"item_purchase_floors":[25],"current_hp_per_floor":[70,70,70,70,63,63,63,63,63,63,62,60,43,43,43,25,59,59,49,41,41,35,6,20,20,20,5,0,0],"gold":89,"neow_bonus":"ONE_RARE_RELIC","is_daily":false,"chose_seed":false,"campfire_upgraded":2,"win_rate":0.0,"timestamp":1609859374,"path_taken":["M","M","?","M","?","R","?","$","T","?","M","M","E","M","R","BOSS","M","?","?","?","?","E","R","?","T","?","M"],"items_purchased_type":["Relic"],"build_version":"2020-12-22","purchased_purges":1,"victory":false,"max_hp_per_floor":[70,70,70,70,70,70,70,70,70,70,70,70,70,70,70,70,70,70,49,49,49,49,49,49,49,49,49,49,49],"card_choices":[{"not_picked":["Flying Knee","Bane"],"picked":"Deadly Poison","floor":1.0},{"not_picked":["Choke","hubris:SlightOfHand"],"picked":"Bane","floor":2.0},{"not_picked":["Tactician","Dodge and Roll"],"picked":"Toxin Wave","floor":4.0},{"not_picked":["hubris:TrickCloak","Poisoned Stab"],"picked":"Crippling Poison","floor":11.0},{"not_picked":["ReplayTheSpireMod:Shiv Toss","Flying Knee"],"picked":"Replay:Poison Smokescreen","floor":12.0},{"not_picked":["ReplayTheSpireMod:Shiv Toss+1","ReplayTheSpireMod:From All Sides","Caltrops"],"picked":"SKIP","floor":13.0},{"not_picked":["hubris:SlightOfHand+1","Flying Knee"],"picked":"ReplayTheSpireMod:Speed Training+1","floor":14.0},{"not_picked":["Wraith Form v2","aspiration:Lunge"],"picked":"Die Die Die","floor":16.0},{"not_picked":["Leg Sweep+1","Hidden Blade+1","Bane"],"picked":"Setup+1","floor":18},{"not_picked":["Cloak And Dagger+1","Choke","Crippling Poison+1"],"picked":"Toxin Wave+1","floor":20},{"not_picked":["Clothesline+1","Dual Wield+1","Grand Finale"],"picked":"Deflect+1","floor":23},{"not_picked":["ReplayTheSpireMod:Shiv Toss+1","Anger","Rampage+1"],"picked":"Replay:Undeath\u0027s Touch","floor":27}],"player_experience":238289,"relics_obtained":[{"floor":9.0,"key":"White Beast Statue"},{"floor":13.0,"key":"Toxic Egg 2"},{"floor":20,"key":"PrismaticShard"},{"floor":23,"key":"Replay:PocketPolymizer"},{"floor":26,"key":"hubris:BottledRain"}],"event_choices":[{"damage_healed":0.0,"max_hp_gain":0.0,"max_hp_loss":0.0,"gold_gain":0.0,"event_name":"Big Fish","player_choice":"Box","floor":3.0,"gold_loss":0.0,"damage_taken":0.0,"relics_obtained":["Gremlin Food"],"cards_obtained":["Regret"]},{"damage_healed":0.0,"max_hp_gain":0.0,"max_hp_loss":0.0,"gold_gain":0.0,"event_name":"Scrap Ooze","player_choice":"Success","floor":5.0,"gold_loss":0.0,"damage_taken":7.0,"relics_obtained":["Replay:Bottled Steam"]},{"damage_healed":0.0,"max_hp_gain":0.0,"max_hp_loss":0.0,"gold_gain":0.0,"event_name":"Shining Light","player_choice":"Ignored","floor":7.0,"gold_loss":0.0,"damage_taken":0.0},{"cards_removed":["Strike_G"],"damage_healed":0.0,"max_hp_gain":0.0,"max_hp_loss":0.0,"gold_gain":0.0,"event_name":"The Cleric","player_choice":"Card Removal","floor":10.0,"gold_loss":50.0,"damage_taken":0.0},{"damage_healed":0,"gold_gain":0,"player_choice":"Became a vampire","damage_taken":0,"max_hp_gain":0,"max_hp_loss":21,"event_name":"Vampires","floor":19,"gold_loss":0,"cards_obtained":["Bite","Bite","Bite","Bite","Bite"]},{"damage_healed":0,"gold_gain":0,"player_choice":"Joined the Cult","damage_taken":6,"max_hp_gain":0,"max_hp_loss":0,"event_name":"Nest","floor":22,"gold_loss":0,"cards_obtained":["RitualDagger"]}],"is_beta":false,"boss_relics":[{"not_picked":["Astrolabe","Snecko Eye"],"picked":"Honey Jar"}],"items_purged_floors":[8],"is_endless":false,"potions_floor_spawned":[11,12,13,14,16,18,23,27],"killed_by":"Shelled Parasite and Fungi","ascension_level":5}}