{"host":"Qube","time":1609806754,"event":{"mods":["AchievementEnabler","BaseMod","Colored Map","Colored Powertips","Minty Spire (QoL Compilation)","Quick Restart","Random Character Button","StSLib"],"gold_per_floor":[119,130,146,156,168,193,193,193,193,224,243,262,278,296,296,370,370,383,403,2,22,22,57,57,87,87,101,127,127,94,128,128,204,204,214,214,225,225,225,252,252,265,319,332,6,20,20,20,20,20],"floor_reached":51,"playtime":2617,"items_purged":["Strike_G","Writhe"],"score":1312,"play_id":"53caade3-1ffb-401b-9465-ee9421ab6749","local_time":"20210104163234","is_ascension_mode":true,"campfire_choices":[{"floor":8.0,"key":"REST"},{"data":"Caltrops","floor":15.0,"key":"SMITH"},{"data":"Sadistic Nature","floor":24.0,"key":"SMITH"},{"floor":29.0,"key":"REST"},{"floor":32.0,"key":"REST"},{"data":"Neutralize","floor":41.0,"key":"SMITH"},{"data":"Die Die Die","floor":47.0,"key":"SMITH"},{"data":"Bane","floor":49.0,"key":"SMITH"}],"circlet_count":0,"master_deck":["AscendersBane","Strike_G","Strike_G+1","Strike_G","Defend_G","Defend_G","Defend_G","Defend_G","Defend_G","Survivor","Neutralize+1","Cloak And Dagger","Poisoned Stab","Skewer","Poisoned Stab+1","Blade Dance","Glass Knife+1","Caltrops+1","Bouncing Flask+1","Dodge and Roll+1","Deadly Poison+1","Dodge and Roll+1","Adrenaline+1","Deflect+1","Sadistic Nature+1","Dodge and Roll+1","Venomology+1","Leg Sweep+1","Bane+1","Prepared+1","Noxious Fumes+1","Malaise+1","Die Die Die+1"],"relics":["Ring of the Snake","Toxic Egg 2","Ice Cream","Pear","Busted Crown","Potion Belt","Tingsha","Letter Opener","White Beast Statue","Bag of Preparation","Lantern","SacredBark","Dream Catcher","Whetstone"],"acts_visited":["Exordium","TheCity","TheBeyond"],"potions_floor_usage":[50,50,50,50,50],"damage_taken":[{"damage":0.0,"enemies":"2 Louse","floor":1.0,"turns":3.0},{"damage":5.0,"enemies":"Cultist","floor":2.0,"turns":7.0},{"damage":1.0,"enemies":"Small Slimes","floor":3.0,"turns":4.0},{"damage":0.0,"enemies":"Exordium Thugs","floor":4.0,"turns":5.0},{"damage":0.0,"enemies":"2 Fungi Beasts","floor":5.0,"turns":5.0},{"damage":45.0,"enemies":"Lagavulin","floor":6.0,"turns":7.0},{"damage":16.0,"enemies":"Gremlin Nob","floor":10.0,"turns":3.0},{"damage":1.0,"enemies":"Looter","floor":11.0,"turns":3.0},{"damage":0.0,"enemies":"Exordium Thugs","floor":12.0,"turns":3.0},{"damage":0.0,"enemies":"2 Fungi Beasts","floor":13.0,"turns":2.0},{"damage":4.0,"enemies":"Exordium Wildlife","floor":14.0,"turns":4.0},{"damage":10.0,"enemies":"Hexaghost","floor":16.0,"turns":7.0},{"damage":2.0,"enemies":"Chosen","floor":18.0,"turns":4.0},{"damage":3.0,"enemies":"Shell Parasite","floor":19.0,"turns":3.0},{"damage":0.0,"enemies":"Chosen and Byrds","floor":21.0,"turns":4.0},{"damage":15.0,"enemies":"Book of Stabbing","floor":23.0,"turns":4.0},{"damage":31.0,"enemies":"Slavers","floor":25.0,"turns":5.0},{"damage":2.0,"enemies":"Cultist and Chosen","floor":27.0,"turns":5.0},{"damage":5.0,"enemies":"Gremlin Leader","floor":28.0,"turns":6.0},{"damage":6.0,"enemies":"Slavers","floor":31.0,"turns":4.0},{"damage":70.0,"enemies":"Champ","floor":33.0,"turns":9.0},{"damage":0.0,"enemies":"Orb Walker","floor":35.0,"turns":3.0},{"damage":9.0,"enemies":"3 Shapes","floor":37.0,"turns":2.0},{"damage":26.0,"enemies":"Reptomancer","floor":40.0,"turns":6.0},{"damage":0.0,"enemies":"Writhing Mass","floor":42.0,"turns":5.0},{"damage":13.0,"enemies":"Transient","floor":44.0,"turns":5.0},{"damage":0.0,"enemies":"Jaw Worm Horde","floor":46.0,"turns":3.0},{"damage":29,"enemies":"Awakened One","floor":50,"turns":12}],"seed_played":"-2029044857272237844","potions_obtained":[{"floor":2.0,"key":"DuplicationPotion"},{"floor":6.0,"key":"Swift Potion"},{"floor":10.0,"key":"Block Potion"},{"floor":12.0,"key":"SkillPotion"},{"floor":14.0,"key":"EssenceOfSteel"},{"floor":16.0,"key":"PowerPotion"},{"floor":21.0,"key":"FairyPotion"},{"floor":27.0,"key":"SkillPotion"},{"floor":28.0,"key":"SkillPotion"},{"floor":31.0,"key":"Ancient Potion"},{"floor":33.0,"key":"Weak Potion"},{"floor":35.0,"key":"Regen Potion"},{"floor":37.0,"key":"AttackPotion"},{"floor":40.0,"key":"Energy Potion"},{"floor":42.0,"key":"BlessingOfTheForge"},{"floor":44.0,"key":"ColorlessPotion"},{"floor":46.0,"key":"Fire Potion"}],"is_trial":false,"path_per_floor":["M","M","M","M","M","E","?","R","T","E","M","M","M","M","R","B",null,"M","M","$","M","?","E","R","E","T","M","E","R","$","E","R","B",null,"M","?","M","?","?","E","R","M","T","M","$","M","R","?","R","B",null],"character_chosen":"THE_SILENT","items_purchased":["Sadistic Nature","Potion Belt","Leg Sweep+1","Malaise+1","Die Die Die"],"campfire_rested":3,"item_purchase_floors":[20,20,30,45,45],"current_hp_per_floor":[65,60,59,59,59,14,14,35,35,29,28,28,28,24,24,14,65,63,60,60,60,76,61,61,30,30,28,23,47,47,41,65,24,68,68,68,59,59,75,49,49,49,49,75,75,75,75,75,75,46],"gold":20,"neow_bonus":"TEN_PERCENT_HP_BONUS","is_daily":false,"chose_seed":false,"campfire_upgraded":5,"win_rate":0.0,"timestamp":1609806754,"path_taken":["M","M","M","M","M","E","?","R","T","E","M","M","?","M","R","BOSS","M","M","?","?","?","E","R","E","T","M","E","R","$","E","R","BOSS","M","?","?","?","?","E","R","M","T","M","$","M","R","?","R","BOSS"],"items_purchased_type":["Card","Relic","Card","Card","Card"],"build_version":"2020-12-18","purchased_purges":2,"victory":true,"max_hp_per_floor":[72,72,72,72,72,72,72,72,72,82,82,82,82,82,82,82,82,82,82,82,82,82,82,82,82,82,82,82,82,82,82,82,82,82,82,82,82,82,82,82,82,82,82,82,82,82,82,79,79,79],"card_choices":[{"not_picked":["Dodge and Roll","Backflip"],"picked":"Cloak And Dagger","floor":1.0},{"not_picked":["Underhanded Strike","Prepared"],"picked":"Poisoned Stab","floor":2.0},{"not_picked":["Calculated Gamble","Bouncing Flask"],"picked":"Skewer","floor":3.0},{"not_picked":["Quick Slash","Acrobatics"],"picked":"Poisoned Stab","floor":4.0},{"not_picked":["Dagger Spray","Bane"],"picked":"Blade Dance","floor":5.0},{"not_picked":["Deadly Poison+1","A Thousand Cuts"],"picked":"Glass Knife","floor":6.0},{"not_picked":["All Out Attack","Finisher"],"picked":"Caltrops","floor":10.0},{"not_picked":["Underhanded Strike","Crippling Poison+1"],"picked":"Bouncing Flask+1","floor":11.0},{"not_picked":["Cloak And Dagger+1","Backflip+1"],"picked":"Dodge and Roll+1","floor":12.0},{"not_picked":["Predator","Poisoned Stab"],"picked":"Deadly Poison+1","floor":13.0},{"not_picked":["Sucker Punch","Flying Knee"],"picked":"Dodge and Roll+1","floor":14.0},{"not_picked":["Die Die Die","Unload"],"picked":"Adrenaline+1","floor":16.0},{"not_picked":["Dagger Throw"],"picked":"SKIP","floor":18.0},{"not_picked":[],"picked":"Deflect+1","floor":19.0},{"not_picked":["Underhanded Strike"],"picked":"SKIP","floor":21.0},{"not_picked":["Heel Hook"],"picked":"SKIP","floor":23.0},{"not_picked":[],"picked":"Dodge and Roll+1","floor":25.0},{"not_picked":["Dagger Throw"],"picked":"SKIP","floor":27.0},{"not_picked":[],"picked":"Venomology+1","floor":28.0},{"not_picked":[],"picked":"Bane","floor":31.0},{"not_picked":["Slice+1"],"picked":"SKIP","floor":35.0},{"not_picked":[],"picked":"Prepared+1","floor":37.0},{"not_picked":[],"picked":"Noxious Fumes+1","floor":40.0},{"not_picked":["Underhanded Strike"],"picked":"SKIP","floor":42.0},{"not_picked":["Outmaneuver+1"],"picked":"SKIP","floor":44.0},{"not_picked":["Slice"],"picked":"SKIP","floor":46.0}],"player_experience":759626,"relics_obtained":[{"floor":6.0,"key":"Toxic Egg 2"},{"floor":9.0,"key":"Ice Cream"},{"floor":10.0,"key":"Pear"},{"floor":23.0,"key":"Tingsha"},{"floor":25.0,"key":"Letter Opener"},{"floor":26.0,"key":"White Beast Statue"},{"floor":28.0,"key":"Bag of Preparation"},{"floor":31.0,"key":"Lantern"},{"floor":40.0,"key":"Dream Catcher"},{"floor":43.0,"key":"Whetstone"}],"event_choices":[{"damage_healed":0.0,"max_hp_gain":0.0,"max_hp_loss":0.0,"gold_gain":0.0,"event_name":"Upgrade Shrine","player_choice":"Upgraded","floor":7.0,"gold_loss":0.0,"damage_taken":0.0,"cards_upgraded":["Glass Knife"]},{"damage_healed":16.0,"max_hp_gain":0.0,"max_hp_loss":0.0,"gold_gain":0.0,"event_name":"The Library","player_choice":"Heal","floor":22.0,"gold_loss":0.0,"damage_taken":0.0},{"damage_healed":0.0,"max_hp_gain":0.0,"max_hp_loss":0.0,"gold_gain":0.0,"event_name":"SecretPortal","player_choice":"Ignored","floor":36.0,"gold_loss":0.0,"damage_taken":0.0},{"cards_removed":["Strike_G"],"damage_healed":0.0,"max_hp_gain":0.0,"max_hp_loss":0.0,"gold_gain":0.0,"event_name":"Falling","player_choice":"Removed Attack","floor":38.0,"gold_loss":0.0,"damage_taken":0.0},{"damage_healed":16.0,"max_hp_gain":0.0,"max_hp_loss":0.0,"gold_gain":0.0,"event_name":"Winding Halls","player_choice":"Writhe","floor":39.0,"gold_loss":0.0,"damage_taken":0.0,"cards_obtained":["Writhe"]},{"cards_removed":["Parasite"],"damage_healed":0.0,"max_hp_gain":0.0,"max_hp_loss":0.0,"gold_gain":0.0,"event_name":"Purifier","player_choice":"Purged","floor":48.0,"gold_loss":0.0,"damage_taken":0.0}],"is_beta":true,"boss_relics":[{"not_picked":["Fusion Hammer","WristBlade"],"picked":"Busted Crown"},{"not_picked":["Tiny House","Calling Bell"],"picked":"SacredBark"}],"items_purged_floors":[20,45],"is_endless":false,"potions_floor_spawned":[2,6,10,12,14,16,21,27,28,31,33,35,37,40,42,44,46],"ascension_level":15}}