{"host":"bg8va46pgqgvtzim","time":1609845547,"event":{"mods":["BaseMod","Minty Spire (QoL Compilation)","Quick Restart","StSLib","SuperFastMode","¡¾ÒÅÎï¿¨ÅÆ¡¿REMEMod"],"gold_per_floor":[115,133,151,163,15,40,67,101,101,63,63,83,114,127,127,224,224,234,234,37,37,55,55,82,101,125,125,27,61,61,61,61,160,160,179,190,19,119,134,167,186,203,203,229,275,298,345,357,369,381,393,405,17,49,49],"floor_reached":56,"playtime":1648,"items_purged":["Strike_G","Strike_G+1","Strike_G+1","Defend_G","Skewer+1"],"score":1841,"play_id":"bd1d18a6-fe25-4055-99af-d4150fdff14d","local_time":"20210105191907","is_ascension_mode":true,"campfire_choices":[{"floor":11.0,"key":"REST"},{"data":"Acrobatics","floor":15.0,"key":"SMITH"},{"floor":23.0,"key":"DIG"},{"floor":27.0,"key":"DIG"},{"floor":30.0,"key":"DIG"},{"floor":32.0,"key":"DIG"},{"floor":49.0,"key":"RECALL"},{"floor":52.0,"key":"DIG"}],"circlet_count":0,"master_deck":["Defend_G+1","Defend_G+1","Survivor+1","Neutralize+1","Underhanded Strike+1","REME_GreenPollution+1","Eviscerate+1","Prepared+1","Terror+1","Prepared+1","Acrobatics+1","After Image+1","CurseOfTheBell","Tactician+1","After Image","Tools of the Trade+1","REME_GreenPollution+1","Acrobatics+1","Reflex+1","Expertise+1","Prepared+1","Well Laid Plans"],"relics":["Ring of the Snake","REME_ComplimentaryCards","Membership Card","Juzu Bracelet","Odd Mushroom","Bag of Marbles","Bottled Tornado","Shovel","Calling Bell","Potion Belt","Matryoshka","Torii","Medical Kit","Anchor","Thread and Needle","The Specimen","Sundial","Lantern","Singing Bowl","REME_LimitBreaker","Happy Flower","Empty Cage","DollysMirror","Ancient Tea Set","MawBank","Kunai","Regal Pillow","Pear","Bottled Lightning","Calipers","ClockworkSouvenir","Nunchaku","REME_HourglassOfDeath"],"acts_visited":["Exordium","TheCity","TheBeyond","TheEnding"],"potions_floor_usage":[55,55,55,55],"damage_taken":[{"damage":0.0,"enemies":"2 Louse","floor":1.0,"turns":2.0},{"damage":0.0,"enemies":"Small Slimes","floor":2.0,"turns":2.0},{"damage":0.0,"enemies":"Cultist","floor":3.0,"turns":3.0},{"damage":1.0,"enemies":"Blue Slaver","floor":4.0,"turns":3.0},{"damage":4.0,"enemies":"Gremlin Nob","floor":6.0,"turns":3.0},{"damage":9.0,"enemies":"The Mushroom Lair","floor":7.0,"turns":5.0},{"damage":7.0,"enemies":"3 Sentries","floor":8.0,"turns":9.0},{"damage":0.0,"enemies":"Exordium Wildlife","floor":12.0,"turns":4.0},{"damage":14.0,"enemies":"Gremlin Nob","floor":13.0,"turns":4.0},{"damage":3.0,"enemies":"Gremlin Gang","floor":14.0,"turns":4.0},{"damage":10.0,"enemies":"Slime Boss","floor":16.0,"turns":5.0},{"damage":7.0,"enemies":"Shell Parasite","floor":18.0,"turns":4.0},{"damage":1.0,"enemies":"2 Thieves","floor":22.0,"turns":4.0},{"damage":0.0,"enemies":"Book of Stabbing","floor":24.0,"turns":3.0},{"damage":0.0,"enemies":"Snecko","floor":25.0,"turns":5.0},{"damage":0.0,"enemies":"REME_1_Revenger","floor":29.0,"turns":4.0},{"damage":0.0,"enemies":"Collector","floor":33.0,"turns":6.0},{"damage":0.0,"enemies":"Orb Walker","floor":35.0,"turns":3.0},{"damage":0.0,"enemies":"3 Shapes","floor":36.0,"turns":3.0},{"damage":0.0,"enemies":"Sphere and 2 Shapes","floor":39.0,"turns":2.0},{"damage":0.0,"enemies":"Reptomancer","floor":40.0,"turns":3.0},{"damage":0.0,"enemies":"Transient","floor":41.0,"turns":3.0},{"damage":1.0,"enemies":"3 Darklings","floor":42.0,"turns":3.0},{"damage":0.0,"enemies":"Sphere and 2 Shapes","floor":44.0,"turns":2.0},{"damage":0.0,"enemies":"Giant Head","floor":45.0,"turns":2.0},{"damage":0.0,"enemies":"Writhing Mass","floor":46.0,"turns":3.0},{"damage":0.0,"enemies":"Nemesis","floor":47.0,"turns":3.0},{"damage":0.0,"enemies":"Awakened One","floor":50.0,"turns":3.0},{"damage":0,"enemies":"Shield and Spear","floor":54,"turns":2},{"damage":0,"enemies":"The Heart","floor":55,"turns":2}],"seed_played":"8612900323780648153","potions_obtained":[{"floor":4.0,"key":"GamblersBrew"},{"floor":7.0,"key":"GamblersBrew"},{"floor":8.0,"key":"CunningPotion"},{"floor":18.0,"key":"SpeedPotion"},{"floor":22.0,"key":"Swift Potion"},{"floor":24.0,"key":"ColorlessPotion"},{"floor":35.0,"key":"DuplicationPotion"},{"floor":42.0,"key":"Strength Potion"},{"floor":44.0,"key":"Dexterity Potion"},{"floor":46.0,"key":"PowerPotion"},{"floor":54,"key":"PowerPotion"}],"is_trial":false,"path_per_floor":["M","M","M","M","$","E","?","E","T","$","R","M","E","M","R","B",null,"M","?","$","?","M","R","E","M","T","R","$","E","R","?","R","B",null,"M","M","$","?","M","E","M","M","T","M","E","M","E","?","R","B",null,"R","$","E","B",null],"character_chosen":"THE_SILENT","items_purchased":["Membership Card","Medical Kit","Anchor","After Image","REME_GreenPollution","DollysMirror","Calipers","Well Laid Plans","ClockworkSouvenir","Nunchaku"],"campfire_rested":1,"item_purchase_floors":[5,20,20,28,37,37,53,53,53,53],"current_hp_per_floor":[49,49,49,48,48,44,35,28,28,28,49,49,35,32,32,22,70,63,70,70,70,69,69,69,69,69,69,69,69,69,69,69,71,72,74,76,76,76,76,76,78,79,79,81,83,83,95,95,95,95,96,96,96,98,98],"gold":49,"neow_bonus":"TRANSFORM_TWO_CARDS","is_daily":false,"chose_seed":false,"campfire_upgraded":1,"win_rate":0.0,"timestamp":1609845547,"path_taken":["M","M","M","M","$","E","?","E","T","$","R","M","E","M","R","BOSS","M","?","$","?","M","R","E","M","T","R","$","E","R","?","R","BOSS","M","M","$","?","M","E","M","M","T","M","E","M","E","?","R","BOSS","R","$","E","BOSS"],"items_purchased_type":["Relic","Relic","Relic","Card","Card","Relic","Relic","Card","Relic","Relic"],"build_version":"2020-12-22","purchased_purges":5,"victory":true,"max_hp_per_floor":[70,70,70,70,70,70,70,70,70,70,70,70,70,70,70,70,70,70,70,70,70,70,70,70,70,70,70,70,70,70,70,70,72,72,74,76,76,76,76,76,78,80,80,82,84,84,96,96,96,96,96,96,96,98,98],"card_choices":[{"not_picked":["Backflip","Expertise"],"picked":"Underhanded Strike","floor":1.0},{"not_picked":["Dodge and Roll","Underhanded Strike"],"picked":"REME_GreenPollution","floor":2.0},{"not_picked":["Flying Knee","Quick Slash","Sucker Punch"],"picked":"SKIP","floor":3.0},{"not_picked":["Endless Agony","Poisoned Stab","Venomology"],"picked":"SKIP","floor":4.0},{"not_picked":["Sucker Punch","Dagger Spray"],"picked":"Eviscerate","floor":6.0},{"not_picked":["Calculated Gamble","Catalyst"],"picked":"Prepared","floor":7.0},{"not_picked":["Distraction","Riddle With Holes","PiercingWail"],"picked":"SKIP","floor":8.0},{"not_picked":["Quick Slash","Deadly Poison"],"picked":"Terror","floor":12.0},{"not_picked":["Well Laid Plans","Expertise"],"picked":"Prepared","floor":13.0},{"not_picked":["Slice","Backstab"],"picked":"Acrobatics","floor":14.0},{"not_picked":["Adrenaline","Night Terror"],"picked":"After Image","floor":16.0},{"not_picked":["Deadly Poison+1","Outmaneuver","Quick Slash"],"picked":"SKIP","floor":18.0},{"not_picked":["Flying Knee","Masterful Stab"],"picked":"Tactician+1","floor":22.0},{"not_picked":["Riddle With Holes","Caltrops+1","Skewer"],"picked":"SKIP","floor":24.0},{"not_picked":["Bouncing Flask","Dagger Throw","Quick Slash+1"],"picked":"SKIP","floor":25.0},{"not_picked":["Dagger Spray+1","Flechettes+1"],"picked":"Tools of the Trade","floor":29.0},{"not_picked":["REME_ShadowForm","Doppelganger","Corpse Explosion"],"picked":"Singing Bowl","floor":33.0},{"not_picked":["Cloak And Dagger+1","Outmaneuver","Leg Sweep"],"picked":"Singing Bowl","floor":35.0},{"not_picked":["Catalyst+1","Finisher","Terror+1"],"picked":"Singing Bowl","floor":36.0},{"not_picked":["Well Laid Plans","Prepared"],"picked":"Reflex+1","floor":39.0},{"not_picked":["Reflex","Storm of Steel"],"picked":"Expertise","floor":40.0},{"not_picked":["Slice","Dagger Spray+1","Expertise"],"picked":"Singing Bowl","floor":41.0},{"not_picked":["Backstab","Blade Dance+1","Bane"],"picked":"Singing Bowl","floor":42.0},{"not_picked":["Dagger Throw","Dagger Spray","Deflect"],"picked":"Singing Bowl","floor":44.0},{"not_picked":["Bane+1","Poisoned Stab","Bouncing Flask"],"picked":"Singing Bowl","floor":45.0},{"not_picked":["Dagger Throw+1","Outmaneuver"],"picked":"Prepared+1","floor":46.0},{"not_picked":["Blade Dance","REME_GreenPollution+1","Catalyst"],"picked":"Singing Bowl","floor":47.0},{"not_picked":["Outmaneuver","Flying Knee+1","Dagger Throw+1"],"picked":"Singing Bowl","floor":54}],"player_experience":2238679,"relics_obtained":[{"floor":6.0,"key":"Juzu Bracelet"},{"floor":7.0,"key":"Odd Mushroom"},{"floor":8.0,"key":"Bag of Marbles"},{"floor":9.0,"key":"Bottled Tornado"},{"floor":13.0,"key":"Shovel"},{"floor":17.0,"key":"Potion Belt"},{"floor":17.0,"key":"Matryoshka"},{"floor":17.0,"key":"Torii"},{"floor":23.0,"key":"Thread and Needle"},{"floor":24.0,"key":"The Specimen"},{"floor":26.0,"key":"Sundial"},{"floor":27.0,"key":"Lantern"},{"floor":29.0,"key":"Singing Bowl"},{"floor":30.0,"key":"REME_LimitBreaker"},{"floor":32.0,"key":"Happy Flower"},{"floor":40.0,"key":"Ancient Tea Set"},{"floor":43.0,"key":"MawBank"},{"floor":43.0,"key":"Kunai"},{"floor":45.0,"key":"Regal Pillow"},{"floor":47.0,"key":"Pear"},{"floor":52.0,"key":"Bottled Lightning"},{"floor":54,"key":"REME_HourglassOfDeath"}],"event_choices":[{"damage_healed":0.0,"max_hp_gain":0.0,"max_hp_loss":0.0,"gold_gain":0.0,"event_name":"Mushrooms","player_choice":"Fought Mushrooms","floor":7.0,"gold_loss":0.0,"damage_taken":0.0},{"cards_removed":["Backstab"],"damage_healed":7.0,"max_hp_gain":0.0,"max_hp_loss":0.0,"gold_gain":0.0,"event_name":"Bonfire Elementals","player_choice":"Offered Uncommon","floor":19.0,"gold_loss":0.0,"damage_taken":0.0},{"damage_healed":0.0,"max_hp_gain":0.0,"max_hp_loss":0.0,"gold_gain":0.0,"event_name":"The Mausoleum","player_choice":"Ignored","floor":31.0,"gold_loss":0.0,"damage_taken":0.0},{"damage_healed":0.0,"max_hp_gain":0.0,"max_hp_loss":0.0,"gold_gain":100.0,"event_name":"Golden Shrine","player_choice":"Pray","floor":38.0,"gold_loss":0.0,"damage_taken":0.0},{"cards_removed":["LessonLearned"],"damage_healed":0.0,"max_hp_gain":0.0,"max_hp_loss":0.0,"gold_gain":0.0,"event_name":"Falling","player_choice":"Removed Attack","floor":48.0,"gold_loss":0.0,"damage_taken":0.0}],"is_beta":false,"boss_relics":[{"not_picked":["Ectoplasm","Velvet Choker"],"picked":"Calling Bell"},{"not_picked":["Astrolabe","Coffee Dripper"],"picked":"Empty Cage"}],"items_purged_floors":[10,20,28,37,53],"is_endless":false,"potions_floor_spawned":[4,7,8,12,14,18,22,24,35,42,44,46,54],"ascension_level":1}}