{"host":"hig4mmxcip4vq5ai","time":1609886245,"event":{"mods":["BaseMod","Colored Powertips","Energized Spire","Infinite Spire","Lobotomy","LobotomyExtend","Minty Spire (QoL Compilation)","Small Relic Pack","StSLib"],"gold_per_floor":[111,128,128,128,128,128,161,161,161,180,192,41,41,60,60,157,157,170,170,23,23,38,38,58,58,108,127,127,142,142,159,159,261,211,224,183,183,0,12,12,82,82,82,82,35,35,46,36,36],"floor_reached":48,"playtime":2289,"items_purged":[],"score":455,"play_id":"041f2087-bdc1-4798-886f-e3d922a261fc","local_time":"20210106013725","is_ascension_mode":false,"campfire_choices":[{"data":"Bash","floor":6,"key":"SMITH"},{"data":"Clash","floor":8,"key":"SMITH"},{"data":"Shockwave","floor":15,"key":"SMITH"},{"data":"Bludgeon","floor":23,"key":"SMITH"},{"data":"Ghostly Armor","floor":25,"key":"SMITH"},{"data":"Pommel Strike","floor":30,"key":"SMITH"},{"floor":32,"key":"REST"},{"floor":40,"key":"REST"},{"data":"Limit Break","floor":42,"key":"SMITH"},{"data":"Iron Wave","floor":44,"key":"SMITH"},{"data":"Shrug It Off","floor":46,"key":"SMITH"}],"circlet_count":0,"master_deck":["Strike_R","Strike_R","Strike_R","Strike_R+1","Defend_R","Defend_R+1","Pommel Strike","QueenBee","Iron Wave+1","Funeral","Bludgeon+1","Shrug It Off+1","GreedKing","BigBadWolf","Freischutz","Uppercut+1","Parasite","MeatLantern","Pommel Strike+1","BeautyBeast","Limit Break+1","UniverseFragment","HereticApostle","True Grit","Bloodbath","Perfected Strike+1","PunishingBird","Spot Weakness+1","Woodsman","Pommel Strike","WhiteNight","Spot Weakness+1"],"relics":["Burning Blood","CogitoBucket","LetterFromLob","infinitespire:Beetle Shell","Pear","Yang_Lob","ClockworkSouvenir","ResearcherNote","Calling Bell","Blood Vial","Singing Bowl","Incense Burner","Lee\u0027s Waffle","Regal Pillow","AspirationHeart","Eternal Feather","energizedSpire:HugeHouse","BackwardClock","relicPack:OneForAll","Red Mask","infinitespire:EmpoweringShard","Gambling Chip"],"acts_visited":["Exordium","TheCity","TheBeyond"],"potions_floor_usage":[27,33],"damage_taken":[{"damage":6,"enemies":"2 Louse","floor":1,"turns":3},{"damage":12,"enemies":"Small Slimes","floor":2,"turns":3},{"damage":4,"enemies":"3 Sentries","floor":7,"turns":3},{"damage":0,"enemies":"Cultist","floor":10,"turns":2},{"damage":4,"enemies":"Exordium Wildlife","floor":11,"turns":3},{"damage":11,"enemies":"Large Slime","floor":14,"turns":2},{"damage":20,"enemies":"The Guardian","floor":16,"turns":7},{"damage":11,"enemies":"Spheric Guardian","floor":18,"turns":4},{"damage":2,"enemies":"2 Thieves","floor":22,"turns":3},{"damage":0,"enemies":"3 Cultists","floor":24,"turns":3},{"damage":40,"enemies":"Centurion and Healer","floor":27,"turns":7},{"damage":10,"enemies":"Snecko","floor":29,"turns":4},{"damage":55,"enemies":"Chosen and Byrds","floor":31,"turns":5},{"damage":27,"enemies":"Collector","floor":33,"turns":13},{"damage":5,"enemies":"Orb Walker","floor":35,"turns":4},{"damage":58,"enemies":"3 Shapes","floor":36,"turns":7},{"damage":51,"enemies":"Maw","floor":39,"turns":9},{"damage":5,"enemies":"Spire Growth","floor":47,"turns":3},{"damage":55,"enemies":"Transient","floor":48,"turns":5}],"seed_played":"8186427299797269097","potions_obtained":[{"floor":1,"key":"PowerPotion"},{"floor":10,"key":"Explosive Potion"},{"floor":14,"key":"Dexterity Potion"},{"floor":18,"key":"ElixirPotion"},{"floor":21,"key":"ElixirPotion"},{"floor":31,"key":"HeartOfIron"},{"floor":33,"key":"SteroidPotion"},{"floor":39,"key":"Strength Potion"},{"floor":47,"key":"Energy Potion"}],"is_trial":false,"path_per_floor":["M","M","?","?","?","R","E","R","T","M","M","$","?","M","R","B",null,"M","?","$","?","M","R","M","R","T","M","T","M","R","M","R","B",null,"M","M","?","?","M","R","T","R","T","R","$","R","M","M"],"character_chosen":"IRONCLAD","items_purchased":["ClockworkSouvenir","Lee\u0027s Waffle","Pommel Strike"],"campfire_rested":2,"item_purchase_floors":[12,20,45],"current_hp_per_floor":[80,74,80,80,80,80,80,80,90,90,90,90,72,67,67,55,90,85,85,97,97,99,99,101,101,101,79,79,78,93,49,112,94,108,105,54,54,54,17,81,81,99,99,104,104,104,101,60,60],"gold":36,"neow_bonus":"","is_daily":false,"chose_seed":false,"campfire_upgraded":9,"win_rate":0.0,"timestamp":1609886245,"path_taken":["M","M","?","?","?","R","E","R","T","?","M","$","?","M","R","BOSS","M","?","$","?","?","R","M","R","T","M","?","M","R","M","R","BOSS","M","M","?","?","M","R","?","R","T","R","$","R","M","?"],"items_purchased_type":["Relic","Relic","Card"],"build_version":"2020-12-22","purchased_purges":0,"victory":false,"max_hp_per_floor":[80,80,80,80,80,80,80,80,90,90,90,90,90,90,90,90,90,90,90,97,97,99,99,101,101,101,111,111,111,111,113,113,113,108,105,102,102,102,104,104,104,104,104,104,104,104,101,101,101],"card_choices":[{"not_picked":["CrumblingArmor","CherryBlossoms"],"picked":"Scorched","floor":1},{"not_picked":["Anger","Reckless Charge"],"picked":"Pommel Strike","floor":1},{"not_picked":["Wellcheers","Mercenary"],"picked":"QueenBee","floor":2},{"not_picked":["Thunderclap","True Grit"],"picked":"Clothesline","floor":2},{"not_picked":["Bloodbath","CherryBlossoms"],"picked":"WhitesApple","floor":7},{"not_picked":["Dark Embrace","Dropkick"],"picked":"Clash","floor":7},{"not_picked":["VoidDream","MeatLantern"],"picked":"Yin","floor":10},{"not_picked":["Warcry","Perfected Strike","Fiend Fire"],"picked":"SKIP","floor":10},{"not_picked":["Shrug It Off","Pummel"],"picked":"Iron Wave","floor":11},{"not_picked":["SingingMachine","SpiderBud"],"picked":"Funeral","floor":14},{"not_picked":["Ghostly Armor","Warcry"],"picked":"Shockwave","floor":14},{"not_picked":["GalaxyChild","FairyFestival"],"picked":"CrumblingArmor","floor":16},{"not_picked":["Juggernaut","Fiend Fire"],"picked":"Bludgeon","floor":16},{"not_picked":["LittleHelper","Rudolta"],"picked":"LittlePrince","floor":18},{"not_picked":["Wild Strike","Clothesline"],"picked":"Ghostly Armor","floor":18},{"not_picked":["OSAHOGD","SpiderBud"],"picked":"GreedKing","floor":22},{"not_picked":["Searing Blow","Dark Embrace","Armaments"],"picked":"Singing Bowl","floor":22},{"not_picked":["OSAHOGD","Scarecrow"],"picked":"BigBadWolf","floor":24},{"not_picked":["Metallicize","Power Through","Heavy Blade"],"picked":"Singing Bowl","floor":24},{"not_picked":["WallGazer","BigBird"],"picked":"Freischutz","floor":27},{"not_picked":["Headbutt","Brutality"],"picked":"Uppercut+1","floor":27},{"not_picked":["WallGazer","CrumblingArmor"],"picked":"MeatLantern","floor":29},{"not_picked":["Power Through","Anger+1"],"picked":"Pommel Strike","floor":29},{"not_picked":["Laetitia","WallGazer"],"picked":"BeautyBeast","floor":31},{"not_picked":["Havoc","Body Slam","Combust+1"],"picked":"Singing Bowl","floor":31},{"not_picked":["Berserk","Feed"],"picked":"Limit Break","floor":33},{"not_picked":["Scarecrow","SingingMachine"],"picked":"UniverseFragment","floor":33},{"not_picked":["LittlePrince","Laetitia","NakedNest"],"picked":"Singing Bowl","floor":35},{"not_picked":["SnowQueen","VoidDream"],"picked":"Bloodbath","floor":35},{"not_picked":["Havoc+1","Warcry+1"],"picked":"Perfected Strike+1","floor":35},{"not_picked":["OldLady","MHz"],"picked":"PunishingBird","floor":36},{"not_picked":["Headbutt","Carnage"],"picked":"Spot Weakness+1","floor":36},{"not_picked":["CherryBlossoms","Laetitia"],"picked":"Woodsman","floor":39},{"not_picked":["Evolve","Perfected Strike+1","Havoc"],"picked":"Singing Bowl","floor":39},{"not_picked":["ShyLook","WhitesApple"],"picked":"WhiteNight","floor":47},{"not_picked":["Twin Strike","Pommel Strike"],"picked":"Spot Weakness+1","floor":47}],"player_experience":416527,"relics_obtained":[{"floor":1,"key":"LetterFromLob"},{"floor":7,"key":"infinitespire:Beetle Shell"},{"floor":9,"key":"Pear"},{"floor":17,"key":"Blood Vial"},{"floor":17,"key":"Singing Bowl"},{"floor":17,"key":"Incense Burner"},{"floor":26,"key":"Regal Pillow"},{"floor":28,"key":"Eternal Feather"},{"floor":41,"key":"infinitespire:EmpoweringShard"},{"floor":43,"key":"Gambling Chip"}],"event_choices":[{"damage_healed":0,"gold_gain":0,"player_choice":"Grow","damage_taken":0,"max_hp_gain":0,"max_hp_loss":0,"event_name":"Living Wall","floor":4,"gold_loss":0,"cards_upgraded":["Clothesline"]},{"cards_removed":["Strike_R"],"damage_healed":0,"gold_gain":0,"player_choice":"Purged","damage_taken":0,"max_hp_gain":0,"max_hp_loss":0,"event_name":"Purifier","floor":5,"gold_loss":0},{"damage_healed":0,"gold_gain":0,"player_choice":"Entered Light","damage_taken":18,"max_hp_gain":0,"max_hp_loss":0,"event_name":"Shining Light","floor":13,"gold_loss":0,"cards_upgraded":["Defend_R","Strike_R"]},{"damage_healed":0,"gold_gain":0,"player_choice":"Read","damage_taken":0,"max_hp_gain":0,"max_hp_loss":0,"event_name":"The Library","floor":19,"gold_loss":0,"cards_obtained":["Shrug It Off"]},{"damage_healed":0,"gold_gain":0,"player_choice":"Got Potions","damage_taken":0,"max_hp_gain":0,"max_hp_loss":0,"event_name":"Lab","floor":21,"gold_loss":0},{"damage_healed":0,"gold_gain":0,"player_choice":"Paid","damage_taken":0,"relics_obtained":["Red Mask"],"max_hp_gain":0,"max_hp_loss":0,"event_name":"Tomb of Lord Red Mask","floor":38,"gold_loss":183}],"is_beta":false,"boss_relics":[{"not_picked":["energizedSpire:DecayingSkull","relicPack:KazumaCape"],"picked":"Calling Bell"},{"not_picked":["Black Blood","Coffee Dripper"],"picked":"energizedSpire:HugeHouse"}],"items_purged_floors":[],"is_endless":false,"potions_floor_spawned":[1,10,14,18,22,31,33,39,47],"killed_by":"Transient","ascension_level":0}}