{"host":"flm17o2q7bfjyna6","time":1609878912,"event":{"mods":["2.2 Compatiblity","Act Like it!","BaseMod","Better Altar","Better Match","Better Note","Better Sensory Stone","Better Skull","Better Third Choice","Better Vampires","Colored Map","Colored Powertips","DeckTracker","Hermit","Minty Spire (QoL Compilation)","Quick Restart","Replay The Spire","Reworked Bosses","Spicy Shops","StSLib","Wandering Minibosses"],"gold_per_floor":[114,129,146,101,101,101,101,133,133,133,160,145,0,20,20,124,124,136,61,79,79,114,114,140,140,165,165,195,195,224,18,18,113,113,129,129,351,365,365,392,392,420,471,481,496,496,522,547,547,547],"floor_reached":51,"playtime":3148,"items_purged":[],"score":1233,"play_id":"3f93ae12-bf79-4fb3-848f-1e6023e651f8","local_time":"20210105153512","is_ascension_mode":true,"campfire_choices":[{"data":"Bouncing Flask","floor":6,"key":"SMITH"},{"data":"Poisoned Stab","floor":15,"key":"SMITH"},{"data":"Backflip","floor":23,"key":"SMITH"},{"floor":27,"key":"REST"},{"data":"Infinite Blades","floor":29,"key":"SMITH"},{"floor":32,"key":"REST"},{"floor":41,"key":"REST"},{"data":"Tools of the Trade","floor":46,"key":"SMITH"},{"floor":49,"key":"REST"}],"circlet_count":0,"master_deck":["AscendersBane","Strike_G","Strike_G+1","Strike_G+1","Strike_G","Strike_G+2","Defend_G","Defend_G","Defend_G+1","Defend_G+1","Defend_G","Survivor","Neutralize+1","Dash+1","Infinite Blades+1","Bouncing Flask+1","Poisoned Stab+1","Backflip+1","Leg Sweep+1","Glass Knife","Cloak And Dagger+1","Malaise+1","Flying Knee","Blade Dance+1","Poisoned Stab+1","Blur+1","Acrobatics+1","Bane+1","Replay:Bag of Tricks+1","PiercingWail+1","Draining Mist+1","Tools of the Trade+1","Accuracy+1","Predator+1","Unload+1","ReplayTheSpireMod:Splinters","Hidden Blade+1"],"relics":["Ring of the Snake","NeowsBlessing","Meat on the Bone","Anchor","Toxic Egg 2","Kunai","ReplayFunnel","ChewingGum","Red Mask","Bronze Scales","Blue Doll","Snake Skull","Whetstone","TwistedFunnel","Black Star","Simple Rune","War Paint","Replay:Rubber Ducky","Bottled Tornado","Art of War","Shovel","Molten Egg 2","Ice Cream"],"acts_visited":["Exordium","TheCity","TheBeyond"],"potions_floor_usage":[11,22,24,28,33,33,50],"damage_taken":[{"damage":0,"enemies":"Cultist","floor":1,"turns":1},{"damage":0,"enemies":"2 Louse","floor":2,"turns":1},{"damage":0,"enemies":"Small Slimes","floor":3,"turns":2},{"damage":54,"enemies":"Gremlin Nob","floor":8,"turns":5},{"damage":15,"enemies":"Lagavulin","floor":11,"turns":6},{"damage":2,"enemies":"Exordium Thugs","floor":12,"turns":4},{"damage":1,"enemies":"Large Slime","floor":14,"turns":8},{"damage":22,"enemies":"The Guardian","floor":16,"turns":12},{"damage":6,"enemies":"3 Byrds","floor":18,"turns":5},{"damage":16,"enemies":"Chosen","floor":20,"turns":5},{"damage":5,"enemies":"Masked Bandits","floor":22,"turns":5},{"damage":36,"enemies":"Gremlin Leader","floor":24,"turns":7},{"damage":8,"enemies":"Slavers","floor":28,"turns":5},{"damage":12,"enemies":"Gremlin Leader","floor":30,"turns":7},{"damage":53,"enemies":"bossMod:newCollector","floor":33,"turns":10},{"damage":3,"enemies":"Orb Walker","floor":35,"turns":3},{"damage":21,"enemies":"3 Darklings","floor":38,"turns":4},{"damage":43,"enemies":"Reptomancer","floor":40,"turns":8},{"damage":18,"enemies":"Nemesis","floor":42,"turns":7},{"damage":0,"enemies":"Maw","floor":44,"turns":7},{"damage":0,"enemies":"4 Shapes","floor":45,"turns":4},{"damage":0,"enemies":"R_Hoarder","floor":47,"turns":8},{"damage":9,"enemies":"Time Eater","floor":50,"turns":10}],"seed_played":"5531504476063569343","potions_obtained":[{"floor":1,"key":"Elixir"},{"floor":11,"key":"Dexterity Potion"},{"floor":16,"key":"AttackPotion"},{"floor":18,"key":"FearPotion"},{"floor":24,"key":"SkillPotion"},{"floor":42,"key":"PowerPotion"}],"is_trial":false,"path_per_floor":["M","M","M","$","?","R","?","E","T","?","E","M","$","M","R","B",null,"M","?","M","?","?","R","E","?","T","R","E","R","E","$","R","B",null,"M","?","?","M","?","E","R","E","T","M","M","R","E","?","R","B",null],"character_chosen":"THE_SILENT","items_purchased":["Poisoned Stab","ReplayFunnel","TwistedFunnel","Block Potion"],"campfire_rested":4,"item_purchase_floors":[4,13,31,31],"current_hp_per_floor":[63,63,63,63,63,63,63,21,21,21,18,28,28,39,39,29,60,54,54,38,38,45,45,21,21,21,42,46,46,46,46,67,26,59,56,70,70,49,49,18,39,33,33,45,45,45,45,45,66,57],"gold":547,"neow_bonus":"THREE_ENEMY_KILL","is_daily":false,"chose_seed":false,"campfire_upgraded":5,"win_rate":0.0,"timestamp":1609878912,"path_taken":["M","M","?","?","?","R","?","E","T","?","E","M","$","?","R","BOSS","M","?","M","?","?","R","E","?","T","R","E","R","E","$","R","BOSS","M","?","?","M","?","E","R","E","T","?","M","R","E","?","R","BOSS"],"items_purchased_type":["Card","Relic","Relic","Potion"],"build_version":"2020-12-22","purchased_purges":0,"victory":true,"max_hp_per_floor":[70,70,70,70,70,70,70,70,70,70,70,70,70,70,70,70,70,70,70,70,70,70,70,70,70,70,70,70,70,70,70,70,70,70,70,70,70,70,70,70,70,70,70,70,70,70,70,70,70,70],"card_choices":[{"not_picked":["Flying Knee","PiercingWail"],"picked":"Dash","floor":1},{"not_picked":["Catalyst","ReplayTheSpireMod:The Works"],"picked":"Infinite Blades","floor":2},{"not_picked":["Acrobatics","Finisher"],"picked":"Bouncing Flask","floor":3},{"not_picked":["Sucker Punch","ReplayTheSpireMod:The Works"],"picked":"Backflip","floor":8},{"not_picked":["Bane","Footwork"],"picked":"Leg Sweep+1","floor":11},{"not_picked":["Acrobatics+1","Riddle With Holes"],"picked":"Glass Knife","floor":12},{"not_picked":["Flying Knee","Poisoned Stab"],"picked":"Cloak And Dagger+1","floor":14},{"not_picked":["A Thousand Cuts","Storm of Steel+1"],"picked":"Malaise+1","floor":16},{"not_picked":["Backflip+1","Choke+1"],"picked":"Flying Knee","floor":18},{"not_picked":["Dodge and Roll+1","Quick Slash"],"picked":"Blade Dance+1","floor":20},{"not_picked":["Bouncing Flask+1","Outmaneuver+1"],"picked":"Poisoned Stab+1","floor":22},{"not_picked":["Deflect+1","Poisoned Stab"],"picked":"Blur+1","floor":24},{"not_picked":["Infinite Blades","Deadly Poison+1"],"picked":"Acrobatics+1","floor":28},{"not_picked":["Sucker Punch","Dodge and Roll+1"],"picked":"Bane+1","floor":30},{"not_picked":["A Thousand Cuts","After Image"],"picked":"Replay:Bag of Tricks+1","floor":33},{"not_picked":["Backflip+1","Underhanded Strike"],"picked":"PiercingWail+1","floor":35},{"not_picked":["Distraction+1","PiercingWail+1"],"picked":"Draining Mist+1","floor":38},{"not_picked":["Outmaneuver+1","Dagger Throw"],"picked":"Tools of the Trade","floor":40},{"not_picked":["Blade Dance+1","Backstab+1"],"picked":"Accuracy+1","floor":42},{"not_picked":["Flying Knee+1","Slice","Bane+1"],"picked":"SKIP","floor":44},{"not_picked":["Backflip+1","Distraction+1"],"picked":"Predator+1","floor":45},{"not_picked":["Acrobatics+1","Underhanded Strike+1"],"picked":"Unload+1","floor":47},{"not_picked":["Well Laid Plans+1","Quick Slash+1"],"picked":"Hidden Blade+1","floor":48}],"player_experience":1632625,"relics_obtained":[{"floor":8,"key":"Anchor"},{"floor":9,"key":"Toxic Egg 2"},{"floor":11,"key":"Kunai"},{"floor":22,"key":"Red Mask"},{"floor":24,"key":"Bronze Scales"},{"floor":26,"key":"Blue Doll"},{"floor":28,"key":"Snake Skull"},{"floor":30,"key":"Whetstone"},{"floor":40,"key":"Simple Rune"},{"floor":40,"key":"War Paint"},{"floor":42,"key":"Replay:Rubber Ducky"},{"floor":42,"key":"Bottled Tornado"},{"floor":43,"key":"Art of War"},{"floor":47,"key":"Shovel"},{"floor":47,"key":"Molten Egg 2"},{"floor":48,"key":"Ice Cream"}],"event_choices":[{"damage_healed":0,"gold_gain":0,"player_choice":"Box","damage_taken":0,"relics_obtained":["Meat on the Bone"],"max_hp_gain":0,"max_hp_loss":0,"event_name":"Big Fish","floor":5,"gold_loss":0,"cards_obtained":["Regret"]},{"damage_healed":0,"gold_gain":0,"player_choice":"Upgraded","damage_taken":0,"max_hp_gain":0,"max_hp_loss":0,"event_name":"Upgrade Shrine","floor":10,"gold_loss":0,"cards_upgraded":["Dash"]},{"damage_healed":0,"gold_gain":0,"player_choice":"2","damage_taken":0,"max_hp_gain":0,"max_hp_loss":0,"event_name":"betterMatch:BetterMatch","floor":19,"gold_loss":0,"cards_obtained":["betterMatch:UncommonCard"]},{"cards_removed":["Strike_G"],"damage_healed":0,"gold_gain":0,"player_choice":"Give","damage_taken":0,"max_hp_gain":0,"max_hp_loss":0,"event_name":"betterNote:BetterNote","floor":21,"gold_loss":0,"cards_obtained":["betterMatch:CurseCard"]},{"damage_healed":0,"gold_gain":0,"player_choice":"Fought Bandits","damage_taken":0,"max_hp_gain":0,"max_hp_loss":0,"event_name":"Masked Bandits","floor":22,"gold_loss":0},{"damage_healed":0,"gold_gain":0,"player_choice":"Ignored","damage_taken":0,"max_hp_gain":0,"max_hp_loss":0,"event_name":"Ghosts","floor":25,"gold_loss":0},{"damage_healed":18,"gold_gain":0,"player_choice":"Writhe","damage_taken":0,"max_hp_gain":0,"max_hp_loss":0,"event_name":"Winding Halls","floor":36,"gold_loss":0,"cards_obtained":["Writhe"]},{"damage_healed":0,"gold_gain":222,"player_choice":"Wore Mask","damage_taken":0,"max_hp_gain":0,"max_hp_loss":0,"event_name":"Tomb of Lord Red Mask","floor":37,"gold_loss":0},{"cards_removed":["Writhe","Regret"],"damage_healed":0,"gold_gain":0,"player_choice":"Removed Curses","damage_taken":0,"max_hp_gain":0,"max_hp_loss":0,"event_name":"Fountain of Cleansing","floor":39,"gold_loss":0}],"is_beta":false,"boss_relics":[{"not_picked":["Runic Pyramid","SacredBark"],"picked":"ChewingGum"},{"not_picked":["Replay:Drink Me","Snecko Scales"],"picked":"Black Star"}],"items_purged_floors":[],"is_endless":false,"potions_floor_spawned":[1,11,16,18,20,24,42],"ascension_level":10}}