{"host":"6qo42zgaknezulyg","time":1609850439,"event":{"mods":["2.2 Compatiblity","BaseMod","Colored Map","Downfall","Keyboard Shortcuts","Minty Spire (QoL Compilation)","Permanent Neow","Quick Restart","StSLib","SuperFastMode"],"gold_per_floor":[99,109,126,137,137,287,335,364,374,387,53,53,53,64,74,175,175,175,187,204,204,0,0,0,0,19,19,37,110,110,120,133,228,228,228,228,228,69,89,113,124,81,81,81,92,92,116,131,131],"floor_reached":50,"playtime":2251,"items_purged":["Decay","bronze:Strike"],"score":872,"play_id":"93d9adfc-a2f8-46df-a521-2c91a4c3fcdf","local_time":"20210105214039","is_ascension_mode":true,"campfire_choices":[{"floor":1.0,"key":"REST"},{"data":"bronze:Format","floor":18.0,"key":"SMITH"},{"floor":27.0,"key":"REST"},{"floor":30.0,"key":"REST"},{"data":"expansioncontent:StudyTheSpire","floor":35.0,"key":"SMITH"},{"floor":44,"key":"REST"},{"data":"bronze:Format","floor":46,"key":"SMITH"}],"circlet_count":0,"master_deck":["bronze:Defend","bronze:Defend","bronze:Defend","bronze:Defend","bronze:Replicate","bronze:Goto","bronze:ChildClass","bronze:Branch","bronze:Fortify","CurseOfTheBell","bronze:InfiniteLoop","bronze:ForLoop","bronze:MaxOutput","bronze:DelayedSlice","bronze:Format+1","bronze:Repulsor","expansioncontent:Collect","bronze:ChildClass","bronze:Format+1","bronze:Fortify","bronze:HyperBeam","expansioncontent:StudyTheSpire+1","bronze:Frontload","bronze:Format","bronze:Return+1","bronze:ChildClass+1"],"relics":["bronze:BronzeCore","Calling Bell","Omamori","Mummified Hand","Ginger","Akabeko","Lantern","Velvet Choker","Nilry\u0027s Codex","White Beast Statue","Ornamental Fan","Snecko Eye","downfall:TeleportStone","Chemical X","Orichalcum","Ice Cream","Ancient Tea Set"],"acts_visited":["Exordium","TheCity","TheBeyond"],"potions_floor_usage":[49,49],"damage_taken":[{"damage":1.0,"enemies":"2 Louse","floor":2.0,"turns":5.0},{"damage":1.0,"enemies":"Jaw Worm","floor":3.0,"turns":4.0},{"damage":0.0,"enemies":"Small Slimes","floor":4.0,"turns":3.0},{"damage":10.0,"enemies":"3 Sentries","floor":8.0,"turns":7.0},{"damage":3.0,"enemies":"Exordium Thugs","floor":9.0,"turns":4.0},{"damage":10.0,"enemies":"Blue Slaver","floor":10.0,"turns":2.0},{"damage":2.0,"enemies":"downfall:FleeingMerchant","floor":11.0,"turns":4.0},{"damage":0.0,"enemies":"Large Slime","floor":14.0,"turns":4.0},{"damage":3.0,"enemies":"3 Louse","floor":15.0,"turns":3.0},{"damage":1.0,"enemies":"downfall:Ironclad","floor":16.0,"turns":6.0},{"damage":3.0,"enemies":"3 Byrds","floor":19.0,"turns":5.0},{"damage":1.0,"enemies":"Centurion and Healer","floor":20.0,"turns":5.0},{"damage":0.0,"enemies":"downfall:FleeingMerchant","floor":22.0,"turns":4.0},{"damage":6.0,"enemies":"3 Cultists","floor":26.0,"turns":4.0},{"damage":0.0,"enemies":"Snake Plant","floor":28.0,"turns":3.0},{"damage":1.0,"enemies":"Centurion and Healer","floor":31.0,"turns":5.0},{"damage":1.0,"enemies":"3 Cultists","floor":32.0,"turns":4.0},{"damage":53.0,"enemies":"downfall:Silent","floor":33.0,"turns":10.0},{"damage":0.0,"enemies":"downfall:FleeingMerchant","floor":38.0,"turns":4.0},{"damage":0.0,"enemies":"3 Shapes","floor":39.0,"turns":2.0},{"damage":9,"enemies":"3 Darklings","floor":41,"turns":3},{"damage":0,"enemies":"downfall:FleeingMerchant","floor":42,"turns":2},{"damage":0,"enemies":"4 Shapes","floor":45,"turns":2},{"damage":0,"enemies":"Spire Growth","floor":48,"turns":3},{"damage":11,"enemies":"downfall:Watcher","floor":49,"turns":9}],"seed_played":"8771070201618610906","potions_obtained":[{"floor":3.0,"key":"bronze:BurnAndBuffPotion"},{"floor":8.0,"key":"BlessingOfTheForge"},{"floor":9.0,"key":"Guardian:BlockOnCardUsePotion"},{"floor":10.0,"key":"Ancient Potion"},{"floor":19.0,"key":"LiquidBronze"},{"floor":26.0,"key":"LiquidMemories"},{"floor":28.0,"key":"Weak Potion"},{"floor":31.0,"key":"bronze:CleanCodePotion"},{"floor":41,"key":"hexamod:SoulburnPotion"}],"is_trial":false,"path_per_floor":["R","M","M","M","?","?","T","E","M","M","$","?","?","M","M","B",null,"R","M","M","?","$","?","T","?","M","R","M","T","R","M","M","B",null,"R","?","?","$","M","T","M","$","?","R","M","R","?","M","B",null],"character_chosen":"THE_AUTOMATON","items_purchased":["bronze:Format","bronze:Repulsor","expansioncontent:Collect","expansioncontent:StudyTheSpire","Chemical X","Ice Cream"],"campfire_rested":4,"item_purchase_floors":[11,11,11,22,38,42],"current_hp_per_floor":[66,65,64,64,64,64,64,54,51,41,39,39,39,39,36,35,61,61,58,57,41,41,41,41,41,35,56,56,56,70,69,68,15,56,56,56,56,56,56,56,47,47,47,68,68,68,68,68,57],"gold":131,"neow_bonus":"REMOVE_TWO","is_daily":false,"chose_seed":false,"campfire_upgraded":3,"win_rate":0.0,"timestamp":1609850439,"path_taken":["R","M","M","M","?","?","T","E","M","M","?","?","?","?","M","BOSS","R","M","M","?","$","?","T","?","M","R","M","?","R","M","M","BOSS","R","?","?","$","?","T","M","$","?","R","M","R","?","M","BOSS"],"items_purchased_type":["Card","Card","Card","Card","Relic","Relic"],"build_version":"2020-12-22","purchased_purges":2,"victory":true,"max_hp_per_floor":[70,70,70,70,70,70,70,70,70,70,70,70,70,70,70,70,70,70,70,70,70,70,70,70,70,70,70,70,70,70,70,70,70,70,70,70,70,70,70,70,70,70,70,70,70,70,70,70,70],"card_choices":[{"not_picked":["bronze:Invalidate","bronze:ChosenStrike"],"picked":"bronze:ChildClass","floor":2.0},{"not_picked":["bronze:FineTuning","bronze:Constructor"],"picked":"bronze:Branch","floor":3.0},{"not_picked":["bronze:FollowUp","bronze:DelayedSlice"],"picked":"bronze:Fortify","floor":4.0},{"not_picked":["bronze:WhirlingStrike","bronze:Shield","bronze:BurnOut"],"picked":"SKIP","floor":8.0},{"not_picked":["bronze:Shield","bronze:ClassDefault"],"picked":"bronze:ForLoop","floor":9.0},{"not_picked":["bronze:ChosenStrike","bronze:CutThrough"],"picked":"bronze:MaxOutput","floor":10.0},{"not_picked":["bronze:Refactor","bronze:BugBarrage"],"picked":"bronze:DelayedSlice","floor":11.0},{"not_picked":["bronze:Refactor","bronze:Iterate","bronze:CloningBeam"],"picked":"SKIP","floor":14.0},{"not_picked":["bronze:Constructor","bronze:Invalidate"],"picked":"bronze:ChildClass","floor":15.0},{"not_picked":["bronze:AlphaBuild","bronze:Verify"],"picked":"bronze:Format","floor":16.0},{"not_picked":["bronze:DelayedSlice","bronze:BugBarrage"],"picked":"bronze:Fortify","floor":19.0},{"not_picked":["bronze:Turbo","bronze:Allocate+1","bronze:InfiniteBeams"],"picked":"SKIP","floor":20.0},{"not_picked":["bronze:Invalidate+1","bronze:ItsAFeature"],"picked":"bronze:HyperBeam","floor":22.0},{"not_picked":["bronze:Branch","bronze:ChosenStrike+1","bronze:ForLoop+1"],"picked":"SKIP","floor":26.0},{"not_picked":["bronze:ItsAFeature","bronze:Overheat"],"picked":"bronze:Frontload","floor":28.0},{"not_picked":["bronze:WhirlingStrike","bronze:DarkDash","bronze:HardenedForm"],"picked":"SKIP","floor":31.0},{"not_picked":["bronze:BugBarrage","bronze:Terminator","bronze:Overload"],"picked":"SKIP","floor":32.0},{"not_picked":["bronze:InfiniteLoop","bronze:CleanCode"],"picked":"bronze:Format","floor":33.0},{"not_picked":["bronze:DelayedGuard+1","bronze:ChosenStrike","bronze:RecursiveStrike+1"],"picked":"SKIP","floor":38.0},{"not_picked":["bronze:Iterate","bronze:BronzeOrb","bronze:Invalidate"],"picked":"SKIP","floor":39.0},{"not_picked":["bronze:DelayedSlice","bronze:CutThrough","bronze:Overheat"],"picked":"SKIP","floor":41},{"not_picked":["bronze:BuggyMess","bronze:BugBarrage+1","bronze:WildBeam"],"picked":"SKIP","floor":42},{"not_picked":["bronze:CloningBeam+1","bronze:Separator+1"],"picked":"bronze:Return+1","floor":45},{"not_picked":["bronze:Invalidate","bronze:CutThrough"],"picked":"bronze:ChildClass+1","floor":48}],"player_experience":1106019,"relics_obtained":[{"floor":5.0,"key":"Omamori"},{"floor":5.0,"key":"Mummified Hand"},{"floor":5.0,"key":"Ginger"},{"floor":7.0,"key":"Akabeko"},{"floor":8.0,"key":"Lantern"},{"floor":21.0,"key":"Nilry\u0027s Codex"},{"floor":24.0,"key":"White Beast Statue"},{"floor":29.0,"key":"Ornamental Fan"},{"floor":40.0,"key":"Orichalcum"},{"floor":47,"key":"Ancient Tea Set"}],"event_choices":[{"damage_healed":0.0,"max_hp_gain":0.0,"max_hp_loss":0.0,"gold_gain":0.0,"event_name":"Vampires","player_choice":"Ignored","floor":25.0,"gold_loss":0.0,"damage_taken":0.0},{"damage_healed":0,"gold_gain":0,"player_choice":"Ignored","damage_taken":0,"max_hp_gain":0,"max_hp_loss":0,"event_name":"Mysterious Sphere","floor":43,"gold_loss":0}],"is_beta":false,"boss_relics":[{"not_picked":["Busted Crown","Runic Pyramid"],"picked":"Velvet Choker"},{"not_picked":["Fusion Hammer","Astrolabe"],"picked":"Snecko Eye"}],"items_purged_floors":[11,42],"is_endless":false,"potions_floor_spawned":[3,8,9,10,14,19,26,28,31,32,33,38,39,41,42,45,48],"ascension_level":6}}