{"host":"njb27ds59h4j3ikk","time":1609809868,"event":{"mods":["AchievementEnabler","BaseMod","Better Altar","Better Match","Better Note","Better Sensory Stone","Better Skull","Better Third Choice","BetterRewards","Downfall","Hermit","Hubris","Minty Spire (QoL Compilation)","Permanent Neow","Quarter Circle Forward PUNCH!","Quick Restart","Rare Cards Sparkle","Replay The Spire","Shop Mod","StSLib","Trackpad","Transform Curses"],"gold_per_floor":[48,61,61,74,20,46,46,62,111,129,129,197,209,6,6,110,110,130,180,230,300,52,84,84,111,136,136,147,172,222,222,222,222],"floor_reached":31,"playtime":1564,"items_purged":[],"score":465,"play_id":"fbfff4ca-9313-49ff-9fa5-705efff59f30","local_time":"20210104202428","is_ascension_mode":true,"campfire_choices":[{"data":"champ:FalseCounter","floor":7.0,"key":"SMITH"},{"floor":11.0,"key":"REST"},{"floor":15.0,"key":"REST"},{"data":"champ:Taunt","floor":24.0,"key":"SMITH"},{"data":"champ:CalledShot","floor":27.0,"key":"SMITH"}],"circlet_count":0,"master_deck":["champ:Strike","champ:Strike","champ:Strike","champ:Defend","champ:Defend","champ:Execute","champ:Taunt+1","champ:FanOfKnives","champ:ArenaPreparation","champ:FalseCounter+1","champ:EndlessRage+1","champ:CalledShot+1","champ:AdrenalArmor","champ:Riposte","champ:TornadoPunch","champ:EnGarde+1","champ:CrownThrow","Crescendo","sneckomod:SoulRoll","sneckomod:TrashToTreasure","champ:Circumvent","champ:TornadoPunch+1","champ:Circumvent+1","Trip","champ:Aggression","champ:DefensiveStyle","champ:RisingSlash+1","champ:FightOn","champ:GladiatorStyle","champ:BerserkerStyle"],"relics":["champ:ChampionCrown","Counterbalance","trackpad:RapidFire","SsserpentHead","Replay:Ringing Soul","hubris:TenFootPole","champ:BerserkersGuideToSlaughter","qcfpunch:Killian_Engine_Alpha","Sling","Orichalcum","Bag of Preparation","Ornamental Fan"],"acts_visited":["Exordium","TheCity"],"potions_floor_usage":[31,31],"damage_taken":[{"damage":5.0,"enemies":"Small Slimes","floor":1.0,"turns":3.0},{"damage":0.0,"enemies":"Cultist","floor":2.0,"turns":2.0},{"damage":31.0,"enemies":"Jaw Worm","floor":4.0,"turns":2.0},{"damage":62.0,"enemies":"Gremlin Nob","floor":6.0,"turns":5.0},{"damage":23.0,"enemies":"2 Fungi Beasts","floor":8.0,"turns":4.0},{"damage":32.0,"enemies":"Gremlin Gang","floor":10.0,"turns":3.0},{"damage":31.0,"enemies":"Large Slime","floor":12.0,"turns":4.0},{"damage":26.0,"enemies":"Exordium Wildlife","floor":13.0,"turns":3.0},{"damage":53.0,"enemies":"Hexaghost","floor":16.0,"turns":8.0},{"damage":65.0,"enemies":"Chosen","floor":18.0,"turns":8.0},{"damage":25.0,"enemies":"Spheric Guardian","floor":21.0,"turns":4.0},{"damage":49.0,"enemies":"Book of Stabbing","floor":23.0,"turns":6.0},{"damage":51.0,"enemies":"Replay:Snechameleon","floor":25.0,"turns":5.0},{"damage":34.0,"enemies":"Cultist and Chosen","floor":28.0,"turns":7.0},{"damage":21.0,"enemies":"Gremlin Leader","floor":29.0,"turns":5.0},{"damage":19.0,"enemies":"Gremlin Leader","floor":30.0,"turns":6.0},{"damage":30,"enemies":"Book of Stabbing","floor":31,"turns":2}],"seed_played":"-1403662750423633572","potions_obtained":[{"floor":6.0,"key":"LiquidMemories"},{"floor":8.0,"key":"Block Potion"},{"floor":12.0,"key":"Ancient Potion"},{"floor":13.0,"key":"sneckomod:MuddlingPotion"},{"floor":23.0,"key":"Guardian:BlockOnCardUsePotion"},{"floor":29.0,"key":"Dexterity Potion"},{"floor":30.0,"key":"qcfpunch:Challenger_Coin"}],"is_trial":false,"path_per_floor":["M","M","?","M","$","E","R","M","T","M","R","M","M","$","R","B",null,"M","?","?","M","$","E","R","E","T","R","M","E","?","E"],"character_chosen":"THE_CHAMP","items_purchased":["trackpad:RapidFire","champ:EndlessRage+1","champ:BerserkersGuideToSlaughter","champ:EnGarde+1","Sling","Trip"],"campfire_rested":2,"item_purchase_floors":[0,5,14,14,22,22],"current_hp_per_floor":[90,90,90,79,79,44,44,34,34,15,44,37,19,22,54,30,114,66,69,130,108,111,72,72,50,50,50,26,23,12,0,0,0],"gold":222,"neow_bonus":"","is_daily":false,"chose_seed":false,"campfire_upgraded":3,"win_rate":0.0,"timestamp":1609809868,"path_taken":["M","M","?","M","$","E","R","M","T","M","R","?","M","$","R","BOSS","M","?","?","?","$","E","R","E","T","R","M","E","?","E"],"items_purchased_type":["Relic","Card","Relic","Card","Relic","Card"],"build_version":"2020-12-22","purchased_purges":0,"victory":false,"max_hp_per_floor":[90,90,90,90,90,93,93,96,96,99,99,102,105,108,108,111,114,117,120,130,133,136,139,139,142,142,142,145,148,151,151,151,151],"card_choices":[{"not_picked":["champ:CrookedStrike","champ:Lariat"],"picked":"champ:FanOfKnives","floor":1.0},{"not_picked":["champ:BladeFlurry","champ:Haymaker"],"picked":"champ:ArenaPreparation","floor":2.0},{"not_picked":["champ:DeathBlow","champ:FlashCut"],"picked":"champ:FalseCounter","floor":4.0},{"not_picked":["champ:RageSigil","champ:ShieldSigil"],"picked":"champ:ShieldSlam","floor":6.0},{"not_picked":["champ:BringItOn","champ:CrookedStrike"],"picked":"champ:CalledShot","floor":8.0},{"not_picked":["champ:BringItOn","champ:BerserkersShout"],"picked":"champ:AdrenalArmor","floor":10.0},{"not_picked":["champ:ShieldSigil","champ:BerserkersShout"],"picked":"champ:Riposte","floor":12.0},{"not_picked":["champ:StanceDance","champ:Haymaker"],"picked":"champ:TornadoPunch","floor":13.0},{"not_picked":["champ:IgnorePain","champ:SwordThrow"],"picked":"champ:CrownThrow","floor":16.0},{"not_picked":["champ:Haymaker","champ:BringItOn"],"picked":"champ:Circumvent","floor":18.0},{"not_picked":["champ:TornadoPunch","champ:EnGarde"],"picked":"champ:Circumvent+1","floor":21.0},{"not_picked":["champ:SkillfulDodge","champ:StanceDance"],"picked":"champ:Aggression","floor":23.0},{"not_picked":["champ:FanOfKnives","champ:DefensiveShout"],"picked":"champ:DefensiveStyle","floor":25.0},{"not_picked":["champ:Haymaker","champ:StanceDance"],"picked":"champ:RisingSlash+1","floor":28.0},{"not_picked":["champ:TornadoPunch","champ:PreciseThrust"],"picked":"champ:FightOn","floor":29.0},{"not_picked":["champ:DefensiveStyle+1","champ:EnchantShield"],"picked":"champ:GladiatorStyle","floor":30.0},{"not_picked":["champ:TornadoPunch","champ:DeathBlow"],"picked":"champ:BerserkerStyle","floor":30.0}],"player_experience":1210100,"relics_obtained":[{"floor":6.0,"key":"Replay:Ringing Soul"},{"floor":9.0,"key":"hubris:TenFootPole"},{"floor":23.0,"key":"Orichalcum"},{"floor":25.0,"key":"Bag of Preparation"},{"floor":29.0,"key":"Ornamental Fan"}],"event_choices":[{"damage_healed":0.0,"max_hp_gain":0.0,"max_hp_loss":0.0,"gold_gain":0.0,"event_name":"FaceTrader","player_choice":"Trade","floor":3.0,"gold_loss":0.0,"damage_taken":0.0,"relics_obtained":["SsserpentHead"]},{"cards_removed":["champ:TornadoPunch"],"damage_healed":0.0,"max_hp_gain":0.0,"max_hp_loss":0.0,"gold_gain":0.0,"event_name":"betterNote:BetterNote","player_choice":"Take \u0026 Give","floor":19.0,"gold_loss":0.0,"damage_taken":0.0,"cards_obtained":["champ:TornadoPunch"]},{"cards_removed":["champ:ShieldSlam"],"damage_healed":51.0,"max_hp_gain":10.0,"max_hp_loss":0.0,"gold_gain":0.0,"event_name":"Bonfire Elementals","player_choice":"Offered Rare","floor":20.0,"gold_loss":0.0,"damage_taken":0.0}],"is_beta":false,"boss_relics":[{"not_picked":["ChewingGum","Astrolabe"],"picked":"qcfpunch:Killian_Engine_Alpha"}],"items_purged_floors":[],"is_endless":false,"potions_floor_spawned":[6,8,12,13,23,29],"killed_by":"Book of Stabbing","ascension_level":1}}