{"host":"g5zc4ej6zn2at89o","time":1609817192,"event":{"mods":["2.2 Compatiblity","AchievementEnabler","BaseMod","Colored Map","DeckTracker","Highlight Path","KOR Keyword Fix","Keyboard Shortcuts","Minty Spire (QoL Compilation)","Permanent Neow","Quick Restart","Say the Spire","StSLib","SuperFastMode","everything is the same but u backflip on backflip"],"gold_per_floor":[19,19,19,19,194,194,210,228,228,228,244,319,334,348,348,478,478,499,499,524,539,555,555,74,74,126,126,0,35,35,53,53,174,174,193,193,213,231,93,93,159,120,147,181,181,214,235,235,235,235],"floor_reached":51,"playtime":2618,"items_purged":["Doubt"],"score":851,"play_id":"ea01d00d-7b25-48a5-a68a-6cf05ea07daf","local_time":"20210105122632","is_ascension_mode":true,"campfire_choices":[{"data":"Heavy Blade","floor":6.0,"key":"SMITH"},{"data":"Bash","floor":10.0,"key":"SMITH"},{"data":"Spot Weakness","floor":15.0,"key":"SMITH"},{"data":"Bludgeon","floor":23.0,"key":"SMITH"},{"data":"Offering","floor":25.0,"key":"SMITH"},{"data":"Shrug It Off","floor":27.0,"key":"SMITH"},{"floor":32.0,"key":"REST"},{"data":"Impervious","floor":40.0,"key":"SMITH"},{"data":"Bloodletting","floor":45.0,"key":"SMITH"},{"floor":49,"key":"REST"}],"circlet_count":0,"master_deck":["Strike_R","Strike_R","Defend_R","Defend_R","Defend_R+1","Defend_R+1","Bash+1","Berserk+1","Heavy Blade+1","Infernal Blade+1","Spot Weakness+1","Inflame","Bludgeon+1","Bloodletting+1","Shrug It Off+1","Evolve","Offering+1","Ghostly Armor+1","Disarm+1","Demon Form+1","Limit Break+1","Feel No Pain+1","Disarm+1","Rage","Havoc+1","Impervious+1","Battle Trance+1","Rupture+1","Seeing Red+1","Infernal Blade+1","Madness","Madness"],"relics":["Burning Blood","Golden Idol","Bronze Scales","War Paint","Velvet Choker","Gambling Chip","Frozen Egg 2","Orichalcum","HornCleat","Astrolabe","Prayer Wheel","Vajra","Letter Opener","Smiling Mask"],"acts_visited":["Exordium","TheCity","TheBeyond"],"potions_floor_usage":[],"damage_taken":[{"damage":3.0,"enemies":"2 Louse","floor":1.0,"turns":3.0},{"damage":2.0,"enemies":"Small Slimes","floor":7.0,"turns":4.0},{"damage":9.0,"enemies":"Cultist","floor":8.0,"turns":4.0},{"damage":4.0,"enemies":"Blue Slaver","floor":11.0,"turns":4.0},{"damage":5.0,"enemies":"Lots of Slimes","floor":13.0,"turns":5.0},{"damage":0.0,"enemies":"Red Slaver","floor":14.0,"turns":1.0},{"damage":15.0,"enemies":"The Guardian","floor":16.0,"turns":6.0},{"damage":10.0,"enemies":"Shell Parasite","floor":18.0,"turns":4.0},{"damage":10.0,"enemies":"3 Byrds","floor":20.0,"turns":4.0},{"damage":15.0,"enemies":"Centurion and Healer","floor":21.0,"turns":5.0},{"damage":29.0,"enemies":"Snake Plant","floor":22.0,"turns":3.0},{"damage":15.0,"enemies":"Book of Stabbing","floor":29.0,"turns":3.0},{"damage":0.0,"enemies":"Sentry and Sphere","floor":31.0,"turns":3.0},{"damage":44.0,"enemies":"Champ","floor":33.0,"turns":7.0},{"damage":3.0,"enemies":"Orb Walker","floor":35.0,"turns":3.0},{"damage":6.0,"enemies":"3 Shapes","floor":37.0,"turns":3.0},{"damage":9.0,"enemies":"3 Darklings","floor":38.0,"turns":8.0},{"damage":6.0,"enemies":"2 Orb Walkers","floor":41.0,"turns":4.0},{"damage":6.0,"enemies":"Nemesis","floor":44.0,"turns":5.0},{"damage":10.0,"enemies":"Giant Head","floor":46.0,"turns":6.0},{"damage":10,"enemies":"4 Shapes","floor":47,"turns":7},{"damage":13,"enemies":"Time Eater","floor":50,"turns":8}],"seed_played":"8756483715101586414","potions_obtained":[{"floor":7.0,"key":"FairyPotion"},{"floor":11.0,"key":"EntropicBrew"},{"floor":14.0,"key":"DistilledChaos"},{"floor":18.0,"key":"GamblersBrew"},{"floor":20.0,"key":"HeartOfIron"},{"floor":21.0,"key":"Swift Potion"},{"floor":35.0,"key":"SteroidPotion"},{"floor":47,"key":"ElixirPotion"}],"is_trial":false,"path_per_floor":["M","?","?","?","?","R","M","M","T","R","M","?","M","M","R","B",null,"M","?","M","M","M","R","$","R","T","R","?","E","?","M","R","B",null,"M","?","M","M","$","R","?","$","T","E","R","E","M","?","R","B",null],"character_chosen":"IRONCLAD","items_purchased":["Frozen Egg 2","Offering","Impervious","Rupture+1"],"campfire_rested":2,"item_purchase_floors":[24,24,39,42],"current_hp_per_floor":[80,60,53,37,37,37,41,38,38,38,40,29,30,36,36,27,80,76,76,72,63,40,40,40,40,40,40,40,31,31,37,61,23,80,80,80,80,77,77,77,77,77,77,77,77,73,69,59,80,73],"gold":235,"neow_bonus":"THREE_RARE_CARDS","is_daily":false,"chose_seed":false,"campfire_upgraded":8,"win_rate":0.0,"timestamp":1609817192,"path_taken":["M","?","?","?","?","R","M","M","T","R","M","?","M","?","R","BOSS","M","?","M","M","M","R","$","R","T","R","?","E","?","?","R","BOSS","M","?","?","M","?","R","?","$","T","E","R","E","M","?","R","BOSS"],"items_purchased_type":["Relic","Card","Card","Card"],"build_version":"2020-12-22","purchased_purges":1,"victory":true,"max_hp_per_floor":[80,80,80,80,80,80,80,80,80,80,80,80,80,80,80,80,80,80,80,80,80,80,80,80,80,80,80,80,80,80,80,80,80,80,80,80,80,80,80,80,80,80,80,80,80,80,80,80,80,80],"card_choices":[{"not_picked":["Exhume","Juggernaut"],"picked":"Berserk","floor":0.0},{"not_picked":["Havoc","Perfected Strike"],"picked":"Heavy Blade","floor":1.0},{"not_picked":["Cleave","Double Tap"],"picked":"Infernal Blade","floor":7.0},{"not_picked":["Fire Breathing","Anger","Entrench"],"picked":"SKIP","floor":8.0},{"not_picked":["Headbutt","True Grit"],"picked":"Spot Weakness","floor":11.0},{"not_picked":["Wild Strike","Iron Wave","Headbutt"],"picked":"SKIP","floor":13.0},{"not_picked":["Rage","Flex"],"picked":"Inflame","floor":14.0},{"not_picked":["Demon Form","Feed"],"picked":"Bludgeon","floor":16.0},{"not_picked":["Pummel","Carnage"],"picked":"Bloodletting","floor":18.0},{"not_picked":["True Grit","Pommel Strike"],"picked":"Shrug It Off","floor":20.0},{"not_picked":["Iron Wave+1","Body Slam+1"],"picked":"Evolve","floor":21.0},{"not_picked":["Second Wind","Dropkick","Anger"],"picked":"SKIP","floor":22.0},{"not_picked":["Clash","True Grit"],"picked":"Ghostly Armor","floor":29.0},{"not_picked":["Iron Wave","Bludgeon"],"picked":"Disarm+1","floor":31.0},{"not_picked":["Limit Break","Brutality+1"],"picked":"Demon Form+1","floor":33.0},{"not_picked":["Wild Strike","Sword Boomerang+1"],"picked":"Rage","floor":35.0},{"not_picked":["Spot Weakness+1","Sever Soul","Body Slam+1"],"picked":"SKIP","floor":37.0},{"not_picked":["Thunderclap","Bloodletting+1"],"picked":"Havoc+1","floor":38.0},{"not_picked":["Power Through","Dark Embrace+1"],"picked":"Battle Trance+1","floor":41.0},{"not_picked":["Evolve+1","Combust+1","Iron Wave+1"],"picked":"SKIP","floor":44.0},{"not_picked":["Pommel Strike","Armaments","Perfected Strike"],"picked":"SKIP","floor":46.0},{"not_picked":["Intimidate","Spot Weakness"],"picked":"Seeing Red+1","floor":47},{"not_picked":["Perfected Strike+1","Juggernaut+1"],"picked":"Infernal Blade+1","floor":47}],"player_experience":106362,"relics_obtained":[{"floor":9.0,"key":"War Paint"},{"floor":26.0,"key":"Orichalcum"},{"floor":29.0,"key":"HornCleat"},{"floor":41.0,"key":"Prayer Wheel"},{"floor":43.0,"key":"Vajra"},{"floor":44.0,"key":"Letter Opener"},{"floor":46.0,"key":"Smiling Mask"}],"event_choices":[{"damage_healed":0.0,"max_hp_gain":0.0,"max_hp_loss":0.0,"gold_gain":0.0,"event_name":"Golden Idol","player_choice":"Take Damage","floor":2.0,"gold_loss":0.0,"damage_taken":20.0,"relics_obtained":["Golden Idol"]},{"damage_healed":0.0,"max_hp_gain":0.0,"max_hp_loss":0.0,"gold_gain":0.0,"event_name":"Scrap Ooze","player_choice":"Success","floor":3.0,"gold_loss":0.0,"damage_taken":7.0,"relics_obtained":["Bronze Scales"]},{"damage_healed":0.0,"max_hp_gain":0.0,"max_hp_loss":0.0,"gold_gain":0.0,"event_name":"Shining Light","player_choice":"Entered Light","floor":4.0,"gold_loss":0.0,"damage_taken":16.0,"cards_upgraded":["Berserk","Defend_R"]},{"damage_healed":0.0,"max_hp_gain":0.0,"max_hp_loss":0.0,"gold_gain":175.0,"event_name":"Liars Game","player_choice":"AGREE","floor":5.0,"gold_loss":0.0,"damage_taken":0.0,"cards_obtained":["Doubt"]},{"damage_healed":0.0,"max_hp_gain":0.0,"max_hp_loss":0.0,"gold_gain":75.0,"event_name":"World of Goop","player_choice":"Gather Gold","floor":12.0,"gold_loss":0.0,"damage_taken":11.0},{"damage_healed":0.0,"max_hp_gain":0.0,"max_hp_loss":0.0,"gold_gain":0.0,"event_name":"The Mausoleum","player_choice":"Opened","floor":19.0,"gold_loss":0.0,"damage_taken":0.0,"relics_obtained":["Gambling Chip"]},{"damage_healed":0.0,"max_hp_gain":0.0,"max_hp_loss":0.0,"gold_gain":0.0,"event_name":"Masked Bandits","player_choice":"Paid Fearfully","floor":28.0,"gold_loss":126.0,"damage_taken":0.0},{"damage_healed":0.0,"max_hp_gain":0.0,"max_hp_loss":0.0,"gold_gain":0.0,"event_name":"Upgrade Shrine","player_choice":"Upgraded","floor":30.0,"gold_loss":0.0,"damage_taken":0.0,"cards_upgraded":["Ghostly Armor"]},{"damage_healed":0.0,"max_hp_gain":0.0,"max_hp_loss":0.0,"gold_gain":0.0,"event_name":"The Woman in Blue","player_choice":"Bought 0 Potions","floor":36.0,"gold_loss":0.0,"damage_taken":0.0},{"damage_healed":0.0,"max_hp_gain":0.0,"max_hp_loss":0.0,"gold_gain":0.0,"event_name":"Mysterious Sphere","player_choice":"Fight","floor":41.0,"gold_loss":0.0,"damage_taken":0.0},{"damage_healed":0,"gold_gain":0,"player_choice":"Embrace Madness","damage_taken":10,"max_hp_gain":0,"max_hp_loss":0,"event_name":"Winding Halls","floor":48,"gold_loss":0,"cards_obtained":["Madness","Madness"]}],"is_beta":false,"boss_relics":[{"not_picked":["Runic Pyramid","Empty Cage"],"picked":"Velvet Choker"},{"not_picked":["Runic Dome","Black Star"],"picked":"Astrolabe"}],"items_purged_floors":[24],"is_endless":false,"potions_floor_spawned":[7,11,14,18,20,21,35,38,47],"ascension_level":1}}