{"host":"uexwcb0k0pockgi8","time":1609889434,"event":{"mods":["BaseMod","Minty Spire (QoL Compilation)","Robot Space Explorer","StSLib","The Marked","The Senshi"],"gold_per_floor":[118,118,118,134,145,176,194,194,194,45,76,90,90,105,105,206,206,225,225,239,255,255,255,255],"floor_reached":23,"playtime":1460,"items_purged":[],"score":203,"play_id":"1398d90a-1e92-45f5-92c7-52dd580bc46e","local_time":"20210105153034","is_ascension_mode":false,"campfire_choices":[{"floor":13.0,"key":"REST"},{"floor":15,"key":"REST"}],"circlet_count":0,"master_deck":["theMarked:Strike","theMarked:Strike","theMarked:Strike","theMarked:Strike","theMarked:Strike","theMarked:Defend","theMarked:Defend","theMarked:Defend","theMarked:Defend","theMarked:SoldierOfQuellstein","theMarked:EmpowerWeapon","theMarked:Improvise","theMarked:EmpowerWeapon","theMarked:ChainLightning","theMarked:TakeOffHeels","theMarked:GodGivenPower+1","theMarked:BindingBlade","theMarked:SoldierForm+1","theMarked:Reabsorb","Writhe","theMarked:Electrify","theMarked:SwordAndMagic"],"relics":["theMarked:ArtifactOfAir","Frozen Egg 2","Calipers","ClockworkSouvenir","TungstenRod","Sozu","MealTicket"],"acts_visited":["Exordium","TheCity"],"potions_floor_usage":[23,23],"damage_taken":[{"damage":5.0,"enemies":"Small Slimes","floor":1.0,"turns":3.0},{"damage":0.0,"enemies":"2 Louse","floor":4.0,"turns":2.0},{"damage":1.0,"enemies":"Cultist","floor":5.0,"turns":3.0},{"damage":18.0,"enemies":"3 Sentries","floor":6.0,"turns":7.0},{"damage":0.0,"enemies":"Looter","floor":7.0,"turns":4.0},{"damage":21.0,"enemies":"Lagavulin","floor":11.0,"turns":5.0},{"damage":17.0,"enemies":"Exordium Wildlife","floor":12.0,"turns":4.0},{"damage":6,"enemies":"3 Louse","floor":14,"turns":2},{"damage":44,"enemies":"The Guardian","floor":16,"turns":8},{"damage":21,"enemies":"Shell Parasite","floor":18,"turns":5},{"damage":27,"enemies":"Spheric Guardian","floor":20,"turns":4},{"damage":18,"enemies":"Centurion and Healer","floor":21,"turns":6},{"damage":14,"enemies":"Snake Plant","floor":23,"turns":2}],"seed_played":"996358527147738583","potions_obtained":[{"floor":5.0,"key":"Regen Potion"},{"floor":7.0,"key":"SkillPotion"},{"floor":11.0,"key":"Explosive Potion"},{"floor":14,"key":"SneckoOil"}],"is_trial":false,"path_per_floor":["M","?","?","M","M","E","M","?","T","$","E","M","R","M","R","B",null,"M","?","M","M","?","M"],"character_chosen":"THE_DEFAULT","items_purchased":["ClockworkSouvenir"],"campfire_rested":2,"item_purchase_floors":[10],"current_hp_per_floor":[72,72,72,72,71,68,68,68,68,68,47,30,53,47,70,26,77,56,56,29,11,11,0,0],"gold":255,"neow_bonus":"TEN_PERCENT_HP_BONUS","is_daily":false,"chose_seed":false,"campfire_upgraded":0,"win_rate":0.0,"timestamp":1609889434,"path_taken":["M","?","?","M","?","E","M","?","T","$","E","M","R","M","R","BOSS","M","?","M","M","?","M"],"items_purchased_type":["Relic"],"build_version":"2020-12-22","purchased_purges":0,"victory":false,"max_hp_per_floor":[77,77,77,77,77,77,77,77,77,77,77,77,77,77,77,77,77,77,77,77,77,77,77,77],"card_choices":[{"not_picked":["theMarked:TwofoldDefense","theMarked:Seal"],"picked":"theMarked:WastefulDefense","floor":1.0},{"not_picked":["theMarked:ChainLightning","theMarked:RepellingDischarge"],"picked":"theMarked:EmpowerWeapon","floor":4.0},{"not_picked":["theMarked:LightningStrikesTwice","theMarked:ChainLightning"],"picked":"theMarked:Improvise","floor":5.0},{"not_picked":["theMarked:ShockingTouch","theMarked:Static"],"picked":"theMarked:EmpowerWeapon","floor":6.0},{"not_picked":["theMarked:WastefulDefense","theMarked:BanishingStrike"],"picked":"theMarked:ChainLightning","floor":7.0},{"not_picked":["theMarked:TunnelVision","theMarked:WastefulDefense"],"picked":"theMarked:TakeOffHeels","floor":11.0},{"not_picked":["theMarked:SwordAndMagic","theMarked:ChainLightning"],"picked":"theMarked:GodGivenPower+1","floor":12.0},{"not_picked":["theMarked:WastefulAttack","theMarked:GodGivenPower+1"],"picked":"theMarked:BindingBlade","floor":14},{"not_picked":["theMarked:ThrowWeapon","theMarked:SuspiciousRaven"],"picked":"theMarked:SoldierForm+1","floor":16},{"not_picked":["theMarked:WastefulAttack+1","theMarked:EnhanceMovement"],"picked":"theMarked:Reabsorb","floor":18},{"not_picked":["theMarked:Frustration","theMarked:Parkour+1"],"picked":"theMarked:Electrify","floor":20},{"not_picked":["theMarked:Aftermath","theMarked:ShockingTouch"],"picked":"theMarked:SwordAndMagic","floor":21}],"player_experience":147843,"relics_obtained":[{"floor":6.0,"key":"Frozen Egg 2"},{"floor":9.0,"key":"Calipers"},{"floor":11.0,"key":"TungstenRod"}],"event_choices":[{"damage_healed":0.0,"max_hp_gain":0.0,"max_hp_loss":0.0,"gold_gain":0.0,"event_name":"Golden Wing","player_choice":"Ignored","floor":2.0,"gold_loss":0.0,"damage_taken":0.0},{"cards_removed":["theMarked:WastefulDefense"],"damage_healed":0.0,"max_hp_gain":0.0,"max_hp_loss":0.0,"gold_gain":0.0,"event_name":"Purifier","player_choice":"Purged","floor":3.0,"gold_loss":0.0,"damage_taken":0.0},{"damage_healed":0.0,"max_hp_gain":0.0,"max_hp_loss":0.0,"gold_gain":0.0,"event_name":"The Cleric","player_choice":"Leave","floor":8.0,"gold_loss":0.0,"damage_taken":0.0},{"damage_healed":0,"gold_gain":0,"player_choice":"Opened","damage_taken":0,"relics_obtained":["MealTicket"],"max_hp_gain":0,"max_hp_loss":0,"event_name":"The Mausoleum","floor":19,"gold_loss":0,"cards_obtained":["Writhe"]},{"damage_healed":0,"gold_gain":0,"player_choice":"Ignored","damage_taken":0,"max_hp_gain":0,"max_hp_loss":0,"event_name":"Ghosts","floor":22,"gold_loss":0}],"is_beta":false,"boss_relics":[{"not_picked":["Cursed Key","Empty Cage"],"picked":"Sozu"}],"items_purged_floors":[],"is_endless":false,"potions_floor_spawned":[5,7,11,14],"killed_by":"Snake Plant","ascension_level":0}}