{"host":"4rvakrj1idbgia3f","time":1609812167,"event":{"mods":["BaseMod","Colored Map","Colored Powertips","DeckTracker","Highlight Path","Minty Spire (QoL Compilation)","Random Character Button","StSLib"],"gold_per_floor":[114,124,124,139,64,64,78,78,103,116,147,7,27,27,27,106,106,116,116,129,147,72,106,120,120,120],"floor_reached":25,"playtime":1041,"items_purged":["Strike_R"],"score":450,"play_id":"b7854976-f6c4-40ce-9866-0a61fd4f1d02","local_time":"20210105110247","is_ascension_mode":true,"campfire_choices":[{"data":"Carnage","floor":6.0,"key":"SMITH"},{"data":"Uppercut","floor":8.0,"key":"SMITH"},{"data":"Cleave","floor":15.0,"key":"SMITH"}],"circlet_count":0,"master_deck":["AscendersBane","Strike_R","Defend_R","Defend_R","Bash","Feel No Pain","Headbutt","Uppercut+1","Feel No Pain","Carnage+1","Twin Strike","Bloodletting","Feed","Purity","Cleave+1","Reaper","Evolve","Fire Breathing+1","Flame Barrier","Intimidate"],"relics":["Burning Blood","Smiling Mask","Akabeko","Cursed Key","Nloth\u0027s Gift","Dream Catcher"],"acts_visited":["Exordium","TheCity"],"potions_floor_usage":[23,24,25],"damage_taken":[{"damage":10.0,"enemies":"Small Slimes","floor":1.0,"turns":3.0},{"damage":6.0,"enemies":"2 Louse","floor":2.0,"turns":3.0},{"damage":7.0,"enemies":"Jaw Worm","floor":4.0,"turns":4.0},{"damage":0.0,"enemies":"2 Fungi Beasts","floor":7.0,"turns":2.0},{"damage":0.0,"enemies":"Large Slime","floor":10.0,"turns":3.0},{"damage":29.0,"enemies":"Lagavulin","floor":11.0,"turns":4.0},{"damage":14.0,"enemies":"Lots of Slimes","floor":13.0,"turns":4.0},{"damage":9.0,"enemies":"Slime Boss","floor":16.0,"turns":6.0},{"damage":11.0,"enemies":"2 Thieves","floor":18.0,"turns":2.0},{"damage":13.0,"enemies":"Chosen","floor":20.0,"turns":4.0},{"damage":13.0,"enemies":"Snecko","floor":21.0,"turns":4.0},{"damage":53,"enemies":"Slavers","floor":23,"turns":5},{"damage":49,"enemies":"3 Cultists","floor":24,"turns":6},{"damage":15,"enemies":"Book of Stabbing","floor":25,"turns":1}],"seed_played":"-2212845993164454577","potions_obtained":[{"floor":10.0,"key":"PowerPotion"},{"floor":11.0,"key":"BloodPotion"},{"floor":13.0,"key":"FearPotion"},{"floor":21.0,"key":"LiquidMemories"},{"floor":23,"key":"Swift Potion"},{"floor":24,"key":"Dexterity Potion"}],"is_trial":false,"path_per_floor":["M","M","?","M","?","R","M","R","T","M","E","$","M","?","R","B",null,"M","?","M","M","?","E","M","E"],"character_chosen":"IRONCLAD","items_purchased":["Purity"],"campfire_rested":0,"item_purchase_floors":[12],"current_hp_per_floor":[46,46,39,38,38,38,44,44,44,50,27,27,22,17,17,17,65,67,67,67,69,69,31,14,0,0],"gold":120,"neow_bonus":"TRANSFORM_TWO_CARDS","is_daily":false,"chose_seed":false,"campfire_upgraded":3,"win_rate":0.0,"timestamp":1609812167,"path_taken":["M","M","?","M","?","R","M","R","T","M","E","?","M","?","R","BOSS","M","?","M","?","?","E","M","E"],"items_purchased_type":["Card"],"build_version":"2020-12-22","purchased_purges":1,"victory":false,"max_hp_per_floor":[75,75,75,75,75,75,75,75,75,75,75,75,78,78,78,81,81,84,84,87,90,90,93,93,93,93],"card_choices":[{"not_picked":["Headbutt","Armaments"],"picked":"Uppercut","floor":1.0},{"not_picked":["Perfected Strike","Blood for Blood"],"picked":"Feel No Pain","floor":2.0},{"not_picked":["Flex","Warcry"],"picked":"Carnage","floor":4.0},{"not_picked":["Pommel Strike","Anger"],"picked":"Twin Strike","floor":7.0},{"not_picked":["Rage","Flex"],"picked":"Bloodletting","floor":10.0},{"not_picked":["Rupture","Combust"],"picked":"Feed","floor":11.0},{"not_picked":["Headbutt","Disarm"],"picked":"Cleave","floor":13.0},{"not_picked":["Brutality","Juggernaut"],"picked":"Reaper","floor":16.0},{"not_picked":["Sentinel","Metallicize"],"picked":"Evolve","floor":18.0},{"not_picked":["Sentinel","Immolate"],"picked":"Fire Breathing+1","floor":20.0},{"not_picked":["Cleave","Perfected Strike"],"picked":"Flame Barrier","floor":21.0},{"not_picked":["Warcry","Limit Break"],"picked":"Intimidate","floor":24}],"player_experience":1942351,"relics_obtained":[{"floor":9.0,"key":"Smiling Mask"},{"floor":11.0,"key":"Akabeko"},{"floor":23,"key":"Dream Catcher"}],"event_choices":[{"cards_removed":["Strike_R"],"damage_healed":0.0,"max_hp_gain":0.0,"max_hp_loss":0.0,"gold_gain":0.0,"event_name":"Golden Wing","player_choice":"Card Removal","floor":3.0,"gold_loss":0.0,"damage_taken":7.0},{"cards_removed":["Defend_R"],"damage_healed":0.0,"max_hp_gain":0.0,"max_hp_loss":0.0,"gold_gain":0.0,"event_name":"The Cleric","player_choice":"Card Removal","floor":5.0,"gold_loss":75.0,"damage_taken":0.0},{"damage_healed":0.0,"max_hp_gain":0.0,"max_hp_loss":0.0,"gold_gain":0.0,"event_name":"Scrap Ooze","player_choice":"Success","floor":14.0,"gold_loss":0.0,"damage_taken":5.0,"relics_obtained":["Tiny Chest"]},{"damage_healed":0.0,"max_hp_gain":0.0,"max_hp_loss":0.0,"gold_gain":0.0,"event_name":"N\u0027loth","player_choice":"Traded Relic","floor":19.0,"relics_lost":["Tiny Chest"],"gold_loss":0.0,"damage_taken":0.0,"relics_obtained":["Nloth\u0027s Gift"]},{"cards_removed":["Strike_R"],"damage_healed":0.0,"max_hp_gain":0.0,"max_hp_loss":0.0,"gold_gain":0.0,"event_name":"Beggar","player_choice":"Gave Gold","floor":22.0,"gold_loss":75.0,"damage_taken":0.0}],"is_beta":false,"boss_relics":[{"not_picked":["Runic Cube","Ectoplasm"],"picked":"Cursed Key"}],"items_purged_floors":[12],"is_endless":false,"potions_floor_spawned":[10,11,13,21,23,24],"killed_by":"Book of Stabbing","ascension_level":20}}