{"host":"9qgbal69wq5palas","time":1609806301,"event":{"mods":["2.2 Compatiblity","Abigail Mod","AchievementEnabler","Act Like it!","Aspiration","Astrologer","Bartender","BaseMod","Better Altar","Better Note","Better Skull","Better Third Choice","Colored Powertips","Hallownest","Hermit","Highlight Path","Hubris","Infinite Spire","Jorbs\u0027s Wanderer Trilogy","Koishi","Lobotomy","Minty Spire (QoL Compilation)","Potionbrewer","Quick Restart","Random Character Button","Replay The Spire","Shade Mod","Shop Mod","Spicy Shops","StSLib","The Animator","The Bug Knight","The Cursed","The Disciple","The Exalted","The Hierophant","The Necromancer","The Servant 0.9.4","Wandering Minibosses"],"gold_per_floor":[112,130,147,24,24,58,68,68,68,68,68,68],"floor_reached":11,"playtime":495,"items_purged":["Defend_S"],"score":113,"play_id":"a71a29b0-90ef-43c0-b769-411f7b6f2ceb","local_time":"20210105012501","is_ascension_mode":true,"campfire_choices":[{"data":"Alleviate","floor":8.0,"key":"SMITH"}],"circlet_count":0,"master_deck":["AscendersBane","Strike_S","Strike_S","Strike_S","Defend_S","KidneyShot","Exchange","Misdirection","DoubleEdge","ShiftingGears+1","BestPractice","Alleviate+1"],"relics":["Uniform","Ancient Tea Set","Replay:Rubber Ducky"],"acts_visited":["Exordium"],"potions_floor_usage":[],"damage_taken":[{"damage":0.0,"enemies":"Small Slimes","floor":1.0,"turns":4.0},{"damage":11.0,"enemies":"2 Louse","floor":2.0,"turns":5.0},{"damage":0.0,"enemies":"Cultist","floor":3.0,"turns":4.0},{"damage":19.0,"enemies":"Lagavulin","floor":6.0,"turns":8.0},{"damage":8.0,"enemies":"Blue Slaver","floor":7.0,"turns":5.0},{"damage":0,"enemies":"3 Sentries","floor":11,"turns":1}],"seed_played":"5824173694023166928","potions_obtained":[{"floor":6.0,"key":"Dexterity Potion"},{"floor":7.0,"key":"SneckoOil"}],"is_trial":false,"path_per_floor":["M","M","M","$","?","E","M","R","T","?","E"],"character_chosen":"THE_SERVANT","items_purchased":["Fire Potion"],"campfire_rested":0,"item_purchase_floors":[4],"current_hp_per_floor":[59,48,48,48,48,29,21,21,21,21,21,21],"gold":68,"neow_bonus":"REMOVE_TWO","is_daily":false,"chose_seed":false,"campfire_upgraded":1,"win_rate":0.0,"timestamp":1609806301,"path_taken":["M","M","M","$","?","E","M","R","T","?","E"],"items_purchased_type":["Potion"],"build_version":"2020-12-22","purchased_purges":1,"victory":false,"max_hp_per_floor":[59,59,59,59,59,59,59,59,59,59,59,59],"card_choices":[{"not_picked":["Alleviate","FastForward","Orbit"],"picked":"SKIP","floor":1.0},{"not_picked":["Unruled","Alleviate"],"picked":"Misdirection","floor":2.0},{"not_picked":["Rearm","Defy"],"picked":"DoubleEdge","floor":3.0},{"not_picked":["Read","Replace"],"picked":"BestPractice","floor":6.0},{"not_picked":["BottledTime","Starlight"],"picked":"Alleviate","floor":7.0}],"player_experience":2695564,"relics_obtained":[{"floor":6.0,"key":"Ancient Tea Set"},{"floor":9.0,"key":"Replay:Rubber Ducky"}],"event_choices":[{"damage_healed":0.0,"max_hp_gain":0.0,"max_hp_loss":0.0,"gold_gain":0.0,"event_name":"betterThird:BetterScrap","player_choice":"LEAVE","floor":10.0,"gold_loss":0.0,"damage_taken":0.0,"cards_obtained":["ReplayTheSpireMod:Limb From Limb"]}],"is_beta":false,"boss_relics":[],"items_purged_floors":[4],"is_endless":false,"potions_floor_spawned":[6,7],"killed_by":"3 Sentries","ascension_level":11}}