{"host":"5cnm2qapaqj5mmu7","time":1609866918,"event":{"mods":["BaseMod","Bestiary","Colored Map","Minty Spire (QoL Compilation)","StSLib"],"gold_per_floor":[111,32,207,207,4,29,29,29,55,55,67,78,90,100,100,198,198,216,227,227,152,152,186,186,2,2,2,2,16,42,42,42],"floor_reached":31,"playtime":1188,"items_purged":["Strike_B"],"score":355,"play_id":"db214515-03d0-41da-a304-0bfea676b55e","local_time":"20210105181518","is_ascension_mode":true,"campfire_choices":[{"data":"Zap","floor":7.0,"key":"SMITH"},{"data":"Hello World","floor":10.0,"key":"SMITH"},{"data":"Defragment","floor":15.0,"key":"SMITH"},{"data":"Turbo","floor":24,"key":"SMITH"}],"circlet_count":0,"master_deck":["Strike_B","Defend_B","Defend_B","Defend_B","Zap+1","Dualcast","Ball Lightning","Cold Snap","Steam","Leap","Turbo+1","Hello World+1","Defragment+1","Coolheaded","Auto Shields","Seek","Static Discharge","Redo+1","Conserve Battery","Capacitor","Rip and Tear","Darkness+1","Ball Lightning"],"relics":["Cracked Core","NeowsBlessing","Vajra","Centennial Puzzle","Strawberry","Empty Cage","Ornamental Fan","Mummified Hand","Regal Pillow","Blood Vial"],"acts_visited":["Exordium","TheCity"],"potions_floor_usage":[],"damage_taken":[{"damage":0.0,"enemies":"Small Slimes","floor":1.0,"turns":1.0},{"damage":0.0,"enemies":"Lagavulin","floor":6.0,"turns":1.0},{"damage":0.0,"enemies":"Jaw Worm","floor":11.0,"turns":1.0},{"damage":8.0,"enemies":"2 Louse","floor":12.0,"turns":2.0},{"damage":15.0,"enemies":"Gremlin Gang","floor":13.0,"turns":4.0},{"damage":0.0,"enemies":"Large Slime","floor":14.0,"turns":5.0},{"damage":20.0,"enemies":"The Guardian","floor":16.0,"turns":12.0},{"damage":9,"enemies":"Chosen","floor":18,"turns":4},{"damage":5,"enemies":"Spheric Guardian","floor":19,"turns":3},{"damage":28,"enemies":"Book of Stabbing","floor":23,"turns":6},{"damage":11,"enemies":"Centurion and Healer","floor":29,"turns":7},{"damage":55,"enemies":"Gremlin Leader","floor":30,"turns":6},{"damage":18,"enemies":"Shelled Parasite and Fungi","floor":31,"turns":1}],"seed_played":"-1419937964947149568","potions_obtained":[{"floor":11.0,"key":"Dexterity Potion"},{"floor":13.0,"key":"Strength Potion"},{"floor":14.0,"key":"Explosive Potion"},{"floor":29,"key":"LiquidBronze"}],"is_trial":false,"path_per_floor":["M","$","?","?","$","E","R","?","T","R","M","M","M","M","R","B",null,"M","M","?","?","?","E","R","$","T","$","?","M","E","M"],"character_chosen":"DEFECT","items_purchased":["Cold Snap","Steam","Vajra","Leap","Capacitor","Rip and Tear"],"campfire_rested":0,"item_purchase_floors":[2,2,5,5,25,25],"current_hp_per_floor":[75,75,75,75,75,75,75,75,82,82,82,74,59,59,59,39,82,73,68,68,68,68,40,40,40,40,40,82,71,16,0,0],"gold":42,"neow_bonus":"THREE_ENEMY_KILL","is_daily":false,"chose_seed":false,"campfire_upgraded":4,"win_rate":0.0,"timestamp":1609866918,"path_taken":["M","$","?","?","$","E","R","?","T","R","M","M","?","M","R","BOSS","M","M","?","?","?","E","R","$","T","?","?","?","E","M"],"items_purchased_type":["Card","Card","Relic","Card","Card","Card"],"build_version":"2020-12-22","purchased_purges":1,"victory":false,"max_hp_per_floor":[75,75,75,75,75,75,75,75,82,82,82,82,82,82,82,82,82,82,82,82,82,82,82,82,82,82,82,82,82,82,82,82],"card_choices":[{"not_picked":["Cold Snap","Scrape"],"picked":"Ball Lightning","floor":1.0},{"not_picked":["BootSequence","Scrape"],"picked":"Turbo","floor":6.0},{"not_picked":["Skim","Undo","Gash"],"picked":"SKIP","floor":11.0},{"not_picked":["FTL","Melter"],"picked":"Defragment","floor":12.0},{"not_picked":["Stack","Gash"],"picked":"Coolheaded","floor":13.0},{"not_picked":["Go for the Eyes","Amplify"],"picked":"Auto Shields","floor":14.0},{"not_picked":["Multi-Cast","Thunder Strike"],"picked":"Seek","floor":16.0},{"not_picked":["Gash","Chill"],"picked":"Static Discharge","floor":18},{"not_picked":["Go for the Eyes","Steam"],"picked":"Redo+1","floor":19},{"not_picked":["Chaos","Steam","Stack"],"picked":"SKIP","floor":23},{"not_picked":["Compile Driver+1","Stack"],"picked":"Darkness+1","floor":29},{"not_picked":["Conserve Battery","Turbo"],"picked":"Ball Lightning","floor":30}],"player_experience":551898,"relics_obtained":[{"floor":6.0,"key":"Centennial Puzzle"},{"floor":9.0,"key":"Strawberry"},{"floor":23,"key":"Mummified Hand"},{"floor":26,"key":"Regal Pillow"},{"floor":30,"key":"Blood Vial"}],"event_choices":[{"damage_healed":0.0,"max_hp_gain":0.0,"max_hp_loss":0.0,"gold_gain":175.0,"event_name":"Liars Game","player_choice":"AGREE","floor":3.0,"gold_loss":0.0,"damage_taken":0.0,"cards_obtained":["Doubt"]},{"cards_removed":["Doubt"],"damage_healed":0.0,"max_hp_gain":0.0,"max_hp_loss":0.0,"gold_gain":0.0,"event_name":"Living Wall","player_choice":"Forget","floor":4.0,"gold_loss":0.0,"damage_taken":0.0},{"damage_healed":0.0,"max_hp_gain":0.0,"max_hp_loss":0.0,"gold_gain":0.0,"cards_transformed":["Strike_B"],"event_name":"Transmorgrifier","player_choice":"Transformed","floor":8.0,"gold_loss":0.0,"damage_taken":0.0,"cards_obtained":["Hello World"]},{"damage_healed":0,"gold_gain":0,"player_choice":"Opened","damage_taken":0,"relics_obtained":["Ornamental Fan"],"max_hp_gain":0,"max_hp_loss":0,"event_name":"The Mausoleum","floor":20,"gold_loss":0,"cards_obtained":["Writhe"]},{"cards_removed":["Writhe"],"damage_healed":0,"gold_gain":0,"player_choice":"Gave Gold","damage_taken":0,"max_hp_gain":0,"max_hp_loss":0,"event_name":"Beggar","floor":21,"gold_loss":75},{"damage_healed":0,"gold_gain":0,"player_choice":"Read","damage_taken":0,"max_hp_gain":0,"max_hp_loss":0,"event_name":"The Library","floor":22,"gold_loss":0,"cards_obtained":["Conserve Battery"]},{"damage_healed":42,"gold_gain":0,"player_choice":"Full Heal","damage_taken":0,"max_hp_gain":0,"max_hp_loss":0,"event_name":"Wheel of Change","floor":28,"gold_loss":0}],"is_beta":false,"boss_relics":[{"not_picked":["Fusion Hammer","Runic Pyramid"],"picked":"Empty Cage"}],"items_purged_floors":[25],"is_endless":false,"potions_floor_spawned":[11,13,14,23,29,30],"killed_by":"Shelled Parasite and Fungi","ascension_level":4}}