{"host":"w9yruvs4bqht6bhw","time":1609812524,"event":{"mods":["BaseMod","Colored Powertips","Minty Spire (QoL Compilation)"],"gold_per_floor":[119,136,16,16,35,35,35,35,35,35,50,50,64,87,87,216,216,205,221,59,59,78,78,78],"floor_reached":23,"playtime":601,"items_purged":["Strike_R"],"score":256,"play_id":"d0081db4-e664-44f9-b818-386c70651f3f","local_time":"20210104210844","is_ascension_mode":true,"campfire_choices":[{"data":"Anger","floor":6,"key":"SMITH"},{"floor":12,"key":"REST"},{"data":"Limit Break","floor":15,"key":"SMITH"}],"circlet_count":0,"master_deck":["Strike_R","Strike_R","Strike_R","Strike_R","Defend_R","Defend_R","Defend_R","Defend_R","Bash","Anger","Thunderclap","Anger+1","Iron Wave","Spot Weakness","Shrug It Off","Limit Break+1","Limit Break"],"relics":["Burning Blood","NeowsBlessing","Dream Catcher","Golden Idol","GremlinMask"],"acts_visited":["Exordium","TheCity"],"potions_floor_usage":[4,16,18,22,22,22,23],"damage_taken":[{"damage":0,"enemies":"2 Louse","floor":1,"turns":1},{"damage":0,"enemies":"Cultist","floor":2,"turns":1},{"damage":0,"enemies":"Small Slimes","floor":5,"turns":1},{"damage":2,"enemies":"Looter","floor":11,"turns":3},{"damage":6,"enemies":"Blue Slaver","floor":13,"turns":4},{"damage":7,"enemies":"Exordium Thugs","floor":14,"turns":4},{"damage":36,"enemies":"Slime Boss","floor":16,"turns":7},{"damage":15,"enemies":"2 Thieves","floor":18,"turns":4},{"damage":33,"enemies":"Shell Parasite","floor":19,"turns":4},{"damage":42,"enemies":"3 Cultists","floor":22,"turns":6},{"damage":16,"enemies":"Snecko","floor":23,"turns":3}],"seed_played":"-7438534556549375262","potions_obtained":[{"floor":4,"key":"SpeedPotion"},{"floor":4,"key":"LiquidMemories"},{"floor":4,"key":"Fruit Juice"},{"floor":5,"key":"Dexterity Potion"},{"floor":16,"key":"AttackPotion"},{"floor":18,"key":"PowerPotion"},{"floor":22,"key":"Weak Potion"}],"is_trial":false,"path_per_floor":["M","M","$","?","M","R","?","$","T","?","M","R","M","M","R","B",null,"M","M","$","?","M","M"],"character_chosen":"IRONCLAD","items_purchased":["Anger","Limit Break"],"campfire_rested":1,"item_purchase_floors":[3,20],"current_hp_per_floor":[78,80,80,85,85,85,90,90,90,68,72,90,90,89,89,59,82,73,46,46,46,10,0,0],"gold":78,"neow_bonus":"THREE_ENEMY_KILL","is_daily":false,"chose_seed":false,"campfire_upgraded":2,"win_rate":0.0,"timestamp":1609812524,"path_taken":["M","M","$","?","?","R","?","$","T","?","M","R","M","M","R","BOSS","M","M","$","?","?","M"],"items_purchased_type":["Card","Card"],"build_version":"2020-12-22","purchased_purges":1,"victory":false,"max_hp_per_floor":[80,80,80,85,85,85,90,90,90,90,90,90,90,90,90,90,90,90,90,90,90,90,90,90],"card_choices":[{"not_picked":["Clothesline","Thunderclap"],"picked":"Anger","floor":1},{"not_picked":["Evolve","Clothesline"],"picked":"Thunderclap","floor":2},{"not_picked":["Cleave","Sword Boomerang"],"picked":"Iron Wave","floor":5},{"not_picked":["Bludgeon","Heavy Blade","Second Wind"],"picked":"SKIP","floor":11},{"not_picked":["Body Slam","Dark Embrace"],"picked":"Spot Weakness","floor":12},{"not_picked":["Cleave","Rampage"],"picked":"Shrug It Off","floor":13},{"not_picked":["Pommel Strike","Armaments"],"picked":"Limit Break","floor":14},{"not_picked":["Havoc","Wild Strike","Fire Breathing+1"],"picked":"SKIP","floor":18},{"not_picked":["Clothesline+1","Thunderclap+1","Warcry"],"picked":"SKIP","floor":19},{"not_picked":["Havoc","True Grit+1","Corruption"],"picked":"SKIP","floor":22}],"player_experience":328694,"relics_obtained":[{"floor":9,"key":"Dream Catcher"}],"event_choices":[{"damage_healed":0,"gold_gain":0,"player_choice":"Got Potions","damage_taken":0,"max_hp_gain":0,"max_hp_loss":0,"event_name":"Lab","floor":4,"gold_loss":0},{"damage_healed":0,"gold_gain":0,"player_choice":"Donut","damage_taken":0,"max_hp_gain":5,"max_hp_loss":0,"event_name":"Big Fish","floor":7,"gold_loss":0},{"damage_healed":0,"gold_gain":0,"player_choice":"Take Damage","damage_taken":22,"relics_obtained":["Golden Idol"],"max_hp_gain":0,"max_hp_loss":0,"event_name":"Golden Idol","floor":10,"gold_loss":0},{"damage_healed":0,"gold_gain":0,"player_choice":"Trade","damage_taken":0,"relics_obtained":["GremlinMask"],"max_hp_gain":0,"max_hp_loss":0,"event_name":"FaceTrader","floor":21,"gold_loss":0}],"is_beta":false,"boss_relics":[{"not_picked":["Fusion Hammer","Sozu","Runic Dome"]}],"items_purged_floors":[3],"is_endless":false,"potions_floor_spawned":[5,11,16,18,22],"killed_by":"Snecko","ascension_level":8}}