{"host":"Qube","time":1609815524,"event":{"mods":["AchievementEnabler","BaseMod","Colored Map","Colored Powertips","Minty Spire (QoL Compilation)","Quick Restart","Random Character Button","StSLib"],"gold_per_floor":[119,135,145,161,176,176,204,204,228,255,267,280,294,33,33,104,104,118,118,118,118,118,118,118],"floor_reached":23,"playtime":901,"items_purged":[],"score":369,"play_id":"c6a1606a-4b8a-4884-a472-3e7c1e3a383b","local_time":"20210104185844","is_ascension_mode":true,"campfire_choices":[{"data":"Choke","floor":6.0,"key":"SMITH"},{"floor":8.0,"key":"REST"},{"data":"Venomology","floor":15,"key":"SMITH"}],"circlet_count":0,"master_deck":["AscendersBane","Strike_G","Strike_G","Strike_G","Strike_G","Strike_G","Defend_G","Defend_G","Defend_G","Defend_G","Defend_G","Survivor","Neutralize","Terror","Flying Knee","Choke+1","Blade Dance","Dodge and Roll","Corpse Explosion","Venomology+1","Calculated Gamble","Dagger Throw","Venomology","A Thousand Cuts","Writhe"],"relics":["Ring of the Snake","NeowsBlessing","Shuriken","Dream Catcher","Tiny Chest","Lee\u0027s Waffle","Calling Bell","Potion Belt","Ornamental Fan","Peace Pipe","Omamori","Necronomicon","Pear"],"acts_visited":["Exordium","TheCity"],"potions_floor_usage":[13,13,16,16,18,18,20,23],"damage_taken":[{"damage":0.0,"enemies":"Cultist","floor":1.0,"turns":1.0},{"damage":0.0,"enemies":"Small Slimes","floor":2.0,"turns":1.0},{"damage":0.0,"enemies":"Jaw Worm","floor":3.0,"turns":1.0},{"damage":3.0,"enemies":"3 Louse","floor":4.0,"turns":6.0},{"damage":7.0,"enemies":"Exordium Wildlife","floor":5.0,"turns":6.0},{"damage":10.0,"enemies":"Gremlin Nob","floor":7.0,"turns":3.0},{"damage":21.0,"enemies":"3 Sentries","floor":10.0,"turns":5.0},{"damage":0.0,"enemies":"2 Fungi Beasts","floor":11.0,"turns":2.0},{"damage":6.0,"enemies":"Red Slaver","floor":12.0,"turns":3.0},{"damage":15,"enemies":"Exordium Wildlife","floor":13,"turns":5},{"damage":37,"enemies":"Slime Boss","floor":16,"turns":11},{"damage":24,"enemies":"2 Thieves","floor":18,"turns":3},{"damage":0,"enemies":"Chosen","floor":20,"turns":1},{"damage":6,"enemies":"Gremlin Leader","floor":23,"turns":2}],"seed_played":"4613650139370574208","potions_obtained":[{"floor":1.0,"key":"GamblersBrew"},{"floor":3.0,"key":"Poison Potion"},{"floor":11.0,"key":"SpeedPotion"},{"floor":13,"key":"Dexterity Potion"}],"is_trial":false,"path_per_floor":["M","M","M","M","M","R","E","R","T","E","M","M","M","$","R","B",null,"M","?","M","?","T","E"],"character_chosen":"THE_SILENT","items_purchased":["Lee\u0027s Waffle","Venomology"],"campfire_rested":1,"item_purchase_floors":[14,14],"current_hp_per_floor":[59,59,59,56,49,49,39,58,58,37,37,31,16,73,73,36,64,40,40,40,19,29,23,23],"gold":118,"neow_bonus":"THREE_ENEMY_KILL","is_daily":false,"chose_seed":false,"campfire_upgraded":2,"win_rate":0.0,"timestamp":1609815524,"path_taken":["M","?","M","M","M","R","E","R","T","E","M","?","M","$","R","BOSS","M","?","M","?","?","E"],"items_purchased_type":["Relic","Card"],"build_version":"2020-12-18","purchased_purges":0,"victory":false,"max_hp_per_floor":[66,66,66,66,66,66,66,66,66,66,66,66,66,73,73,73,73,73,73,73,73,83,83,83],"card_choices":[{"not_picked":["Heel Hook","Backflip"],"picked":"Terror","floor":1.0},{"not_picked":["Tactician","Flechettes"],"picked":"Flying Knee","floor":2.0},{"not_picked":["Prepared","Calculated Gamble"],"picked":"Choke","floor":3.0},{"not_picked":["Dagger Spray","Masterful Stab"],"picked":"Blade Dance","floor":4.0},{"not_picked":["Bane","PiercingWail"],"picked":"Dodge and Roll","floor":5.0},{"not_picked":["Leg Sweep","Outmaneuver"],"picked":"Corpse Explosion","floor":7.0},{"not_picked":["Backflip","Deadly Poison"],"picked":"Venomology","floor":10.0},{"not_picked":["Bane","Endless Agony","Flying Knee"],"picked":"SKIP","floor":11.0},{"not_picked":["Blur","Quick Slash"],"picked":"Calculated Gamble","floor":12.0},{"not_picked":["Concentrate","Quick Slash"],"picked":"Dagger Throw","floor":13},{"not_picked":["Unload","Wraith Form v2"],"picked":"A Thousand Cuts","floor":16},{"not_picked":["Dodge and Roll","Bane","Underhanded Strike"],"picked":"SKIP","floor":18}],"player_experience":769538,"relics_obtained":[{"floor":7.0,"key":"Shuriken"},{"floor":9.0,"key":"Dream Catcher"},{"floor":10.0,"key":"Tiny Chest"},{"floor":17,"key":"Potion Belt"},{"floor":17,"key":"Ornamental Fan"},{"floor":17,"key":"Peace Pipe"},{"floor":21,"key":"Necronomicon"},{"floor":22,"key":"Pear"}],"event_choices":[{"damage_healed":0,"gold_gain":0,"player_choice":"Opened","damage_taken":0,"relics_obtained":["Omamori"],"max_hp_gain":0,"max_hp_loss":0,"event_name":"The Mausoleum","floor":19,"gold_loss":0,"cards_obtained":["Writhe"]},{"damage_healed":0,"gold_gain":0,"player_choice":"Obtained Book","damage_taken":21,"max_hp_gain":0,"max_hp_loss":0,"event_name":"Cursed Tome","floor":21,"gold_loss":0}],"is_beta":true,"boss_relics":[{"not_picked":["Coffee Dripper","Black Star"],"picked":"Calling Bell"}],"items_purged_floors":[],"is_endless":false,"potions_floor_spawned":[1,3,4,11,13,20],"killed_by":"Gremlin Leader","ascension_level":16}}