{"host":"nx6ib2o6hmd449ys","time":1609862255,"event":{"mods":["100% Spire Juice","2.2 Compatiblity","Act Like it!","Arknights The Spire","Aspiration","BaseMod","Better Silent Start","Better Third Choice","BetterRewards","CCEM","CapriCore","Chen","Colorless Booster Pack","Conjunction","Conspire","Dota2Spire","Downfall","Eldritch Tears","Elementarium","Energized Spire","Fiend Mod","Fireblade Mod","Friendly Minions","Gensokyo","GifTheSpireLib","GungeonMod","Halation","Hallownest","HexUI Lib","HornydragonMod","Hubris","Infinite Spire","Ironclad Rager","Jedi Mod","KinomotoSakuraMod(????)","Magineer Mod","Marisa????????","Menagerie","Mimic Mod","Minty Spire (QoL Compilation)","MostiFishMod","Quick Restart","RRrroohrrRGHHhhh!!","Rare Cards Sparkle","RatMod","Replay The Spire","RumiaBox-????????","SIMod","Shop Mod","Small Relic Pack","Somnambulant","Spicy Shops","Spikes Relics","StSLib","Stuff the Spire","TestMod","The Bladedancer","The Blue Laboratory","The Caster","The Clintock","The Dragon Tamer","The Exalted","The Factory","The Florist","The Gatherer","The Immortal","The Jungle","The Marked","The Runesmith","TheWitcher","Thrall Mod","Wandering Minibosses","Yakumo Yukari mod","Yuyuko","[IsaacMod]????","noobMod","sanctuary","vexMod","??????REMEMod"],"gold_per_floor":[109,129,48,59,76,76,105,545,590,590,602,629,641,654,654,752,752,763,775,775,249,269,269,269,299,333,349,380,430,430,440,440],"floor_reached":31,"playtime":2012,"items_purged":[],"score":516,"play_id":"5a4e1542-b9de-442f-afee-fd22c255f462","local_time":"20210105165735","is_ascension_mode":false,"campfire_choices":[{"data":"Agrypnos:Wolfsbane","floor":6.0,"key":"SMITH"},{"data":"Agrypnos:Rainfall","floor":15.0,"key":"SMITH"},{"data":"testmod-WeaknessCounterattack","floor":23.0,"key":"SMITH"},{"data":"StuffTheSpire:CelestialWarden","floor":30.0,"key":"SMITH"}],"circlet_count":0,"master_deck":["Agrypnos:BasicStrike","Agrypnos:BasicStrike","Agrypnos:BasicStrike","Agrypnos:BasicStrike","Agrypnos:BasicDefend","Agrypnos:BasicDefend","Agrypnos:BasicDefend","Agrypnos:BasicDefend","Agrypnos:Dandelion","Agrypnos:Trowel","expansioncontent:BronzeBeam+1","Agrypnos:MortarAndPestle","MostiFishMod:PerfectForm+1","Agrypnos:Till","testmod-Wormhole+1","Agrypnos:Wolfsbane+1","MostiFishMod:PerfectForm+1","Agrypnos:Tumbleweed","Agrypnos:Rot","Agrypnos:Nightshade","Pot Of Greed","Pot Of Greed","Agrypnos:Leaf","Agrypnos:Rainfall+1","Agrypnos:RoseGarden","Agrypnos:GeneModification","Pot Of Greed","Agrypnos:Summer","testmod-FightingIntention","Agrypnos:Azalea","testmod-WeaknessCounterattack+1","StuffTheSpire:CelestialWarden+1","Pain","Agrypnos:Tumbleweed","Agrypnos:StormShelter+1"],"relics":["Agrypnos:Floristry","HushsDoor","DaveBox","testmod-TestBox","ice","REME_ComplimentaryCards","Leech","EGODaCapo","testmod-ThousandKnives","EdensBlessing","Dota2Spire:EyeOfSkadi","CCEMRelics:FestiveHat","DemoMod:GnawedKey","SynthV:TestCard","DemoMod:GlassGuonStoneRelic","ats:Originium","Letter Opener","halation:SwordOfLegend","wanderingMiniBosses:LockLocket","Grinning Jar","DemoMod:GundromedaStrain","vexMod:TanglingVine","RottenBaby","testmod-LifeArmor","StuffTheSpire:Experiment12","Gremlin Food","infinitespire:BottledMercury","StuffTheSpire:CocoNut","testmod-AssaultLearning","DeadEye","Dota2Spire:ArcaneBoots"],"acts_visited":["Gensokyo:Gensokyo","TheCity"],"potions_floor_usage":[],"damage_taken":[{"damage":0.0,"enemies":"Gensokyo:Python","floor":1.0,"turns":3.0},{"damage":0.0,"enemies":"Gensokyo:3_Fairies","floor":2.0,"turns":3.0},{"damage":0.0,"enemies":"Gensokyo:2_Kodama","floor":4.0,"turns":3.0},{"damage":0.0,"enemies":"Gensokyo:VengefulSpirit","floor":5.0,"turns":3.0},{"damage":0.0,"enemies":"Gensokyo:Mamizou","floor":7.0,"turns":5.0},{"damage":0.0,"enemies":"Gensokyo:Gryphon_and_Rabbit","floor":8.0,"turns":7.0},{"damage":0.0,"enemies":"Gensokyo:5_Fairies","floor":11.0,"turns":3.0},{"damage":0.0,"enemies":"Gensokyo:Cirno","floor":12.0,"turns":5.0},{"damage":0.0,"enemies":"Gensokyo:3_Kodama","floor":13.0,"turns":2.0},{"damage":0.0,"enemies":"Gensokyo:Kitsune","floor":14.0,"turns":1.0},{"damage":0.0,"enemies":"Gensokyo:Yukari","floor":16.0,"turns":6.0},{"damage":0.0,"enemies":"Shell Parasite","floor":18.0,"turns":3.0},{"damage":0.0,"enemies":"Spheric Guardian","floor":19.0,"turns":3.0},{"damage":0.0,"enemies":"Chosen and Byrds","floor":22.0,"turns":2.0},{"damage":0.0,"enemies":"Replay:Snechameleon","floor":25.0,"turns":3.0},{"damage":0.0,"enemies":"Snecko","floor":26.0,"turns":3.0},{"damage":0.0,"enemies":"Snecko","floor":27.0,"turns":1.0},{"damage":0.0,"enemies":"Nightmare","floor":28.0,"turns":1.0},{"damage":0.0,"enemies":"Hiden Room Battle","floor":29.0,"turns":1.0},{"damage":0.0,"enemies":"Shelled Parasite and Fungi","floor":31.0,"turns":1.0}],"seed_played":"-1619834890464334750","potions_obtained":[{"floor":2.0,"key":"DemoMod:LeadSkinPotion"},{"floor":8.0,"key":"SteroidPotion"},{"floor":13.0,"key":"DistilledChaos"},{"floor":31,"key":"Dota2Spire:HealingSalve"}],"is_trial":false,"path_per_floor":["M","M","COS","M","M","R","E","M","T","?","M","E","M","M","R","B",null,"M","M","?","$","M","R","?","E","MIM","M","NM","?","R","M"],"character_chosen":"THE_FLORIST","items_purchased":["EdensBlessing","CCEMRelics:FestiveHat","DemoMod:GnawedKey","RottenBaby","testmod-FightingIntention","testmod-LifeArmor","StuffTheSpire:Experiment12","Gremlin Food","testmod-WeaknessCounterattack"],"campfire_rested":0,"item_purchase_floors":[0,0,0,17,17,21,21,21,21],"current_hp_per_floor":[45,50,50,58,61,61,65,71,71,71,72,75,75,75,75,75,54,54,54,54,54,54,54,54,54,61,61,61,46,55,56,56],"gold":440,"neow_bonus":"","is_daily":false,"chose_seed":false,"campfire_upgraded":4,"win_rate":0.0,"timestamp":1609862255,"path_taken":["M","M","COS","M","M","R","E","?","T","?","M","E","M","M","R","BOSS","M","?","?","$","?","R","?","E","MIM","M","NM","?","R","M"],"items_purchased_type":["Relic","Relic","Relic","Relic","Card","Relic","Relic","Relic","Card"],"build_version":"2020-12-13","purchased_purges":0,"victory":false,"max_hp_per_floor":[75,75,75,75,75,75,75,75,75,75,75,75,75,75,75,75,54,54,54,54,54,54,54,54,54,61,61,61,61,61,61,61],"card_choices":[{"not_picked":[],"picked":"Bomb","floor":0.0},{"not_picked":["REME_MagicPocketWatch+1","REME_BuildACard+1"],"picked":"expansioncontent:BronzeBeam+1","floor":1.0},{"not_picked":["Agrypnos:StormShelter","Agrypnos:NaturalNutrition"],"picked":"Agrypnos:MortarAndPestle","floor":1.0},{"not_picked":["Apotheosis+1","Jack Of All Trades+1","expansioncontent:DonusPower+1","Assess+1"],"picked":"MostiFishMod:PerfectForm+1","floor":2.0},{"not_picked":["Agrypnos:Rot","Agrypnos:Watering","Agrypnos:Verdancy","Agrypnos:RoseGarden"],"picked":"Agrypnos:Till","floor":2.0},{"not_picked":["MostiFishMod:SupremeArchaeology+1","expansioncontent:Collect+1","testmod-PulseDistributor+1","Dramatic Entrance+1"],"picked":"testmod-Wormhole+1","floor":4.0},{"not_picked":["Agrypnos:Poppy","Agrypnos:StormShelter","Agrypnos:FloralScent","Agrypnos:Azalea"],"picked":"Agrypnos:Wolfsbane","floor":4.0},{"not_picked":["Agrypnos:SeedPacket","Agrypnos:FloralScent","Agrypnos:Leaf","Agrypnos:StormShelter"],"picked":"Agrypnos:Tumbleweed","floor":5.0},{"not_picked":["Agrypnos:Snapdragon","Agrypnos:Poppy","Agrypnos:Carnation","Agrypnos:Wolfsbane"],"picked":"Agrypnos:Rot","floor":7.0},{"not_picked":["Agrypnos:SeedPacket","Agrypnos:Till","Agrypnos:Poinsettia","Agrypnos:Harvest"],"picked":"Agrypnos:Nightshade","floor":8.0},{"not_picked":["Agrypnos:FloralScent","Agrypnos:CombTheEarth","Agrypnos:Preserve","Agrypnos:Zinnia"],"picked":"Agrypnos:Leaf","floor":10.0},{"not_picked":["Agrypnos:Rose","Agrypnos:Prune","Agrypnos:Till","Agrypnos:MortarAndPestle"],"picked":"Agrypnos:Rainfall","floor":10.0},{"not_picked":["Agrypnos:Winter","Agrypnos:Tumbleweed","Agrypnos:StormShelter","Agrypnos:Rake","Agrypnos:Rot"],"picked":"SKIP","floor":11.0},{"not_picked":["Agrypnos:Orchid","Agrypnos:Rue","Agrypnos:FloralScent","Agrypnos:Weeding","Agrypnos:Nightshade"],"picked":"SKIP","floor":12.0},{"not_picked":["Agrypnos:Tumbleweed","Agrypnos:Azalea","Agrypnos:Replanting","Agrypnos:Till"],"picked":"Agrypnos:RoseGarden","floor":13.0},{"not_picked":["Agrypnos:Rose","Agrypnos:FloralScent","Agrypnos:Leaf","Agrypnos:MorningGlory"],"picked":"Agrypnos:GeneModification","floor":14.0},{"not_picked":["Agrypnos:Narcissus","Agrypnos:FuneralWreath","Agrypnos:QueenOfTheNight","Agrypnos:Kudzu"],"picked":"Agrypnos:Summer","floor":16.0},{"not_picked":["Agrypnos:MorningGlory+1","Agrypnos:Carnation+1","Agrypnos:Rose","Agrypnos:Watering","Agrypnos:Azalea"],"picked":"SKIP","floor":18.0},{"not_picked":["Agrypnos:Wolfsbane","Agrypnos:Shell","Agrypnos:Rot","Agrypnos:Kudzu"],"picked":"Agrypnos:Azalea","floor":19.0},{"not_picked":["Agrypnos:Zinnia","Agrypnos:Till","Agrypnos:FloralScent","Agrypnos:Harvest","Agrypnos:Tumbleweed"],"picked":"SKIP","floor":22.0},{"not_picked":["Agrypnos:Rake","Agrypnos:MortarAndPestle","Agrypnos:Watering","Agrypnos:Leaf","Agrypnos:Verdancy"],"picked":"SKIP","floor":25.0},{"not_picked":["Agrypnos:Blossom","Agrypnos:CombTheEarth","Agrypnos:Cattail","Agrypnos:Preserve"],"picked":"Agrypnos:Tumbleweed","floor":26.0},{"not_picked":["Agrypnos:Watering+1","Agrypnos:Pesticide","Agrypnos:Wolfsbane","Agrypnos:Leaf+1","Agrypnos:CombTheEarth"],"picked":"SKIP","floor":27.0},{"not_picked":["Agrypnos:Winter","Agrypnos:FloralScent","Agrypnos:Carnation","Agrypnos:Rot+1","Agrypnos:Restock"],"picked":"SKIP","floor":28.0},{"not_picked":["Agrypnos:Fertilize","Agrypnos:Rot","Agrypnos:Azalea","Agrypnos:Replanting+1"],"picked":"Agrypnos:StormShelter+1","floor":31}],"player_experience":497711,"relics_obtained":[{"floor":1.0,"key":"SynthV:TestCard"},{"floor":7.0,"key":"ats:Originium"},{"floor":7.0,"key":"Letter Opener"},{"floor":8.0,"key":"wanderingMiniBosses:LockLocket"},{"floor":9.0,"key":"Grinning Jar"},{"floor":12.0,"key":"ats:Originium"},{"floor":12.0,"key":"DemoMod:GundromedaStrain"},{"floor":25.0,"key":"ats:Originium"},{"floor":25.0,"key":"infinitespire:BottledMercury"},{"floor":26.0,"key":"StuffTheSpire:CocoNut"},{"floor":28.0,"key":"testmod-AssaultLearning"},{"floor":29.0,"key":"DeadEye"},{"floor":29.0,"key":"Dota2Spire:ArcaneBoots"}],"event_choices":[{"damage_healed":0.0,"max_hp_gain":0.0,"max_hp_loss":0.0,"gold_gain":0.0,"event_name":"HidenRoomEvent","player_choice":"Fight","floor":29.0,"gold_loss":0.0,"damage_taken":0.0}],"is_beta":false,"boss_relics":[{"not_picked":["CCEMRelics:GreenEgg","RhineSuit"],"picked":"vexMod:TanglingVine"},{"not_picked":[]}],"items_purged_floors":[],"is_endless":true,"potions_floor_spawned":[2,8,13,14,16,22,25,27,31],"killed_by":"Shelled Parasite and Fungi","ascension_level":0}}