{"host":"t7rtdu4954o308h4","time":1609812302,"event":{"mods":["ATMod(阿瑾Mod)","AchievementEnabler","Act Like it!","BaseMod","Conspire","GifTheSpireLib","Infinite Spire","Minty Spire (QoL Compilation)","MostiFishMod","Pale of the Ancients","Replay The Spire","StSLib","TestMod","Waifu the Spire","【人物mod】游戏王New YuGiOh mod","【功能Mod】聪明的最终Boss","【遗物卡牌】REMEMod"],"gold_per_floor":[129,164,182,201,217,217,240,264,287,287,189,249,274,314,314,429,429,458,55,55,89,89,133,133,82,128,128,128,174,209,209,209,328,328,338,351,351,362,362,393,393,431,454,478,560,580,123,183,183,293,293,293],"floor_reached":51,"playtime":5972,"items_purged":[],"score":1172,"play_id":"7d328a6f-ce90-4511-8c70-c3366ec5b5c0","local_time":"20210105100502","is_ascension_mode":false,"campfire_choices":[{"data":"AT_ChampionStep","floor":6.0,"key":"PURGE"},{"data":"GroundShake","floor":15.0,"key":"PURGE"},{"data":"StoneGiant","floor":24.0,"key":"PURGE"},{"data":"TrapMaster","floor":32.0,"key":"PURGE"},{"data":"LinkMage","floor":41,"key":"PURGE"},{"data":"infinitespire:Oblivion","floor":49,"key":"PURGE"}],"circlet_count":0,"master_deck":["StoneGiant","GroundShake","GroundShake","SuddenShock","Student","DifficultSpell","DemoBook","LibraryManager","BlackMage+1","DemoMage","MagicAmplify","CardExchange","WhiteMage+1","ManaRailgun","BookScan+1","CooperationSpell+1","LoliMage","SideChaos","MirrorAngel","MageKnight","GatherUp","CaseMagic","PetDragon","AntiMana","SideSpell+1","SideExchange","MostiFishMod:EE1D","MostiFishMod:EE1D+1","MostiFishMod:EE1D","ReplayTheSpireMod:Chaos Vortex","ReplayTheSpireMod:Splinters","Shame","Injury"],"relics":["Question Card","Thousand","AT_ATBox","DaveBox","testmod-TestBox","REME_ComplimentaryCards","testmod-Prudence","ChiXiaoBlade","SynthV:TestCard","infinitespire:Beetle Shell","Pear","Odd Mushroom","RhineCircuit","AT_SilvercatRing","SynthV","Peace Pipe","testmod-AssaultLearning","testmod-TurbochargingSystem","GreenFoldingFan","EE1DDrone","Pen Nib","Replay:Accelerometer","Blue Doll","Singing Bowl","DaCapo","testmod-Register","Prayer Wheel","Replay:Ancient Bell","SynthV:C4","ImprovedEquipment","testmod-TheFather"],"acts_visited":["Exordium","TheCity","TheBeyond","Exordium"],"potions_floor_usage":[],"damage_taken":[{"damage":0.0,"enemies":"Cultist","floor":1.0,"turns":3.0},{"damage":0.0,"enemies":"Jaw Worm","floor":2.0,"turns":3.0},{"damage":0.0,"enemies":"Small Slimes","floor":3.0,"turns":3.0},{"damage":0.0,"enemies":"2 Fungi Beasts","floor":4.0,"turns":3.0},{"damage":0.0,"enemies":"Large Slime","floor":5.0,"turns":4.0},{"damage":0.0,"enemies":"Exordium Thugs","floor":7.0,"turns":3.0},{"damage":0.0,"enemies":"3 Louse","floor":8.0,"turns":2.0},{"damage":0.0,"enemies":"Gremlin Nob","floor":12.0,"turns":2.0},{"damage":0.0,"enemies":"Gremlin Gang","floor":13.0,"turns":2.0},{"damage":0.0,"enemies":"The Mushroom Lair","floor":14.0,"turns":2.0},{"damage":0.0,"enemies":"Fading Forest","floor":16.0,"turns":7.0},{"damage":0.0,"enemies":"conspire:FuzzyDice","floor":18.0,"turns":2.0},{"damage":0.0,"enemies":"Shell Parasite","floor":21.0,"turns":2.0},{"damage":0.0,"enemies":"Nightmare","floor":23.0,"turns":3.0},{"damage":0.0,"enemies":"conspire:Head Lice","floor":29.0,"turns":3.0},{"damage":0.0,"enemies":"Snecko","floor":30.0,"turns":3.0},{"damage":12.0,"enemies":"LordOfAnnihilation","floor":33.0,"turns":6.0},{"damage":4,"enemies":"3 Shapes","floor":35,"turns":2},{"damage":2,"enemies":"3 Darklings","floor":36,"turns":1},{"damage":4,"enemies":"Spire Growth","floor":38,"turns":2},{"damage":8,"enemies":"Nemesis","floor":40,"turns":4},{"damage":4,"enemies":"Nightmare","floor":42,"turns":2},{"damage":4,"enemies":"Writhing Mass","floor":44,"turns":2},{"damage":4,"enemies":"Sphere and 2 Shapes","floor":46,"turns":2},{"damage":36,"enemies":"Mind Bloom Boss Battle","floor":48,"turns":3},{"damage":14,"enemies":"LordOfAnnihilation","floor":50,"turns":7}],"seed_played":"1340647115930194466","potions_obtained":[{"floor":1.0,"key":"BlessingOfTheForge"},{"floor":7.0,"key":"SteroidPotion"},{"floor":8.0,"key":"REME_GoldPotion"},{"floor":12.0,"key":"SpeedPotion"},{"floor":16.0,"key":"Toxic Potion"}],"is_trial":false,"path_per_floor":["M","M","M","M","M","R","M","M","T","R","$","E","M","?","R","B",null,"M","$","?","M","?","NM","R","$","T","?","R","E","M","AVR","R","B",null,"M","M","?","M","AVR","E","R","NM","T","M","T","M","$","?","R","B",null],"character_chosen":"MagaServantEnum","items_purchased":["CooperationSpell","LoliMage","AT_SilvercatRing","SynthV","AntiMana","DaCapo","testmod-Register"],"campfire_rested":0,"item_purchase_floors":[11,11,19,19,25,47,47],"current_hp_per_floor":[66,66,66,66,66,66,66,66,66,66,66,76,76,76,76,76,76,76,76,76,76,76,76,76,76,76,76,76,76,76,76,76,76,76,76,76,76,76,76,76,76,76,76,76,76,78,78,56,56,56,84,84],"gold":293,"neow_bonus":"TEN_PERCENT_HP_BONUS","is_daily":false,"chose_seed":false,"campfire_upgraded":0,"win_rate":0.0,"timestamp":1609812302,"path_taken":["M","M","M","?","M","R","M","M","T","R","$","E","M","?","R","BOSS","M","$","?","M","?","NM","R","$","T","?","R","E","M","AVR","R","BOSS","M","M","?","M","AVR","E","R","NM","T","M","?","M","$","?","R","BOSS"],"items_purchased_type":["Card","Card","Relic","Relic","Card","Relic","Relic"],"build_version":"2020-12-22","purchased_purges":0,"victory":false,"max_hp_per_floor":[66,66,66,66,66,66,66,66,66,66,66,76,76,76,76,76,76,76,76,76,76,76,76,76,76,76,76,76,76,76,76,76,76,76,76,76,76,76,76,76,76,76,76,76,76,78,78,80,80,80,84,84],"card_choices":[{"not_picked":["AnotherSide","RedEyeDragon","MoonlightDragon"],"picked":"TrapMaster","floor":1.0},{"not_picked":["DragonMage","Student","IceDragon","MoonlightDragon","DragonOrigin"],"picked":"BlackMage","floor":2.0},{"not_picked":["RedEyeDragon","DragonOrigin","EndlessPalace","DemoGhost","LibraryManager"],"picked":"DemoMage","floor":3.0},{"not_picked":["MoonlightDragon","WhiteStone","DragonOrigin","StoneGiant","SuddenShock"],"picked":"MagicAmplify","floor":4.0},{"not_picked":["IceDragon","DemoHunter","DemoMage","DragonOrigin","DragonReflection"],"picked":"CardExchange","floor":5.0},{"not_picked":["DragonReflection","SideChaos","DemoMage","AnotherSide","DemoHunter"],"picked":"WhiteMage","floor":7.0},{"not_picked":["ChainBoob","DragonOrigin","DarkDoor","DragonValley","RedEyeDragon"],"picked":"ManaRailgun","floor":8.0},{"not_picked":["CaseMagic+1","BlackMage+1"],"picked":"BookScan+1","floor":10.0},{"not_picked":["DarkDoor","ExpansiveShield","SoundFromHell","Student","LoliMage"],"picked":"SideChaos","floor":12.0},{"not_picked":["DragonAnger","DemoHunter","SuddenShock","DarkDoor","MoonlightDragon"],"picked":"MirrorAngel","floor":13.0},{"not_picked":["Friendship","GatherUp","DifficultSpell","TrapMaster","Student"],"picked":"MageKnight","floor":14.0},{"not_picked":["Earth","SideSpell","Forecast","WhiteDragon","DoubleDragon"],"picked":"LinkMage","floor":16.0},{"not_picked":["DragonMage+1","IceDragon","WhiteMage","SideChaos","CardExchange"],"picked":"GatherUp","floor":18.0},{"not_picked":["ManaFloor","DarkDoor","Friendship+1","SideChaos","MoonlightDragon"],"picked":"CaseMagic","floor":21.0},{"not_picked":["CardExchange+1","EndlessPalace","CooperationSpell","DemoBook","StoneGiant","DemoTeacher"],"picked":"SKIP","floor":23.0},{"not_picked":["WindDragon+1","MoonlightDragon+1"],"picked":"SideSpell+1","floor":28.0},{"not_picked":["SideChaos+1","DragonAnger+1","DemoTeacher","GatherUp","DifficultSpell"],"picked":"SideExchange","floor":29.0},{"not_picked":["MoonlightDragon","TrapMaster","Friendship","DragonReflection","Forest","DemoHunter"],"picked":"SKIP","floor":30.0},{"not_picked":["infinitespire:UltimateForm","ReplayTheSpireMod:Chaos Vortex"],"picked":"infinitespire:Oblivion","floor":33.0},{"not_picked":["SuddenShock","Student+1","CooperationSpell+1","DemoTeacher","AccelerateMagic+1","GatherUp+1"],"picked":"SKIP","floor":35},{"not_picked":["SideChaos+1","DragonAnger+1","MagicAmplify+1","DownHell","LibraryManager+1","AntiMana"],"picked":"SKIP","floor":36},{"not_picked":["DragonReflection+1","AntiMana","SuddenShock","DemoBook","MagicAmplify+1","SideSpell"],"picked":"SKIP","floor":38},{"not_picked":["LibraryManager+1","LoliMage+1","DragonReflection","DarkDoor","SuddenShock","WhiteGuide"],"picked":"SKIP","floor":40},{"not_picked":["SideSpell","DoubleDragon","AnotherSide+1","ChainBoob+1","CardExchange+1","MoonlightDragon+1"],"picked":"SKIP","floor":42},{"not_picked":["DemoHunter+1","DemoBook+1","BlackMage+1","DragonValley","DemoGhost+1","LibraryManager+1"],"picked":"SKIP","floor":44},{"not_picked":["DemoMaster+1","SoundFromHell+1","LibraryManager","DragonMage","LoliMage+1","Student"],"picked":"Singing Bowl","floor":46},{"not_picked":["LibraryManager+1","DemoHunter","TrapMaster+1","MageKnight+1","DifficultSpell+1","GatherUp"],"picked":"Singing Bowl","floor":48},{"not_picked":["infinitespire:UltimateForm","ReplayTheSpireMod:Haul"],"picked":"ReplayTheSpireMod:Chaos Vortex","floor":50},{"not_picked":["conspire:Blindness","ReplayTheSpireMod:Splinters","conspire:NecroticWound","Regret","Pain","ReplayTheSpireMod:IOU"],"picked":"Singing Bowl","floor":51},{"not_picked":["Spreading Infection","Replay:Hysterical Blindness","Shame","Normality","Decay","Shame"],"picked":"Singing Bowl","floor":51},{"not_picked":["Decay","Shame","Spreading Infection","Sickly","Languid"],"picked":"Injury","floor":51}],"player_experience":62806,"relics_obtained":[{"floor":1.0,"key":"SynthV:TestCard"},{"floor":9.0,"key":"infinitespire:Beetle Shell"},{"floor":12.0,"key":"Pear"},{"floor":14.0,"key":"Odd Mushroom"},{"floor":23.0,"key":"Peace Pipe"},{"floor":26.0,"key":"testmod-AssaultLearning"},{"floor":29.0,"key":"testmod-TurbochargingSystem"},{"floor":40,"key":"Pen Nib"},{"floor":42,"key":"Replay:Accelerometer"},{"floor":43,"key":"Blue Doll"},{"floor":45,"key":"Singing Bowl"},{"floor":48,"key":"Prayer Wheel"}],"event_choices":[{"damage_healed":0.0,"max_hp_gain":0.0,"max_hp_loss":0.0,"gold_gain":0.0,"event_name":"Mushrooms","player_choice":"Fought Mushrooms","floor":14.0,"gold_loss":0.0,"damage_taken":0.0},{"damage_healed":0.0,"max_hp_gain":0.0,"max_hp_loss":0.0,"gold_gain":0.0,"event_name":"Vampires","player_choice":"Ignored","floor":20.0,"gold_loss":0.0,"damage_taken":0.0},{"damage_healed":0.0,"max_hp_gain":0.0,"max_hp_loss":0.0,"gold_gain":0.0,"event_name":"The Library","player_choice":"Read","floor":22.0,"gold_loss":0.0,"damage_taken":0.0,"cards_obtained":["PetDragon"]},{"damage_healed":0,"gold_gain":0,"player_choice":"Leave","damage_taken":0,"max_hp_gain":0,"max_hp_loss":0,"event_name":"conspire:Investor","floor":37,"gold_loss":0},{"damage_healed":0,"gold_gain":0,"player_choice":"Fight","damage_taken":0,"max_hp_gain":0,"max_hp_loss":0,"event_name":"MindBloom","floor":48,"gold_loss":0}],"is_beta":false,"boss_relics":[{"not_picked":["RhineFirstAidKit","testmod-DeterminationOfClimber"],"picked":"RhineCircuit"},{"not_picked":["PatriotShield","Empty Cage"],"picked":"EE1DDrone"},{"not_picked":["conspire:SpecialSausage","Replay:Wanted Poster"],"picked":"Replay:Ancient Bell"},{"not_picked":["CeramicFish","AT_BladeRuinedKing"],"picked":"SynthV:C4"},{"not_picked":["conspire:Flyswatter","AT_GuinsooRageblade"],"picked":"ImprovedEquipment"},{"not_picked":["testmod-CrystalShield","Incense Burner"],"picked":"testmod-TheFather"}],"items_purged_floors":[],"is_endless":true,"potions_floor_spawned":[1,7,8,12,13,16,18,21,33,35,44,50],"ascension_level":0}}