{"host":"y087t2reloz9bi43","time":1609852217,"event":{"mods":["2.2 Compatiblity","AchievementEnabler","Aspiration","BaseMod","Beaked The Cultist","Bestiary","Better Note","Better Vampires","BetterRewards","ChefMod","Colored Map","Colored Powertips","Conspire","Downfall","Ekko","Fireblade Mod","Friendly Minions","GifTheSpireLib","Halation","Hermit","Hubris","Infinite Spire","Jedi Mod","JesterMod","Jorbs\u0027s Wanderer Trilogy","Mad Scientist","Marisa????????","Mimic Mod","Minty Spire (QoL Compilation)","Permanent Neow","Rare Cards Sparkle","Relic Stats","Replay The Spire","Robot Space Explorer","Shade Mod","Shop Mod","StSLib","The Blackbeard","The Bug Knight","The Construct","The Cursed","The Hierophant","The Jungle","The Marked","The Mystic","The Necromancer","The Runesmith","The Servant 0.9.4","TheHeartMod","TheHero","TheVacant","Uncapped","everything is the same but u backflip on backflip","vexMod"],"gold_per_floor":[209,209,226,181,194,222,222,13,38,65,78,135,135,148,148,279,279,299,299,299,322,346,380,380,380,380,195,216,251,251,271,271,396,396,417,417,417,435,435,469,469,508,508,552,615,915,931,238,238,238,238,238,7,42,42],"floor_reached":56,"playtime":8744,"items_purged":["theHeart:theHeartCommonAttack","Injury","theHeart:Invincibility","theHeart:Invincibility"],"score":1581,"play_id":"aad3315b-92f6-4aad-9917-a505515c0e66","local_time":"20210105131017","is_ascension_mode":false,"campfire_choices":[{"data":"theHeart:ArterialFlow","floor":7.0,"key":"SMITH"},{"data":"Replay:Sssssssssshield","floor":13.0,"key":"SMITH"},{"floor":30.0,"key":"RECALL"},{"data":"theHeart:BloodDrop","floor":32.0,"key":"SMITH"},{"data":"infinitespire:UltimateForm","floor":49,"key":"SMITH"},{"data":"Replay:SS_forest_6","floor":52,"key":"SMITH"}],"circlet_count":0,"master_deck":["Parasite","theHeart:BloodDrop+1","theHeart:Scab","theHeart:ArterialFlow","theHeart:ArterialFlow+1","theHeart:PainfulStabs","theHeart:HeartyVessels","Metamorphosis+1","Replay:Sssssssssshield+1","Replay:Sssssssssshield","theHeart:ArterialFlow","theHeart:QuickBite","theHeart:TranquilRhythm","theHeart:Embolism","theHeart:Antibiotics","theHeart:HeartAttack","theHeart:Hemorrhage","chefmod:TodaysSpecial+1","theHeart:TotalHeartFailure","theHeart:Omega3+1","theHeart:Tachycardia","theHeart:Tachycardia+1","Replay:SS_forest_6+1","theHeart:Heartbeat+1","theHeart:OxygenRichBlood","theHeart:HighDecibelBeat","theHeart:Echo","theHeart:FattyMembrane","theHeart:CapillaryExchange","theHeart:TentacleWhip","theHeart:Hemochromatosis","theHeart:Heartbeat","theHeart:EndlessHatred","theHeart:EndlessHatred+1","theHeart:Cleanse+1","theHeart:Crush+1","infinitespire:UltimateForm+1","theHeart:Pacemaker+1","theHeart:Arrhythmia+1","theHeart:QuantumEntanglement+1","theHeart:ArterialFlow","theHeart:SpireSpear+1","Replay:SS_forest_2","hubris:EnhanceAbility","theHeart:Buff"],"relics":["theHeart:BeatOfDeath","Blue Doll","BargainBundle","Orichalcum","hubris:TenFootPole","conspire:DeflatedDodgeball","jedi:crownofsimplicity","Golden Idol","Honey Jar","WingedGreaves","Nunchaku","halation:OrihimeAndHikoboshiSamaAndTears","Centennial Puzzle","Pandora\u0027s Box","ChewingGum","halation:PinkSoulGem","Replay:Towering Pillar of Hats","conspire:TreasureMap","halation:SmartPhone","halation:KoshaPiece","theHeart:ViralInfection","Toy Ornithopter","hubris:AstralHammer","ReplayTheSpireMod:Ninjato","Replay:Baseball","Lantern"],"acts_visited":["Exordium","theJungle:Jungle","TheBeyond","TheEnding"],"potions_floor_usage":[44,44,50,50,54,54,55,55],"damage_taken":[{"damage":0.0,"enemies":"2 Louse","floor":1.0,"turns":4.0},{"damage":0.0,"enemies":"Cultist","floor":3.0,"turns":3.0},{"damage":0.0,"enemies":"Small Slimes","floor":5.0,"turns":3.0},{"damage":19.0,"enemies":"Lagavulin","floor":6.0,"turns":6.0},{"damage":0.0,"enemies":"Gremlin Nob","floor":10.0,"turns":3.0},{"damage":0.0,"enemies":"Blue Slaver","floor":11.0,"turns":2.0},{"damage":0.0,"enemies":"Gremlin Nob","floor":12.0,"turns":3.0},{"damage":0.0,"enemies":"Looter","floor":14.0,"turns":2.0},{"damage":0.0,"enemies":"Slime Boss","floor":16.0,"turns":5.0},{"damage":0.0,"enemies":"theJungle:GiantWrat","floor":18.0,"turns":2.0},{"damage":25.0,"enemies":"theJungle:Flameango_and_Byrd","floor":21.0,"turns":3.0},{"damage":0.0,"enemies":"Snake Plant","floor":22.0,"turns":4.0},{"damage":6.0,"enemies":"theJungle:Cassacara","floor":23.0,"turns":5.0},{"damage":0.0,"enemies":"JungleHuntersEvent","floor":24.0,"turns":6.0},{"damage":9.0,"enemies":"theJungle:Snecko_Cultist_And_Trap","floor":28.0,"turns":4.0},{"damage":0.0,"enemies":"theJungle:2_Phrogs","floor":29.0,"turns":5.0},{"damage":6.0,"enemies":"theJungle:2_Snecko_Cultists","floor":31.0,"turns":3.0},{"damage":20.0,"enemies":"theJungle:TotemBoss","floor":33.0,"turns":3.0},{"damage":17,"enemies":"3 Shapes","floor":35,"turns":3},{"damage":24,"enemies":"3 Darklings","floor":38,"turns":2},{"damage":3,"enemies":"HollowMod:StalkingDevout","floor":40,"turns":5},{"damage":0,"enemies":"Giant Head","floor":42,"turns":6},{"damage":14,"enemies":"Reptomancer","floor":44,"turns":4},{"damage":0,"enemies":"Mind Bloom Boss Battle","floor":45,"turns":4},{"damage":4,"enemies":"Sphere and 2 Shapes","floor":47,"turns":3},{"damage":31,"enemies":"Awakened One","floor":50,"turns":7},{"damage":20,"enemies":"Shield and Spear","floor":54,"turns":5},{"damage":32,"enemies":"NeowBoss","floor":55,"turns":6}],"seed_played":"1898140220806772928","potions_obtained":[{"floor":3.0,"key":"champ:CounterPotion"},{"floor":6.0,"key":"SkillPotion"},{"floor":11.0,"key":"Explosive Potion"},{"floor":12.0,"key":"Weak Potion"},{"floor":14.0,"key":"DistilledChaos"},{"floor":18.0,"key":"LiquidMemories"},{"floor":19.0,"key":"Slimebound:ThreeZeroPotion"},{"floor":19.0,"key":"AttackPotion"},{"floor":19.0,"key":"Regen Potion"},{"floor":23.0,"key":"SpeedPotion"},{"floor":24.0,"key":"Ancient Potion"},{"floor":31.0,"key":"jedi:wingpotion"},{"floor":35,"key":"Strength Potion"},{"floor":38,"key":"EssenceOfSteel"},{"floor":45,"key":"jedi:StrikingPotion"},{"floor":54,"key":"Energy Potion"}],"is_trial":false,"path_per_floor":["M","?","M","$","M","E","R","$","T","E","M","?","R","M","R_BF","B",null,"M","?","?","M","M","E","?","T","T","$","M","E","R","M","R","B",null,"M","?","HB","M","?","E","AVR","E","T","E","?","?","M","$","R","B",null,"R","$","E","B",null],"character_chosen":"THE_HEART","items_purchased":["theHeart:PainfulStabs","BargainBundle","Orichalcum","Swift Potion","theHeart:HeartyVessels","Metamorphosis+1","Replay:Sssssssssshield","theHeart:ArterialFlow","jedi:StrikingPotion","Replay:SS_forest_6","LifebloodPotion","ColorlessPotion","theHeart:SpireSpear+1","Replay:SS_forest_2","ReplayTheSpireMod:Ninjato","hubris:EnhanceAbility","Replay:Baseball"],"campfire_rested":0,"item_purchase_floors":[4,8,8,8,8,8,8,8,8,27,48,48,48,48,48,53,53],"current_hp_per_floor":[75,75,75,75,75,56,56,56,56,56,56,56,56,56,56,56,75,75,75,75,50,52,46,61,61,61,61,52,60,60,54,54,42,75,66,66,66,50,50,55,55,63,63,57,57,57,61,61,61,48,75,75,72,67,57],"gold":42,"neow_bonus":"HUNDRED_GOLD","is_daily":false,"chose_seed":false,"campfire_upgraded":5,"win_rate":0.0,"timestamp":1609852217,"path_taken":["M","?","M","$","M","E","R","$","T","E","?","?","R","M","R_BF","BOSS","M","?","?","M","M","E","?","?","T","$","M","E","R","M","R","BOSS","M","?","HB","?","?","E","AVR","E","T","E","?","?","?","$","R","BOSS","R","$","E","BOSS"],"items_purchased_type":["Card","Relic","Relic","Potion","Card","Card","Card","Card","Potion","Card","Potion","Potion","Card","Card","Relic","Card","Relic"],"build_version":"2020-12-22","purchased_purges":4,"victory":true,"max_hp_per_floor":[75,75,75,75,75,75,75,75,75,75,75,75,75,75,75,75,75,75,75,75,75,75,75,75,75,75,75,75,75,75,75,75,75,75,75,75,75,75,75,75,75,75,75,75,75,75,75,75,75,75,75,75,75,75,75],"relic_stats":{"Nunchaku":[18],"Centennial Puzzle":[25],"counters":[28,111],"Golden Idol":191,"Pandora\u0027s Box":["theHeart:FattyMembrane","theHeart:CapillaryExchange","theHeart:TentacleWhip","theHeart:Invincibility","theHeart:Hemochromatosis","theHeart:Heartbeat","theHeart:EndlessHatred"],"Orichalcum":[138],"obtain_stats":[{"Lantern":54,"Blue Doll":6,"theHeart:ViralInfection":43,"Nunchaku":24,"Centennial Puzzle":29,"hubris:AstralHammer":45,"Honey Jar":17,"WingedGreaves":23,"halation:KoshaPiece":42,"halation:SmartPhone":41,"BargainBundle":8,"halation:OrihimeAndHikoboshiSamaAndTears":26,"conspire:TreasureMap":41,"theHeart:BeatOfDeath":0,"ReplayTheSpireMod:Ninjato":48,"Replay:Towering Pillar of Hats":40,"Golden Idol":15,"jedi:crownofsimplicity":12,"Orichalcum":8,"Replay:Baseball":53,"Pandora\u0027s Box":34,"ChewingGum":37,"hubris:TenFootPole":9,"conspire:DeflatedDodgeball":10,"halation:PinkSoulGem":39,"Toy Ornithopter":44},{"Lantern":27,"Blue Doll":4,"theHeart:ViralInfection":22,"Nunchaku":14,"Centennial Puzzle":16,"hubris:AstralHammer":24,"Honey Jar":9,"WingedGreaves":13,"halation:KoshaPiece":22,"halation:SmartPhone":21,"BargainBundle":4,"halation:OrihimeAndHikoboshiSamaAndTears":14,"conspire:TreasureMap":21,"theHeart:BeatOfDeath":0,"ReplayTheSpireMod:Ninjato":25,"Replay:Towering Pillar of Hats":21,"Golden Idol":8,"jedi:crownofsimplicity":7,"Orichalcum":4,"Replay:Baseball":26,"Pandora\u0027s Box":18,"ChewingGum":19,"hubris:TenFootPole":4,"conspire:DeflatedDodgeball":5,"halation:PinkSoulGem":20,"Toy Ornithopter":23},{"Lantern":105,"Blue Doll":16,"theHeart:ViralInfection":82,"Nunchaku":51,"Centennial Puzzle":60,"hubris:AstralHammer":90,"Honey Jar":31,"WingedGreaves":45,"halation:KoshaPiece":82,"halation:SmartPhone":76,"BargainBundle":16,"halation:OrihimeAndHikoboshiSamaAndTears":51,"conspire:TreasureMap":76,"theHeart:BeatOfDeath":0,"ReplayTheSpireMod:Ninjato":93,"Replay:Towering Pillar of Hats":76,"Golden Idol":26,"jedi:crownofsimplicity":24,"Orichalcum":16,"Replay:Baseball":100,"Pandora\u0027s Box":66,"ChewingGum":69,"hubris:TenFootPole":16,"conspire:DeflatedDodgeball":19,"halation:PinkSoulGem":71,"Toy Ornithopter":86}],"Toy Ornithopter":23},"card_choices":[{"not_picked":["theHeart:HighDecibelBeat","theHeart:Cleanse"],"picked":"theHeart:ArterialFlow","floor":1.0},{"not_picked":["theHeart:Crush","theHeart:Arrhythmia"],"picked":"theHeart:ArterialFlow","floor":3.0},{"not_picked":["theHeart:CapillaryExchange","theHeart:Embolism","theHeart:BloodClots"],"picked":"SKIP","floor":5.0},{"not_picked":["theHeart:Cleanse","theHeart:Toil"],"picked":"theHeart:Invincibility","floor":6.0},{"not_picked":["theHeart:Tachycardia","theHeart:GrayPlatelets"],"picked":"theHeart:QuickBite","floor":10.0},{"not_picked":["theHeart:Cleanse","theHeart:Tachycardia"],"picked":"theHeart:TranquilRhythm","floor":11.0},{"not_picked":["theHeart:NoxiousBlood","theHeart:Invincibility"],"picked":"theHeart:Embolism","floor":12.0},{"not_picked":["theHeart:Devour","theHeart:ScrapOoze"],"picked":"theHeart:Antibiotics","floor":14.0},{"not_picked":["theHeart:Enrage","theHeart:Hemochromatosis"],"picked":"theHeart:HeartAttack","floor":16.0},{"not_picked":["theHeart:BloodSpray","theHeart:PulmonaryCirculation","theHeart:Embolism"],"picked":"theHeart:Hemorrhage","floor":18.0},{"not_picked":["theHeart:Devour+1","theHeart:PoisonousCyst+1","theHeart:CapillaryExchange"],"picked":"theHeart:TotalHeartFailure","floor":21.0},{"not_picked":["theHeart:FattyMembrane","theHeart:Devour+1","theHeart:CapillaryExchange+1"],"picked":"theHeart:Omega3+1","floor":22.0},{"not_picked":["theHeart:HastyFortification","theHeart:Crush","theHeart:CapillaryExchange"],"picked":"theHeart:Tachycardia","floor":23.0},{"not_picked":["theHeart:Crush+1","theHeart:Toil","theHeart:TranquilRhythm"],"picked":"theHeart:Tachycardia+1","floor":24.0},{"not_picked":["theHeart:ChaoticEnergy","theHeart:Arrhythmia","theHeart:PoisonousCyst"],"picked":"theHeart:Heartbeat+1","floor":28.0},{"not_picked":["theHeart:Terrify","theHeart:ArterialFlow+1","theHeart:Betablocker"],"picked":"theHeart:OxygenRichBlood","floor":29.0},{"not_picked":["theHeart:PainfulStabs","theHeart:Crush+1","theHeart:EndlessHatred"],"picked":"theHeart:HighDecibelBeat","floor":31.0},{"not_picked":["theHeart:CorruptedForm","theHeart:HeartAttack","theHeart:FiberOpticCatheter"],"picked":"theHeart:Echo","floor":33.0},{"not_picked":["theHeart:Pacemaker+1","theHeart:GrayPlatelets","theHeart:Devour+1"],"picked":"theHeart:EndlessHatred+1","floor":35},{"not_picked":["theHeart:TranquilRhythm","theHeart:FattyMembrane+1","theHeart:Embolism"],"picked":"theHeart:Cleanse+1","floor":38},{"not_picked":["theHeart:PainfulStabs+1","theHeart:Arrhythmia","theHeart:HeartyVessels+1"],"picked":"theHeart:Crush+1","floor":40},{"not_picked":["theHeart:Embolism+1","theHeart:Hemochromatosis","theHeart:CapillaryExchange"],"picked":"theHeart:Pacemaker+1","floor":42},{"not_picked":["theHeart:PainfulStabs+1","theHeart:SpireGrowth+1","theHeart:Tachycardia+1"],"picked":"theHeart:Arrhythmia+1","floor":44},{"not_picked":["theHeart:Omega3","theHeart:ArterialFlow+1","theHeart:HeartyVessels"],"picked":"theHeart:QuantumEntanglement+1","floor":45},{"not_picked":["theHeart:TentacleWhip+1","theHeart:CapillaryExchange","theHeart:Cholesterol+1"],"picked":"theHeart:ArterialFlow","floor":47},{"not_picked":["theHeart:ArterialFlow+1","theHeart:Cleanse","theHeart:Embolism"],"picked":"theHeart:Buff","floor":54}],"player_experience":360373,"relics_obtained":[{"floor":6.0,"key":"Blue Doll"},{"floor":9.0,"key":"hubris:TenFootPole"},{"floor":10.0,"key":"conspire:DeflatedDodgeball"},{"floor":12.0,"key":"jedi:crownofsimplicity"},{"floor":23.0,"key":"WingedGreaves"},{"floor":24.0,"key":"Nunchaku"},{"floor":26.0,"key":"halation:OrihimeAndHikoboshiSamaAndTears"},{"floor":29.0,"key":"Centennial Puzzle"},{"floor":40,"key":"Replay:Towering Pillar of Hats"},{"floor":42,"key":"halation:KoshaPiece"},{"floor":43,"key":"theHeart:ViralInfection"},{"floor":44,"key":"Toy Ornithopter"},{"floor":45,"key":"hubris:AstralHammer"},{"floor":54,"key":"Lantern"}],"event_choices":[{"cards_removed":["theHeart:theHeartCommonAttack"],"damage_healed":0.0,"max_hp_gain":0.0,"max_hp_loss":0.0,"gold_gain":0.0,"event_name":"Wheel of Change","player_choice":"Card Removal","floor":2.0,"gold_loss":0.0,"damage_taken":0.0},{"damage_healed":0.0,"max_hp_gain":0.0,"max_hp_loss":0.0,"gold_gain":0.0,"event_name":"Dead Adventurer","player_choice":"Searched \u00271\u0027 times","floor":12.0,"gold_loss":0.0,"damage_taken":0.0},{"damage_healed":0.0,"max_hp_gain":0.0,"max_hp_loss":0.0,"gold_gain":0.0,"event_name":"Golden Idol","player_choice":"Take Wound","floor":15.0,"gold_loss":0.0,"damage_taken":0.0,"relics_obtained":["Golden Idol"],"cards_obtained":["Injury"]},{"damage_healed":0.0,"max_hp_gain":0.0,"max_hp_loss":0.0,"gold_gain":0.0,"event_name":"Lab","player_choice":"Got Potions","floor":19.0,"gold_loss":0.0,"damage_taken":0.0},{"cards_removed":["Metamorphosis"],"damage_healed":0.0,"max_hp_gain":0.0,"max_hp_loss":0.0,"gold_gain":0.0,"event_name":"betterNote:BetterNote","player_choice":"Take \u0026 Give","floor":20.0,"gold_loss":0.0,"damage_taken":0.0,"cards_obtained":["chefmod:TodaysSpecial"]},{"damage_healed":0,"gold_gain":0,"player_choice":"Ignored","damage_taken":0,"max_hp_gain":0,"max_hp_loss":0,"event_name":"SecretPortal","floor":36,"gold_loss":0},{"damage_healed":0,"gold_gain":0,"player_choice":"Fight","damage_taken":0,"max_hp_gain":0,"max_hp_loss":0,"event_name":"MindBloom","floor":45,"gold_loss":0},{"damage_healed":0,"gold_gain":300,"player_choice":"Gold","damage_taken":0,"max_hp_gain":0,"max_hp_loss":0,"event_name":"Wheel of Change","floor":46,"gold_loss":0}],"is_beta":false,"boss_relics":[{"not_picked":["Runic Dome","hubris:GrandSneckoEye"],"picked":"Honey Jar"},{"not_picked":["hubris:HollowSoul","ReplayTheSpireMod:SealedPack"],"picked":"Pandora\u0027s Box"}],"items_purged_floors":[8,27,41,48],"is_endless":false,"potions_floor_spawned":[3,6,11,12,14,18,23,24,31,35,38,45,54],"ascension_level":0}}