{"host":"4xikrlo049sozq0n","time":1609861688,"event":{"mods":["AchievementEnabler","BaseMod","BetterRewards","Challenge The Spire","Colored Powertips","Downfall","Energized Spire","Highlight Path","Hubris","Minty Spire (QoL Compilation)","Permanent Neow","Quick Restart","Relic Filter","Relic Sorter","Remove Card Discount Mod","Replay The Spire","StSLib","SuperFastMode","Synergy Search"],"gold_per_floor":[116,1,1,76,124,163,163,178,178,193,193,232,232,253,253,373,373,386,336,352,94,94,94,94,94],"floor_reached":24,"playtime":2998,"items_purged":["Strike_B","Strike_B","Strike_B","Strike_B","Defend_B"],"score":318,"play_id":"3278638d-fae3-4679-adb6-2c488cb24f8c","local_time":"20210105104808","is_ascension_mode":true,"campfire_choices":[{"data":"Zap","floor":7.0,"key":"SMITH"},{"data":"Dualcast","floor":11.0,"key":"SMITH"},{"data":"Darkness","floor":13.0,"key":"SMITH"},{"data":"Rainbow","floor":15.0,"key":"SMITH"},{"floor":23,"key":"REST"}],"circlet_count":0,"master_deck":["Defend_B","Defend_B","Defend_B","Zap+1","Dualcast+1","Streamline","FIFO Queue","Melter","Conserve Battery","Sunder","Darkness+1","BootSequence","Rainbow+1","Echo Form","Sunder","Loop","Doom and Gloom"],"relics":["Cracked Core","NeowsBlessing","Golden Idol","Matryoshka","Tiny Chest","InkBottle","Mirror","hubris:RunicObelisk","Geode"],"acts_visited":["Exordium","TheCity"],"potions_floor_usage":[24,24],"damage_taken":[{"damage":0.0,"enemies":"Small Slimes","floor":1.0,"turns":1.0},{"damage":0.0,"enemies":"3 Sentries","floor":6.0,"turns":1.0},{"damage":0.0,"enemies":"Jaw Worm","floor":8.0,"turns":1.0},{"damage":0.0,"enemies":"Cultist","floor":10.0,"turns":4.0},{"damage":18.0,"enemies":"Replay:BlueRogue","floor":12.0,"turns":6.0},{"damage":10.0,"enemies":"2 Fungi Beasts","floor":14.0,"turns":3.0},{"damage":11.0,"enemies":"Fading Forest","floor":16.0,"turns":11.0},{"damage":18.0,"enemies":"Shell Parasite","floor":18.0,"turns":5.0},{"damage":18,"enemies":"3 Byrds","floor":20,"turns":5},{"damage":51,"enemies":"Gremlin Leader","floor":24,"turns":4}],"seed_played":"6293467414169212528","potions_obtained":[{"floor":6.0,"key":"Ancient Potion"},{"floor":12.0,"key":"Swift Potion"},{"floor":20,"key":"Swift Potion"},{"floor":22,"key":"Slimebound:ThreeZeroPotion"}],"is_trial":false,"path_per_floor":["M","$","?","?","T","E","R","M","T","M","R","E","R","M","R","B",null,"M","?","M","$","?","R","E"],"character_chosen":"DEFECT","items_purchased":["FIFO Queue","Melter","Loop","Doom and Gloom","Geode"],"campfire_rested":1,"item_purchase_floors":[2,2,21,21,21],"current_hp_per_floor":[68,68,68,57,57,57,57,57,57,57,57,39,39,29,29,26,58,40,40,22,22,22,42,0,0],"gold":94,"neow_bonus":"THREE_ENEMY_KILL","is_daily":false,"chose_seed":false,"campfire_upgraded":4,"win_rate":0.0,"timestamp":1609861688,"path_taken":["M","$","?","?","?","E","R","M","T","M","R","E","R","M","R","BOSS","M","?","?","$","?","R","E"],"items_purchased_type":["Card","Card","Card","Card","Relic"],"build_version":"2020-12-22","purchased_purges":5,"victory":false,"max_hp_per_floor":[75,75,69,69,69,69,69,69,69,69,69,69,69,69,69,69,69,69,69,69,69,69,69,69,69],"card_choices":[{"not_picked":["ReplayTheSpireMod:GoodbyeWorld","Turbo"],"picked":"Streamline","floor":1.0},{"not_picked":["Recycle","Turbo"],"picked":"Conserve Battery","floor":6.0},{"not_picked":["Coolheaded","BasicCrystalCard"],"picked":"Sunder","floor":8.0},{"not_picked":["Leap","ReplayTheSpireMod:Repulse"],"picked":"Darkness","floor":10.0},{"not_picked":["Coolheaded","ReplayTheSpireMod:Repulse"],"picked":"BootSequence","floor":12.0},{"not_picked":["Capacitor","Coolheaded"],"picked":"Rainbow","floor":14.0},{"not_picked":["Buffer","Amplify"],"picked":"Echo Form","floor":16.0},{"not_picked":["ReplayTheSpireMod:Repulse","Undo"],"picked":"Sunder","floor":18.0},{"not_picked":["Hello World","Crystallizer","Beam Cell"],"picked":"SKIP","floor":20}],"player_experience":926727,"relics_obtained":[{"floor":6.0,"key":"Matryoshka"},{"floor":9.0,"key":"Tiny Chest"},{"floor":9.0,"key":"InkBottle"},{"floor":12.0,"key":"Mirror"}],"event_choices":[{"damage_healed":0.0,"max_hp_gain":0.0,"max_hp_loss":6.0,"gold_gain":0.0,"event_name":"Golden Idol","player_choice":"Lose Max HP","floor":3.0,"gold_loss":0.0,"damage_taken":0.0,"relics_obtained":["Golden Idol"]},{"damage_healed":0.0,"max_hp_gain":0.0,"max_hp_loss":0.0,"gold_gain":75.0,"event_name":"World of Goop","player_choice":"Gather Gold","floor":4.0,"gold_loss":0.0,"damage_taken":11.0},{"damage_healed":0.0,"max_hp_gain":0.0,"max_hp_loss":0.0,"gold_gain":0.0,"event_name":"The Joust","player_choice":"Bet on Murderer","floor":19.0,"gold_loss":50.0,"damage_taken":0.0},{"damage_healed":0,"gold_gain":0,"player_choice":"Got Potions","damage_taken":0,"max_hp_gain":0,"max_hp_loss":0,"event_name":"Lab","floor":22,"gold_loss":0}],"is_beta":false,"boss_relics":[{"not_picked":["Pandora\u0027s Box","energizedSpire:NeverEndingSparkler"],"picked":"hubris:RunicObelisk"}],"items_purged_floors":[2,2,2,2,21],"is_endless":false,"potions_floor_spawned":[6,12,20],"killed_by":"Gremlin Leader","ascension_level":8}}