{"host":"jyuuog6ydc2s7nd8","time":1609846418,"event":{"mods":["BaseMod","Better Vampires","Minty Spire (QoL Compilation)","Shop Mod","StSLib","The Hierophant","The Servant 0.9.4","TheBandit","[IsaacMod]ÒÔÈö¼âËþ"],"gold_per_floor":[14,25,25,38,38,38,79,79,160,201,201,201,40,40,40,133,133,149,149,149],"floor_reached":19,"playtime":545,"items_purged":["Strike_B","Darkness"],"score":446,"play_id":"72e415cc-3746-4595-9767-4bf2ac34f6d8","local_time":"20210105193338","is_ascension_mode":true,"campfire_choices":[{"data":"Dualcast","floor":6.0,"key":"SMITH"},{"data":"Creative AI","floor":11.0,"key":"SMITH"},{"data":"Defragment","floor":15.0,"key":"SMITH"}],"circlet_count":0,"master_deck":["AscendersBane","Zap","Dualcast+1","Ball Lightning","Machine Learning","Heatsinks","Loop","Creative AI+1","Defragment+1","Meteor Strike","Consume","Echo Form","Reinforced Body","ElectricPowerLearning","Amplify","Conserve Battery"],"relics":["Cracked Core","HushsDoor","Torii","PillsDrop","Golden Idol","Whetstone","Omamori","Pandora\u0027s Box","Incubus"],"acts_visited":["Exordium","TheCity"],"potions_floor_usage":[],"damage_taken":[{"damage":8.0,"enemies":"Small Slimes","floor":1.0,"turns":3.0},{"damage":7.0,"enemies":"2 Louse","floor":2.0,"turns":2.0},{"damage":7.0,"enemies":"Jaw Worm","floor":4.0,"turns":3.0},{"damage":30.0,"enemies":"Lagavulin","floor":7.0,"turns":7.0},{"damage":14.0,"enemies":"3 Sentries","floor":10.0,"turns":6.0},{"damage":0.0,"enemies":"Slime Boss","floor":16.0,"turns":4.0},{"damage":45,"enemies":"3 Byrds","floor":18,"turns":6},{"damage":12,"enemies":"Chosen","floor":19,"turns":2}],"seed_played":"8996684954807079879","potions_obtained":[{"floor":2.0,"key":"FairyPotion"},{"floor":7.0,"key":"Energy Potion"},{"floor":10.0,"key":"EntropicBrew"},{"floor":16.0,"key":"FairyPotion"}],"is_trial":false,"path_per_floor":["M","M","?","M","?","R","E","?","T","E","R","?","$","$","R","B",null,"M","M"],"character_chosen":"DEFECT","items_purchased":["Defragment","Incubus","Amplify"],"campfire_rested":0,"item_purchase_floors":[13,17,17],"current_hp_per_floor":[56,49,25,18,18,18,24,48,48,34,34,12,12,12,12,12,38,6,0,0],"gold":149,"neow_bonus":"ONE_RARE_RELIC","is_daily":false,"chose_seed":false,"campfire_upgraded":3,"win_rate":0.0,"timestamp":1609846418,"path_taken":["M","M","?","M","?","R","E","?","T","E","R","?","?","$","R","BOSS","M","M"],"items_purchased_type":["Card","Relic","Card"],"build_version":"2020-12-22","purchased_purges":2,"victory":false,"max_hp_per_floor":[71,71,71,71,71,71,74,74,74,74,74,74,74,74,74,74,46,46,46,46],"card_choices":[{"not_picked":[],"picked":"Bomb","floor":0.0},{"not_picked":["Go for the Eyes","Rebound"],"picked":"Ball Lightning","floor":1.0},{"not_picked":["Pulse","Skim"],"picked":"Machine Learning","floor":2.0},{"not_picked":["Compile Driver","Reinforced Body"],"picked":"Heatsinks","floor":4.0},{"not_picked":["Double Energy","Cold Snap"],"picked":"Loop","floor":7.0},{"not_picked":["Beam Cell","Undo"],"picked":"Creative AI","floor":10.0},{"not_picked":["Beam Cell","Compile Driver"],"picked":"Conserve Battery","floor":18}],"player_experience":1801362,"relics_obtained":[{"floor":7.0,"key":"Whetstone"},{"floor":10.0,"key":"Omamori"}],"event_choices":[{"damage_healed":0.0,"max_hp_gain":0.0,"max_hp_loss":0.0,"gold_gain":0.0,"event_name":"Golden Idol","player_choice":"Take Damage","floor":3.0,"gold_loss":0.0,"damage_taken":24.0,"relics_obtained":["Golden Idol"]},{"cards_removed":["Strike_B"],"damage_healed":0.0,"max_hp_gain":0.0,"max_hp_loss":0.0,"gold_gain":0.0,"event_name":"Living Wall","player_choice":"Forget","floor":5.0,"gold_loss":0.0,"damage_taken":0.0},{"damage_healed":24.0,"max_hp_gain":0.0,"max_hp_loss":0.0,"gold_gain":0.0,"event_name":"Big Fish","player_choice":"Banana","floor":8.0,"gold_loss":0.0,"damage_taken":0.0},{"damage_healed":0.0,"max_hp_gain":0.0,"max_hp_loss":0.0,"gold_gain":0.0,"event_name":"Shining Light","player_choice":"Entered Light","floor":12.0,"gold_loss":0.0,"damage_taken":22.0,"cards_upgraded":["Defend_B","Defend_B"]}],"is_beta":false,"boss_relics":[{"not_picked":["Calling Bell","Fusion Hammer"],"picked":"Pandora\u0027s Box"},{"not_picked":[]}],"items_purged_floors":[13,17],"is_endless":false,"potions_floor_spawned":[2,7,10,16],"killed_by":"Chosen","ascension_level":20}}