{"host":"fzku1ofsxv8lro8o","time":1609820946,"event":{"mods":["BaseMod","Colored Map","Downfall","Minty Spire (QoL Compilation)","Relic Stats","StSLib","everything is the same but u backflip on backflip"],"gold_per_floor":[0,14,0,0,0,0,0,0,0,29,29,61,61,89,99,99,99,99],"floor_reached":16,"playtime":564,"items_purged":[],"score":172,"play_id":"1af841c1-b280-46a6-9c26-995610e36205","local_time":"20210105072906","is_ascension_mode":true,"campfire_choices":[{"floor":1,"key":"RECALL"},{"data":"Slimebound:SlimeBarrage","floor":6,"key":"SMITH"},{"data":"Slimebound:Split","floor":8,"key":"SMITH"},{"data":"Slimebound:GoopSpray","floor":11,"key":"SMITH"},{"data":"Slimebound:Overexert","floor":13,"key":"SMITH"}],"circlet_count":0,"master_deck":["Slimebound:Strike_Slimebound","Slimebound:Strike_Slimebound","Slimebound:Strike_Slimebound","Slimebound:Tackle","Slimebound:Defend_Slimebound","Slimebound:Defend_Slimebound","Slimebound:Defend_Slimebound","Slimebound:Defend_Slimebound","Slimebound:Split+1","Slimebound:CorrosiveSpit","Slimebound:GoopSpray+1","Slimebound:SlimeBarrage+1","Slimebound:GrowthPunch","Slimebound:Overexert+1","Slimebound:SlimeSpikes","Slimebound:SlimeSpikes","Slimebound:LevelUp"],"relics":["Slimebound:AbsorbEndCombat","CaptainsWheel","Sundial","White Beast Statue","Prayer Wheel","Ornamental Fan","Omamori"],"acts_visited":["Exordium"],"potions_floor_usage":[12,16],"damage_taken":[{"damage":0,"enemies":"2 Louse","floor":2,"turns":4},{"damage":7,"enemies":"downfall:FleeingMerchant","floor":3,"turns":4},{"damage":17,"enemies":"downfall:FleeingMerchant","floor":5,"turns":4},{"damage":44,"enemies":"Gremlin Nob","floor":10,"turns":5},{"damage":8,"enemies":"Lagavulin","floor":12,"turns":4},{"damage":8,"enemies":"Gremlin Nob","floor":14,"turns":2},{"damage":8,"enemies":"Jaw Worm","floor":15,"turns":4},{"damage":30,"enemies":"downfall:Defect","floor":16,"turns":5}],"seed_played":"-5903462014011298505","potions_obtained":[{"floor":10,"key":"Fire Potion"},{"floor":12,"key":"Slimebound:SpawnSlimePotion"},{"floor":14,"key":"FearPotion"},{"floor":15,"key":"EssenceOfSteel"}],"is_trial":false,"path_per_floor":["R","M","$","?","$","R","T","R","?","E","R","E","R","E","M","B"],"character_chosen":"SLIMEBOUND","items_purchased":[],"campfire_rested":0,"item_purchase_floors":[],"current_hp_per_floor":[60,60,57,62,55,55,55,55,48,18,18,24,24,26,26,0,0,0],"gold":99,"neow_bonus":"ONE_RARE_RELIC","is_daily":false,"chose_seed":false,"campfire_upgraded":4,"win_rate":0.0,"timestamp":1609820946,"path_taken":["R","M","$","?","$","R","T","R","?","E","R","E","R","E","M","BOSS"],"items_purchased_type":[],"build_version":"2020-12-22","purchased_purges":0,"victory":false,"max_hp_per_floor":[60,60,60,65,65,65,65,65,65,65,65,65,65,65,65,65,65,65],"relic_stats":{"counters":[8,31],"Sundial":[2],"Ornamental Fan":[0],"Prayer Wheel":1,"obtain_stats":[{"CaptainsWheel":0,"Sundial":7,"Ornamental Fan":12,"Prayer Wheel":10,"Slimebound:AbsorbEndCombat":0,"Omamori":14,"White Beast Statue":9},{"CaptainsWheel":0,"Sundial":3,"Ornamental Fan":5,"Prayer Wheel":4,"Slimebound:AbsorbEndCombat":0,"Omamori":6,"White Beast Statue":3},{"CaptainsWheel":0,"Sundial":12,"Ornamental Fan":21,"Prayer Wheel":17,"Slimebound:AbsorbEndCombat":0,"Omamori":23,"White Beast Statue":12}]},"card_choices":[{"not_picked":["Slimebound:PressTheAttack","Slimebound:FinishingTackle"],"picked":"Slimebound:GoopSpray","floor":2},{"not_picked":["Slimebound:LevelUp","Slimebound:Dissolve","Slimebound:SplitBruiser"],"picked":"SKIP","floor":3},{"not_picked":["Slimebound:PressTheAttack","Slimebound:RollThrough"],"picked":"Slimebound:SlimeBarrage","floor":5},{"not_picked":["Slimebound:GrowthPunch","Slimebound:FlameTackle","Slimebound:Dissolve"],"picked":"SKIP","floor":10},{"not_picked":["Slimebound:FlameTackle","Slimebound:Dissolve"],"picked":"Slimebound:GrowthPunch","floor":10},{"not_picked":["Slimebound:ItLooksTasty","Slimebound:AcidTongue"],"picked":"Slimebound:Overexert","floor":12},{"not_picked":["Slimebound:ComboTackle","Slimebound:RollThrough"],"picked":"Slimebound:SlimeSpikes","floor":14},{"not_picked":["Slimebound:SplitLeeching","Slimebound:GrowthPunch"],"picked":"Slimebound:SlimeSpikes","floor":15},{"not_picked":["Slimebound:GrowthPunch","Slimebound:DivideAndConquer"],"picked":"Slimebound:LevelUp","floor":15}],"player_experience":817264,"relics_obtained":[{"floor":7,"key":"Sundial"},{"floor":10,"key":"Prayer Wheel"},{"floor":12,"key":"Ornamental Fan"},{"floor":14,"key":"Omamori"}],"event_choices":[{"damage_healed":0,"gold_gain":0,"player_choice":"Donut","damage_taken":0,"max_hp_gain":5,"max_hp_loss":0,"event_name":"Big Fish","floor":4,"gold_loss":0},{"damage_healed":0,"gold_gain":0,"player_choice":"Success","damage_taken":7,"relics_obtained":["White Beast Statue"],"max_hp_gain":0,"max_hp_loss":0,"event_name":"Scrap Ooze","floor":9,"gold_loss":0}],"is_beta":false,"boss_relics":[],"items_purged_floors":[],"is_endless":false,"potions_floor_spawned":[10,12,14,15],"killed_by":"downfall:Defect","ascension_level":1}}