{"host":"dmdprxj8bosbz96f","time":1609882830,"event":{"mods":["AchievementEnabler","BaseMod","Colored Map","DeckTracker","Minty Spire (QoL Compilation)","Quick Restart","SuperFastMode","everything is the same but u backflip on backflip"],"gold_per_floor":[113,188,60,72,72,72,82,82,82,106,127,127,27,50,50,50,50],"floor_reached":16,"playtime":244,"items_purged":["Defend_R","Defend_R"],"score":106,"play_id":"e737a5a2-01bb-4a03-95b4-74d60229cc08","local_time":"20210106064030","is_ascension_mode":true,"campfire_choices":[{"data":"Rampage","floor":6.0,"key":"SMITH"},{"data":"Pommel Strike","floor":12.0,"key":"SMITH"},{"floor":15.0,"key":"REST"}],"circlet_count":0,"master_deck":["Strike_R","Strike_R","Strike_R","Strike_R","Strike_R","Defend_R","Defend_R","Bash","Pommel Strike+1","Rampage+1","Shrug It Off"],"relics":["SlaversCollar","Mango","Golden Idol","Shuriken"],"acts_visited":["Exordium"],"potions_floor_usage":[],"damage_taken":[{"damage":0.0,"enemies":"Small Slimes","floor":1.0,"turns":3.0},{"damage":14.0,"enemies":"Jaw Worm","floor":4.0,"turns":3.0},{"damage":9.0,"enemies":"2 Louse","floor":7.0,"turns":3.0},{"damage":10.0,"enemies":"Lots of Slimes","floor":10.0,"turns":2.0},{"damage":30.0,"enemies":"3 Louse","floor":11.0,"turns":5.0},{"damage":11.0,"enemies":"Looter","floor":14.0,"turns":2.0},{"damage":0,"enemies":"Slime Boss","floor":16,"turns":3}],"seed_played":"-5851280377548569402","potions_obtained":[{"floor":1.0,"key":"BlessingOfTheForge"},{"floor":7.0,"key":"DistilledChaos"}],"is_trial":false,"path_per_floor":["M","?","$","M","?","R","M","?","T","M","M","R","$","M","R","B"],"character_chosen":"IRONCLAD","items_purchased":["Pommel Strike"],"campfire_rested":1,"item_purchase_floors":[3],"current_hp_per_floor":[80,69,69,55,62,62,53,53,53,43,13,13,13,2,28,28,28],"gold":50,"neow_bonus":"BOSS_RELIC","is_daily":false,"chose_seed":false,"campfire_upgraded":2,"win_rate":0.0,"timestamp":1609882830,"path_taken":["M","?","$","M","?","R","M","?","T","M","M","R","?","M","R","BOSS"],"items_purchased_type":["Card"],"build_version":"2020-12-22","purchased_purges":2,"victory":false,"max_hp_per_floor":[80,80,80,80,94,94,94,87,87,87,87,87,87,87,87,87,87],"card_choices":[{"not_picked":["Dropkick","Rage","Havoc"],"picked":"SKIP","floor":1.0},{"not_picked":["Clash","Reckless Charge"],"picked":"Rampage","floor":4.0},{"not_picked":["Wild Strike","Iron Wave","Heavy Blade"],"picked":"SKIP","floor":7.0},{"not_picked":["Body Slam","Sever Soul","Perfected Strike"],"picked":"SKIP","floor":10.0},{"not_picked":["Whirlwind","Wild Strike","Reckless Charge"],"picked":"SKIP","floor":11.0},{"not_picked":["Evolve","Infernal Blade"],"picked":"Shrug It Off","floor":14.0}],"player_experience":145053,"relics_obtained":[{"floor":9.0,"key":"Shuriken"}],"event_choices":[{"damage_healed":0.0,"max_hp_gain":0.0,"max_hp_loss":0.0,"gold_gain":75.0,"event_name":"World of Goop","player_choice":"Gather Gold","floor":2.0,"gold_loss":0.0,"damage_taken":11.0},{"damage_healed":0.0,"max_hp_gain":0.0,"max_hp_loss":0.0,"gold_gain":0.0,"event_name":"Scrap Ooze","player_choice":"Success","floor":5.0,"gold_loss":0.0,"damage_taken":7.0,"relics_obtained":["Mango"]},{"damage_healed":0.0,"max_hp_gain":0.0,"max_hp_loss":7.0,"gold_gain":0.0,"event_name":"Golden Idol","player_choice":"Lose Max HP","floor":8.0,"gold_loss":0.0,"damage_taken":0.0,"relics_obtained":["Golden Idol"]}],"is_beta":false,"boss_relics":[],"items_purged_floors":[3,13],"is_endless":false,"potions_floor_spawned":[1,7],"killed_by":"Slime Boss","ascension_level":3}}