{"host":"gx7yyrn1gkym3qpb","time":1609829412,"event":{"mods":["AchievementEnabler","BaseMod","Better Altar","Better Match","Better Note","Better Sensory Stone","Better Skull","Better Third Choice","Highlight Path","Minty Spire (QoL Compilation)","Permanent Neow","Quick Restart","StSLib","Unceasing Turn Reminder"],"gold_per_floor":[119,139,157,176,195,228,245,245,271,271,196,225,225,260,260,337,337,351,351,371,371,371,371,397,397,468,499,510,510,520,138,138,217,217,233,5,5,5,25,59,83,83,108,108,125,157,175,175,175,175,175,175,14,39,39],"floor_reached":56,"playtime":3214,"items_purged":["Strike_G","Defend_G","Defend_G","Defend_G"],"score":2112,"play_id":"67a90c70-f0b5-4ae2-b094-f1f819c700d4","local_time":"20210105015012","is_ascension_mode":true,"campfire_choices":[{"data":"Skewer","floor":10,"key":"SMITH"},{"data":"Noxious Fumes","floor":13,"key":"SMITH"},{"data":"Caltrops","floor":15,"key":"SMITH"},{"data":"Dash","floor":23,"key":"SMITH"},{"data":"Neutralize","floor":25,"key":"SMITH"},{"data":"Backstab","floor":29,"key":"SMITH"},{"data":"Blur","floor":32,"key":"SMITH"},{"data":"Wraith Form v2","floor":44,"key":"SMITH"},{"floor":49,"key":"RECALL"},{"data":"Footwork","floor":52,"key":"SMITH"}],"circlet_count":0,"master_deck":["AscendersBane","Strike_G+1","Strike_G+1","Defend_G+1","Defend_G+1","Survivor","Neutralize+1","Skewer+1","Well Laid Plans+1","Dash+1","Blur+1","Backstab+1","Caltrops+1","Venomology","Backflip+1","Terror","Immolate+1","Blur","Noxious Fumes+1","Night Terror","PiercingWail","Wraith Form v2+1","PiercingWail","Acrobatics","Footwork+1"],"relics":["Ring of the Snake","Whetstone","Tiny Chest","PreservedInsect","Lantern","Velvet Choker","MutagenicStrength","Anchor","HornCleat","War Paint","Potion Belt","Coffee Dripper","Membership Card","Centennial Puzzle","Pen Nib","Singing Bowl","Medical Kit","Bag of Marbles"],"acts_visited":["Exordium","TheCity","TheBeyond","TheEnding"],"potions_floor_usage":[5,12,20,27,30,33,33,39,40,40,40,40,46,46,50,50,55,55,55,55,55,55],"damage_taken":[{"damage":1,"enemies":"Cultist","floor":1,"turns":4},{"damage":2,"enemies":"Small Slimes","floor":2,"turns":3},{"damage":4,"enemies":"Jaw Worm","floor":3,"turns":5},{"damage":3,"enemies":"2 Fungi Beasts","floor":4,"turns":4},{"damage":0,"enemies":"Gremlin Gang","floor":5,"turns":3},{"damage":11,"enemies":"3 Sentries","floor":6,"turns":10},{"damage":2,"enemies":"Large Slime","floor":7,"turns":7},{"damage":0,"enemies":"Gremlin Nob","floor":12,"turns":3},{"damage":4,"enemies":"3 Sentries","floor":14,"turns":6},{"damage":23,"enemies":"Hexaghost","floor":16,"turns":9},{"damage":0,"enemies":"3 Byrds","floor":18,"turns":2},{"damage":1,"enemies":"Shell Parasite","floor":20,"turns":6},{"damage":13,"enemies":"Book of Stabbing","floor":27,"turns":3},{"damage":0,"enemies":"Centurion and Healer","floor":28,"turns":5},{"damage":13,"enemies":"Cultist and Chosen","floor":30,"turns":7},{"damage":6,"enemies":"Collector","floor":33,"turns":9},{"damage":0,"enemies":"Orb Walker","floor":35,"turns":4},{"damage":0,"enemies":"3 Darklings","floor":39,"turns":6},{"damage":0,"enemies":"Giant Head","floor":40,"turns":7},{"damage":0,"enemies":"Jaw Worm Horde","floor":45,"turns":4},{"damage":0,"enemies":"Nemesis","floor":46,"turns":7},{"damage":0,"enemies":"Sphere and 2 Shapes","floor":47,"turns":5},{"damage":29,"enemies":"Awakened One","floor":50,"turns":23},{"damage":2,"enemies":"Shield and Spear","floor":54,"turns":6},{"damage":70,"enemies":"The Heart","floor":55,"turns":9}],"seed_played":"4168145357952123589","potions_obtained":[{"floor":4,"key":"Explosive Potion"},{"floor":5,"key":"Weak Potion"},{"floor":6,"key":"CunningPotion"},{"floor":14,"key":"SpeedPotion"},{"floor":27,"key":"Block Potion"},{"floor":30,"key":"Strength Potion"},{"floor":35,"key":"Energy Potion"},{"floor":54,"key":"EntropicBrew"}],"is_trial":false,"path_per_floor":["M","M","M","M","M","E","M","?","T","R","$","E","R","E","R","B",null,"M","?","M","?","?","R","T","R","T","E","M","R","M","$","R","B",null,"M","$","?","?","M","E","T","?","T","R","M","E","M","?","R","B",null,"R","$","E","B",null],"character_chosen":"THE_SILENT","items_purchased":["Potion Belt","CultistPotion","Membership Card","Medical Kit"],"campfire_rested":0,"item_purchase_floors":[31,31,36,53],"current_hp_per_floor":[58,56,52,49,49,38,36,29,29,29,29,29,29,25,25,2,50,50,50,49,49,49,49,49,49,49,36,36,36,23,23,23,17,54,54,54,54,38,38,38,38,38,38,38,38,40,40,40,40,11,52,52,52,52,6],"gold":39,"neow_bonus":"TRANSFORM_CARD","is_daily":false,"chose_seed":false,"campfire_upgraded":9,"win_rate":0.0,"timestamp":1609829412,"path_taken":["M","M","M","M","M","E","M","?","T","R","$","E","R","E","R","BOSS","M","?","M","?","?","R","?","R","T","E","M","R","?","$","R","BOSS","M","$","?","?","M","E","?","?","T","R","M","E","M","?","R","BOSS","R","$","E","BOSS"],"items_purchased_type":["Relic","Potion","Relic","Relic"],"build_version":"2020-12-22","purchased_purges":4,"victory":true,"max_hp_per_floor":[66,66,66,66,66,66,66,66,66,66,66,66,66,66,66,66,66,66,66,66,66,66,66,66,66,66,66,66,66,66,66,66,66,66,66,66,66,66,66,66,66,66,66,66,66,68,68,65,65,65,65,65,65,67,67],"card_choices":[{"not_picked":["Prepared","Outmaneuver","Distraction"],"picked":"SKIP","floor":1},{"not_picked":["Flechettes","Sucker Punch"],"picked":"Well Laid Plans","floor":2},{"not_picked":["Quick Slash","Underhanded Strike"],"picked":"Dash","floor":3},{"not_picked":["Sucker Punch","Blur"],"picked":"Noxious Fumes","floor":4},{"not_picked":["Choke","Dagger Spray"],"picked":"Blur","floor":5},{"not_picked":["Catalyst","Reflex"],"picked":"Backstab","floor":6},{"not_picked":["Riddle With Holes","Blur"],"picked":"Caltrops","floor":7},{"not_picked":["Blade Dance","Deadly Poison","Choke"],"picked":"SKIP","floor":12},{"not_picked":["Slice","Bane","Dagger Spray"],"picked":"SKIP","floor":14},{"not_picked":["Unload","Phantasmal Killer"],"picked":"Venomology","floor":16},{"not_picked":["Bane","Slice+1"],"picked":"Backflip+1","floor":18},{"not_picked":["Flying Knee","Dagger Spray"],"picked":"Terror","floor":20},{"not_picked":["Bouncing Flask","Poisoned Stab+1"],"picked":"Blur","floor":27},{"not_picked":["Dagger Throw","Endless Agony","Underhanded Strike"],"picked":"SKIP","floor":28},{"not_picked":["Distraction","Underhanded Strike"],"picked":"Noxious Fumes+1","floor":30},{"not_picked":["A Thousand Cuts","Tools of the Trade"],"picked":"Night Terror","floor":33},{"not_picked":["Underhanded Strike","Bane"],"picked":"PiercingWail","floor":35},{"not_picked":["Backstab+1","Tactician","Dagger Spray"],"picked":"SKIP","floor":39},{"not_picked":["Prepared","Sucker Punch+1"],"picked":"PiercingWail","floor":40},{"not_picked":["Backflip","Dagger Spray+1","Acrobatics"],"picked":"SKIP","floor":45},{"not_picked":["Backflip","Dagger Spray+1"],"picked":"Acrobatics","floor":45},{"not_picked":["Cloak And Dagger","Heel Hook+1","Bane"],"picked":"Singing Bowl","floor":46},{"not_picked":["Bane","Cloak And Dagger+1"],"picked":"Footwork","floor":47},{"not_picked":["Poisoned Stab","Crippling Poison","Distraction"],"picked":"Singing Bowl","floor":54}],"player_experience":392951,"relics_obtained":[{"floor":6,"key":"Whetstone"},{"floor":9,"key":"Tiny Chest"},{"floor":12,"key":"PreservedInsect"},{"floor":14,"key":"Lantern"},{"floor":24,"key":"Anchor"},{"floor":26,"key":"HornCleat"},{"floor":27,"key":"War Paint"},{"floor":40,"key":"Centennial Puzzle"},{"floor":41,"key":"Pen Nib"},{"floor":46,"key":"Singing Bowl"},{"floor":54,"key":"Bag of Marbles"}],"event_choices":[{"cards_removed":["Strike_G"],"damage_healed":0,"gold_gain":0,"player_choice":"Card Removal","damage_taken":7,"max_hp_gain":0,"max_hp_loss":0,"event_name":"Golden Wing","floor":8,"gold_loss":0},{"damage_healed":0,"gold_gain":0,"player_choice":"Upgraded","damage_taken":0,"max_hp_gain":0,"max_hp_loss":0,"event_name":"Upgrade Shrine","floor":19,"gold_loss":0,"cards_upgraded":["Well Laid Plans"]},{"cards_removed":["Noxious Fumes"],"damage_healed":0,"gold_gain":0,"player_choice":"Take \u0026 Give","damage_taken":0,"max_hp_gain":0,"max_hp_loss":0,"event_name":"betterNote:BetterNote","floor":21,"gold_loss":0,"cards_obtained":["Immolate"]},{"damage_healed":0,"gold_gain":0,"player_choice":"Inject Mutagens","damage_taken":0,"relics_obtained":["MutagenicStrength"],"max_hp_gain":0,"max_hp_loss":0,"event_name":"Drug Dealer","floor":22,"gold_loss":0},{"cards_removed":["Noxious Fumes"],"damage_healed":0,"gold_gain":0,"player_choice":"Removed Power","damage_taken":0,"max_hp_gain":0,"max_hp_loss":0,"event_name":"Falling","floor":37,"gold_loss":0},{"damage_healed":0,"gold_gain":3,"player_choice":"2","damage_taken":0,"max_hp_gain":0,"max_hp_loss":16,"event_name":"betterStone:BetterStone","floor":38,"gold_loss":0},{"damage_healed":0,"gold_gain":0,"player_choice":"Ignored","damage_taken":0,"max_hp_gain":0,"max_hp_loss":0,"event_name":"Tomb of Lord Red Mask","floor":42,"gold_loss":0},{"damage_healed":0,"gold_gain":0,"player_choice":"Max HP","damage_taken":0,"max_hp_gain":0,"max_hp_loss":3,"event_name":"Winding Halls","floor":48,"gold_loss":0}],"is_beta":false,"boss_relics":[{"not_picked":["Astrolabe","HoveringKite"],"picked":"Velvet Choker"},{"not_picked":["Empty Cage","Philosopher\u0027s Stone"],"picked":"Coffee Dripper"}],"items_purged_floors":[11,31,36,53],"is_endless":false,"potions_floor_spawned":[4,5,6,14,27,30,35,40,45,54],"ascension_level":17}}