{"host":"bydnmyvf669xu6ab","time":1609805876,"event":{"mods":["Aspiration","BaseMod","Better Note","BetterRewards","Colored Map","Colored Powertips","Minty Spire (QoL Compilation)","Rare Cards Sparkle","Relic Stats","Shop Mod","StSLib","SuperFastMode","Virulent Crown"],"gold_per_floor":[109,121,121,140,150,150,96,96,121,121,132,159,84,102,102,206,206,219,200,220,230,248,273,273,300,300,312,312,312],"floor_reached":28,"playtime":2099,"items_purged":["Injury"],"score":407,"play_id":"2d0b6d37-094a-470c-bb8e-d68ac9c0cf80","local_time":"20210104161756","is_ascension_mode":true,"campfire_choices":[{"data":"Limit Break","floor":6,"key":"SMITH"},{"data":"Limit Break","floor":8,"key":"SMITH"},{"data":"Rampage","floor":10,"key":"SMITH"},{"floor":15,"key":"REST"},{"floor":24,"key":"RECALL"}],"circlet_count":0,"master_deck":["Strike_R","Strike_R","Strike_R","Strike_R","Strike_R","Defend_R","Defend_R","Defend_R","Defend_R","Bash","Limit Break+1","Limit Break+1","Flame Barrier","Body Slam","Rampage+1","Feel No Pain","True Grit+1","True Grit+1","Flex+1","Twin Strike","Armaments+1","Reaper","Impervious+1","Clothesline","Limit Break+1","Heavy Blade","Flame Barrier+1","Body Slam+1","Flex+1"],"relics":["Burning Blood","Kunai","DollysMirror","Oddly Smooth Stone","Toxic Egg 2","aspiration:ChemicalBlood","Calipers","SacredBark","Smiling Mask","Self Forming Clay"],"acts_visited":["Exordium","TheCity"],"potions_floor_usage":[12,14,16,21,21,21,22,22,23,23,23,25,25,25,25,25,27,28,28],"damage_taken":[{"damage":6,"enemies":"2 Louse","floor":1,"turns":3},{"damage":6,"enemies":"Jaw Worm","floor":2,"turns":4},{"damage":0,"enemies":"Small Slimes","floor":4,"turns":4},{"damage":14,"enemies":"Looter","floor":5,"turns":3},{"damage":23,"enemies":"Gremlin Gang","floor":11,"turns":7},{"damage":11,"enemies":"3 Sentries","floor":12,"turns":10},{"damage":0,"enemies":"Exordium Wildlife","floor":14,"turns":2},{"damage":14,"enemies":"The Guardian","floor":16,"turns":8},{"damage":43,"enemies":"Spheric Guardian","floor":18,"turns":8},{"damage":14,"enemies":"2 Thieves","floor":19,"turns":4},{"damage":22,"enemies":"Chosen and Byrds","floor":20,"turns":9},{"damage":73,"enemies":"3 Cultists","floor":21,"turns":8},{"damage":2,"enemies":"Centurion and Healer","floor":22,"turns":6},{"damage":38,"enemies":"Slavers","floor":23,"turns":6},{"damage":12,"enemies":"Book of Stabbing","floor":25,"turns":7},{"damage":42,"enemies":"Shelled Parasite and Fungi","floor":27,"turns":8},{"damage":62,"enemies":"Chosen and Byrds","floor":28,"turns":12}],"seed_played":"4314791872826250982","potions_obtained":[{"floor":12,"key":"Fruit Juice"},{"floor":14,"key":"SteroidPotion"},{"floor":16,"key":"PowerPotion"},{"floor":18,"key":"SpeedPotion"},{"floor":21,"key":"Explosive Potion"},{"floor":21,"key":"EssenceOfSteel"},{"floor":23,"key":"EntropicBrew"}],"is_trial":false,"path_per_floor":["M","M","?","M","M","R","$","R","T","R","M","E","$","M","R","B",null,"M","M","M","M","M","E","R","E","T","M","M"],"character_chosen":"IRONCLAD","items_purchased":["Kunai","Limit Break","DollysMirror","Oddly Smooth Stone","Flame Barrier","Body Slam","Flex+1"],"campfire_rested":1,"item_purchase_floors":[0,0,0,0,0,0,7],"current_hp_per_floor":[45,45,45,51,43,43,43,43,43,43,26,21,21,32,57,49,85,48,40,42,18,56,37,37,69,69,43,0,0],"gold":312,"neow_bonus":"","is_daily":false,"chose_seed":false,"campfire_upgraded":3,"win_rate":0.0,"timestamp":1609805876,"path_taken":["M","M","?","M","M","R","$","R","T","R","M","E","$","M","R","BOSS","M","M","M","M","M","E","R","E","T","M","M"],"items_purchased_type":["Relic","Card","Relic","Relic","Card","Card","Card"],"build_version":"2020-12-22","purchased_purges":1,"victory":false,"max_hp_per_floor":[80,80,80,80,80,80,80,80,80,80,80,80,80,85,85,85,85,85,85,85,85,85,85,85,95,95,105,105,105],"relic_stats":{"counters":[56,307],"Self Forming Clay":[21],"Kunai":[9],"Smiling Mask":0,"obtain_stats":[{"Ice Cream":19,"Calipers":12,"SacredBark":17,"Vajra":42,"Juzu Bracelet":22,"Whetstone":43,"Ancient Tea Set":7,"Cursed Key":34,"Smiling Mask":23,"Burning Blood":0,"Centennial Puzzle":41,"Sundial":24,"DollysMirror":0,"aspiration:AnachronicSnailShell":23,"Strawberry":10,"Philosopher\u0027s Stone":17,"Kunai":0,"Toxic Egg 2":3,"aspiration:ChemicalBlood":9,"Potion Belt":0,"Self Forming Clay":25,"Astrolabe":17,"Dead Branch":42,"Oddly Smooth Stone":25,"Anchor":9,"CaptainsWheel":54,"Shuriken":31,"Bronze Scales":19,"Molten Egg 2":26,"Membership Card":19},{"Ice Cream":23,"Calipers":45,"SacredBark":47,"Vajra":33,"Juzu Bracelet":9,"Whetstone":33,"Ancient Tea Set":3,"Cursed Key":28,"Smiling Mask":53,"Burning Blood":0,"Centennial Puzzle":33,"Sundial":25,"DollysMirror":39,"aspiration:AnachronicSnailShell":10,"Strawberry":20,"Philosopher\u0027s Stone":22,"Kunai":39,"Toxic Egg 2":41,"aspiration:ChemicalBlood":43,"Potion Belt":15,"Self Forming Clay":54,"Astrolabe":7,"Dead Branch":33,"Oddly Smooth Stone":11,"Anchor":20,"CaptainsWheel":38,"Shuriken":27,"Bronze Scales":23,"Molten Egg 2":11,"Membership Card":23},{"Ice Cream":101,"Calipers":229,"SacredBark":239,"Vajra":157,"Juzu Bracelet":31,"Whetstone":157,"Ancient Tea Set":11,"Cursed Key":129,"Smiling Mask":280,"Burning Blood":0,"Centennial Puzzle":157,"Sundial":109,"DollysMirror":198,"aspiration:AnachronicSnailShell":38,"Strawberry":78,"Philosopher\u0027s Stone":94,"Kunai":198,"Toxic Egg 2":205,"aspiration:ChemicalBlood":212,"Potion Belt":64,"Self Forming Clay":287,"Astrolabe":24,"Dead Branch":157,"Oddly Smooth Stone":43,"Anchor":78,"CaptainsWheel":189,"Shuriken":117,"Bronze Scales":101,"Molten Egg 2":43,"Membership Card":101}],"Burning Blood":282},"card_choices":[{"not_picked":["Sword Boomerang","Battle Trance"],"picked":"Rampage","floor":1},{"not_picked":["Iron Wave","Combust"],"picked":"Feel No Pain","floor":2},{"not_picked":["Dark Embrace","Headbutt"],"picked":"True Grit+1","floor":4},{"not_picked":["Second Wind+1","Shockwave+1"],"picked":"True Grit+1","floor":5},{"not_picked":["Rupture","Bloodletting+1"],"picked":"Twin Strike","floor":11},{"not_picked":["Second Wind+1","Shrug It Off+1"],"picked":"Armaments+1","floor":12},{"not_picked":["Body Slam","Burning Pact+1"],"picked":"Reaper","floor":14},{"not_picked":["Bludgeon","Immolate"],"picked":"Impervious+1","floor":16},{"not_picked":["Sever Soul","True Grit+1"],"picked":"Clothesline","floor":18},{"not_picked":["Disarm+1","Hemokinesis","Clash"],"picked":"SKIP","floor":19},{"not_picked":["Seeing Red+1","Headbutt+1"],"picked":"Limit Break+1","floor":20},{"not_picked":["Clash+1","True Grit+1"],"picked":"Heavy Blade","floor":21},{"not_picked":["Fire Breathing","Rage+1"],"picked":"Flame Barrier+1","floor":22},{"not_picked":["Perfected Strike","Clothesline","Bloodletting+1"],"picked":"SKIP","floor":23},{"not_picked":["Pommel Strike","Dual Wield+1"],"picked":"Body Slam+1","floor":25},{"not_picked":["Ghostly Armor+1","Headbutt"],"picked":"Flex+1","floor":27}],"player_experience":2127738,"relics_obtained":[{"floor":9,"key":"aspiration:ChemicalBlood"},{"floor":12,"key":"Calipers"},{"floor":23,"key":"Smiling Mask"},{"floor":25,"key":"Self Forming Clay"}],"event_choices":[],"is_beta":false,"boss_relics":[{"not_picked":["aspiration:RitualDagger","Ectoplasm"],"picked":"SacredBark"}],"items_purged_floors":[13],"is_endless":false,"potions_floor_spawned":[12,14,16,18,19,21,23],"killed_by":"Chosen and Byrds","ascension_level":1}}