{"host":"kos1s9q8ffr8fqos","time":1609833491,"event":{"mods":["BaseMod","Bestiary","Better Altar","Better Match","Better Note","Better Sensory Stone","Better Skull","Better Third Choice","Better Vampires","Colored Map","Colored Powertips","Curses Come First","Downfall","Hermit","Infinite Spire","Minty Spire (QoL Compilation)","Quick Restart","Random Character Button","Relic Stats","Replay The Spire","StSLib","The Blue Laboratory","The Disciple"],"gold_per_floor":[99,111,137,169,191,191,216,216,239,266,191,239,271,303,342,456,456,381,427,436,553,553,575,600,600,642,256,286,314,69,91,113,225,234,234,256,282,308,308,326,326,385,394,416,430,445,466,497,514,514],"floor_reached":51,"playtime":3795,"items_purged":["hexamod:Strike"],"score":923,"play_id":"3b5da973-7143-444e-907f-9b0b0c37e372","local_time":"20210105015811","is_ascension_mode":true,"campfire_choices":[{"data":"hexamod:Sear","floor":1,"key":"SMITH"},{"data":"hexamod:PowerFromBeyond","floor":6,"key":"SMITH"},{"data":"hexamod:GhostflameBarrier","floor":11,"key":"SMITH"},{"data":"hexamod:EmpoweringStance","floor":18,"key":"SMITH"},{"data":"RitualDagger","floor":25,"key":"SMITH"},{"data":"ReplayTheSpireMod:Doomed","floor":35,"key":"PURGE"}],"circlet_count":0,"master_deck":["hexamod:Strike+1","hexamod:Strike+1","hexamod:Strike+1","hexamod:Defend","hexamod:Defend","hexamod:Defend","hexamod:Defend","hexamod:Sear+1","hexamod:Float+1","hexamod:ThermalTransfer","hexamod:PowerFromBeyond+1","hexamod:SpectralSpark","hexamod:GhostflameBarrier","hexamod:GhostflameBarrier+1","hexamod:HeatCrush","hexamod:BurningTouch+1","hexamod:SpectersWail","hexamod:HeatShield","hexamod:EmpoweringStance+1","hexamod:HeatMetal+1","RitualDagger+1","hexamod:Incineration+1","hexamod:Rewind","hexamod:TimeWarp","hexamod:HeatCrush","hexamod:SixthSeal","hexamod:GhostOfSpirePast+1","Panacea","hexamod:FastForward","hexamod:SkipABeat+1","hexamod:VolcanoVisage","AbeCurse","hexamod:GhostOfSpirePresent+1","hexamod:EtherealExpedition+1","hexamod:FastForward+1","Sadistic Nature+1","Mind Blast","hexamod:AdvancingGuard","Looming Evil","hexamod:SoulSteal+1","hexamod:EmpoweredFlame"],"relics":["hexamod:SpiritBrand","Bird Faced Urn","downfall:HeartBlessingBlue","CeramicFish","SlaversCollar","downfall:HeartBlessingGreen","Peace Pipe","Replay:Ringing Soul","Gremlin Food","Thread and Needle","Replay:Mystery Machine","hexamod:TheBrokenSeal","ReplayTheSpireMod:CursedCoin","Mango","Abe\u0027s Treasure","Akabeko","Pocketwatch","ReplayTheSpireMod:Ring of Collecting","Ring of Peace","Incense Burner"],"acts_visited":["Exordium","TheCity","TheBeyond"],"potions_floor_usage":[10,12,15,16,16,19,26,29,31,32,36,50,50,50],"damage_taken":[{"damage":0,"enemies":"Small Slimes","floor":2,"turns":4},{"damage":6,"enemies":"Jaw Worm","floor":3,"turns":4},{"damage":0,"enemies":"Cultist","floor":5,"turns":4},{"damage":0,"enemies":"Large Slime","floor":9,"turns":3},{"damage":0,"enemies":"Exordium Thugs","floor":10,"turns":4},{"damage":14,"enemies":"Lagavulin","floor":12,"turns":6},{"damage":0,"enemies":"Blue Slaver","floor":13,"turns":3},{"damage":12,"enemies":"Large Slime","floor":14,"turns":6},{"damage":0,"enemies":"3 Louse","floor":15,"turns":4},{"damage":20,"enemies":"downfall:Ironclad","floor":16,"turns":9},{"damage":16,"enemies":"3 Byrds","floor":19,"turns":5},{"damage":19,"enemies":"downfall:Silent","floor":21,"turns":9},{"damage":10,"enemies":"Shell Parasite","floor":23,"turns":7},{"damage":36,"enemies":"Slavers","floor":26,"turns":6},{"damage":0,"enemies":"downfall:FleeingMerchant","floor":27,"turns":4},{"damage":17,"enemies":"3 Cultists","floor":28,"turns":7},{"damage":4,"enemies":"Sentry and Sphere","floor":29,"turns":5},{"damage":0,"enemies":"downfall:FleeingMerchant","floor":30,"turns":4},{"damage":2,"enemies":"Centurion and Healer","floor":31,"turns":4},{"damage":0,"enemies":"Chosen and Byrds","floor":32,"turns":4},{"damage":0,"enemies":"downfall:Defect","floor":33,"turns":7},{"damage":15,"enemies":"3 Darklings","floor":36,"turns":5},{"damage":0,"enemies":"Orb Walker","floor":37,"turns":2},{"damage":1,"enemies":"4 Shapes","floor":38,"turns":4},{"damage":76,"enemies":"Mind Bloom Boss Battle","floor":42,"turns":4},{"damage":0,"enemies":"Sphere and 2 Shapes","floor":44,"turns":4},{"damage":0,"enemies":"Jaw Worm Horde","floor":45,"turns":2},{"damage":0,"enemies":"Writhing Mass","floor":46,"turns":4},{"damage":0,"enemies":"Sphere and 2 Shapes","floor":47,"turns":5},{"damage":0,"enemies":"Nemesis","floor":48,"turns":7},{"damage":0,"enemies":"4 Shapes","floor":49,"turns":4},{"damage":0,"enemies":"downfall:Watcher","floor":50,"turns":6}],"seed_played":"-8281322478549777992","potions_obtained":[{"floor":2,"key":"Cursed Concoction"},{"floor":3,"key":"AttackPotion"},{"floor":5,"key":"DuplicationPotion"},{"floor":5,"key":"hexamod:DoubleChargePotion"},{"floor":10,"key":"Swift Potion"},{"floor":12,"key":"blueLaboratory:BottledHope"},{"floor":14,"key":"AttackPotion"},{"floor":15,"key":"blueLaboratory:AbyssPotion"},{"floor":16,"key":"blueLaboratory:HeartbeatPotion"},{"floor":23,"key":"blueLaboratory:ArtificerPotion"},{"floor":26,"key":"Milkshake"},{"floor":27,"key":"CultistPotion"},{"floor":29,"key":"Fire Potion"},{"floor":31,"key":"Strength Potion"},{"floor":32,"key":"sneckomod:MuddlingPotion"},{"floor":45,"key":"blueLaboratory:ImpenetrablePotion"},{"floor":46,"key":"Strength Potion"},{"floor":48,"key":"blueLaboratory:Moonshine"}],"is_trial":false,"path_per_floor":["R","M","M","?","M","R","T","?","M","M","R","E","M","M","M","B",null,"R","M","?","?","?","M","T","R","E","$","M","M","$","M","M","B",null,"R","M","M","M","?","?","T","?","?","M","M","M","M","E","M","B",null],"character_chosen":"THE_SPIRIT","items_purchased":["hexamod:SixthSeal","Replay:Mystery Machine","hexamod:HeatCrush","ReplayTheSpireMod:CursedCoin","Mango","Panacea"],"campfire_rested":0,"item_purchase_floors":[27,27,27,30,30,30],"current_hp_per_floor":[70,70,64,36,40,40,40,29,33,37,47,37,41,33,39,21,80,80,70,64,61,61,69,69,69,50,68,102,103,122,125,128,131,134,134,126,133,141,141,144,144,73,76,85,89,99,114,128,136,146],"gold":514,"neow_bonus":"THREE_CARDS","is_daily":false,"chose_seed":false,"campfire_upgraded":5,"win_rate":0.0,"timestamp":1609833491,"path_taken":["R","M","M","?","M","R","T","?","M","M","R","E","M","?","M","BOSS","R","M","?","?","?","M","T","R","E","$","M","?","$","M","M","BOSS","R","M","M","M","?","?","T","?","?","M","?","M","M","E","M","BOSS"],"items_purchased_type":["Card","Relic","Card","Relic","Relic","Card"],"build_version":"2020-12-22","purchased_purges":1,"victory":true,"max_hp_per_floor":[70,70,70,70,70,70,70,70,70,70,80,80,80,80,80,80,80,80,80,80,83,83,86,86,86,86,89,102,105,122,125,128,131,134,134,137,140,143,143,146,146,149,152,155,155,155,158,158,158,158],"relic_stats":{"Peace Pipe":1,"counters":[32,156],"Bird Faced Urn":[170],"CeramicFish":288,"obtain_stats":[{"Gremlin Food":24,"ReplayTheSpireMod:CursedCoin":30,"CeramicFish":12,"hexamod:TheBrokenSeal":28,"downfall:HeartBlessingGreen":18,"Thread and Needle":26,"Mango":30,"Incense Burner":48,"Replay:Mystery Machine":27,"Akabeko":41,"Peace Pipe":21,"SlaversCollar":17,"Replay:Ringing Soul":21,"downfall:HeartBlessingBlue":11,"Bird Faced Urn":4,"ReplayTheSpireMod:Ring of Collecting":43,"Ring of Peace":43,"hexamod:SpiritBrand":0,"Abe\u0027s Treasure":34,"Pocketwatch":42},{"Gremlin Food":13,"ReplayTheSpireMod:CursedCoin":18,"CeramicFish":6,"hexamod:TheBrokenSeal":16,"downfall:HeartBlessingGreen":10,"Thread and Needle":14,"Mango":18,"Incense Burner":30,"Replay:Mystery Machine":15,"Akabeko":24,"Peace Pipe":12,"SlaversCollar":10,"Replay:Ringing Soul":12,"downfall:HeartBlessingBlue":5,"Bird Faced Urn":2,"ReplayTheSpireMod:Ring of Collecting":25,"Ring of Peace":25,"hexamod:SpiritBrand":0,"Abe\u0027s Treasure":21,"Pocketwatch":25},{"Gremlin Food":68,"ReplayTheSpireMod:CursedCoin":94,"CeramicFish":25,"hexamod:TheBrokenSeal":84,"downfall:HeartBlessingGreen":47,"Thread and Needle":74,"Mango":94,"Incense Burner":146,"Replay:Mystery Machine":78,"Akabeko":120,"Peace Pipe":61,"SlaversCollar":47,"Replay:Ringing Soul":61,"downfall:HeartBlessingBlue":19,"Bird Faced Urn":8,"ReplayTheSpireMod:Ring of Collecting":124,"Ring of Peace":124,"hexamod:SpiritBrand":0,"Abe\u0027s Treasure":109,"Pocketwatch":124}],"Pocketwatch":[15]},"card_choices":[{"not_picked":["hexamod:SwordOfDarkness","hexamod:HeatShield"],"picked":"hexamod:ThermalTransfer","floor":0},{"not_picked":["hexamod:BurningTouch","hexamod:Firestarter"],"picked":"hexamod:SecondSeal","floor":2},{"not_picked":["hexamod:Again","hexamod:BurningTouch"],"picked":"hexamod:FourthSeal","floor":3},{"not_picked":["hexamod:NightmareGuise","hexamod:AdvancingGuard"],"picked":"hexamod:PowerFromBeyond","floor":4},{"not_picked":["hexamod:Firestarter","hexamod:EtherealExpedition"],"picked":"hexamod:SpectralSpark","floor":5},{"not_picked":["hexamod:SuperheatedStrike","hexamod:FlamesFromBeyond"],"picked":"hexamod:GhostflameBarrier","floor":9},{"not_picked":["hexamod:NightmareStrike","hexamod:NightmareGuise"],"picked":"hexamod:GhostflameBarrier","floor":10},{"not_picked":["hexamod:GiftsFromTheDead","hexamod:NightmareStrike"],"picked":"hexamod:HeatCrush","floor":12},{"not_picked":["hexamod:ThermalTransfer","hexamod:FastForward"],"picked":"hexamod:BurningTouch","floor":13},{"not_picked":["hexamod:GhostOfSpirePast","hexamod:ShieldOfDarkness"],"picked":"hexamod:ThirdSeal","floor":14},{"not_picked":["hexamod:GhostOfSpirePast","hexamod:ShieldOfDarkness"],"picked":"hexamod:SpectersWail","floor":15},{"not_picked":["hexamod:HauntingEcho","hexamod:NightmareGuise"],"picked":"hexamod:HeatShield","floor":15},{"not_picked":["hexamod:Toasty","hexamod:TimeOfNeed"],"picked":"hexamod:FifthSeal","floor":16},{"not_picked":["hexamod:UnleashSpirits","hexamod:TimeWarp"],"picked":"hexamod:EmpoweringStance","floor":16},{"not_picked":["hexamod:ThirdSeal","hexamod:SecondSeal"],"picked":"hexamod:FirstSeal","floor":19},{"not_picked":["hexamod:Incineration","hexamod:SwordOfDarkness"],"picked":"hexamod:HeatMetal","floor":19},{"not_picked":["hexamod:Firestarter","hexamod:FastForward","hexamod:BacktrackSmack"],"picked":"SKIP","floor":19},{"not_picked":["hexamod:GhostShield","hexamod:ThirdSeal"],"picked":"hexamod:Incineration+1","floor":21},{"not_picked":["hexamod:SuperheatedStrike","hexamod:GhostOfSpirePast+1"],"picked":"hexamod:Rewind","floor":23},{"not_picked":["hexamod:ThirdSeal","hexamod:FourthSeal","hexamod:FirstSeal"],"picked":"SKIP","floor":23},{"not_picked":["hexamod:ThermalTransfer","hexamod:HauntingEcho","hexamod:FirstSeal"],"picked":"SKIP","floor":26},{"not_picked":["hexamod:NightmareGuise","hexamod:SpectersWail","hexamod:ThirdSeal"],"picked":"SKIP","floor":26},{"not_picked":["hexamod:BacktrackSmack+1","hexamod:SwordOfDarkness+1"],"picked":"hexamod:TimeWarp","floor":27},{"not_picked":["hexamod:FirstSeal","hexamod:FourthSeal","hexamod:ThirdSeal"],"picked":"SKIP","floor":27},{"not_picked":["hexamod:FirstSeal","hexamod:SecondSeal"],"picked":"hexamod:SixthSeal","floor":28},{"not_picked":["hexamod:SwordOfDarkness","hexamod:SecondSeal","hexamod:AdvancingGuard"],"picked":"SKIP","floor":28},{"not_picked":["hexamod:Hexaguard","hexamod:RainOfEmbers"],"picked":"hexamod:GhostOfSpirePast","floor":29},{"not_picked":["hexamod:FourthSeal","hexamod:GhostLash","hexamod:ShieldOfDarkness"],"picked":"SKIP","floor":30},{"not_picked":["hexamod:RainOfEmbers","hexamod:SixthSeal"],"picked":"hexamod:FastForward","floor":31},{"not_picked":["hexamod:Firestarter","hexamod:BurningTouch+1"],"picked":"hexamod:SkipABeat","floor":32},{"not_picked":["hexamod:FifthSeal","hexamod:UnleashSpirits"],"picked":"hexamod:VolcanoVisage","floor":33},{"not_picked":["hexamod:Firestarter","hexamod:Hexaguard"],"picked":"hexamod:GhostOfSpirePresent+1","floor":36},{"not_picked":["hexamod:ShieldOfDarkness+1","hexamod:HauntingEcho"],"picked":"hexamod:EtherealExpedition+1","floor":37},{"not_picked":["hexamod:NightmareGuise+1","hexamod:BacktrackSmack"],"picked":"hexamod:FastForward+1","floor":38},{"not_picked":["Specialist","Poisoned Strike"],"picked":"Sadistic Nature","floor":40},{"not_picked":["expansioncontent:HyperBeam","expansioncontent:AwakenDeath"],"picked":"Mind Blast","floor":40},{"not_picked":["hexamod:ShieldOfDarkness+1","hexamod:GhostShield+1"],"picked":"hexamod:AdvancingGuard","floor":42},{"not_picked":["hexamod:RainOfEmbers","hexamod:FourthSeal"],"picked":"hexamod:SoulSteal","floor":44},{"not_picked":["hexamod:GhostOfSpireFuture","hexamod:GhostLash+1","hexamod:NightmareGuise"],"picked":"SKIP","floor":45},{"not_picked":["hexamod:PowerFromBeyond","hexamod:FastForward+1","hexamod:ThirdSeal"],"picked":"SKIP","floor":46},{"not_picked":["hexamod:StepThrough","hexamod:ShieldOfDarkness+1"],"picked":"hexamod:EmpoweredFlame","floor":47},{"not_picked":["hexamod:RecurringNightmare","hexamod:HeatCrush","hexamod:Again+1"],"picked":"SKIP","floor":48},{"not_picked":["hexamod:RecurringNightmare","hexamod:HeatCrush","hexamod:Again+1"],"picked":"SKIP","floor":48},{"not_picked":["hexamod:RainOfEmbers","hexamod:BurningTouch+1","hexamod:ShieldOfDarkness+1"],"picked":"SKIP","floor":49}],"player_experience":1291018,"relics_obtained":[{"floor":4,"key":"Bird Faced Urn"},{"floor":12,"key":"CeramicFish"},{"floor":21,"key":"Peace Pipe"},{"floor":21,"key":"Replay:Ringing Soul"},{"floor":24,"key":"Gremlin Food"},{"floor":26,"key":"Thread and Needle"},{"floor":41,"key":"Akabeko"},{"floor":42,"key":"Pocketwatch"},{"floor":43,"key":"ReplayTheSpireMod:Ring of Collecting"},{"floor":43,"key":"Ring of Peace"},{"floor":48,"key":"Incense Burner"}],"event_choices":[{"damage_healed":0,"gold_gain":0,"player_choice":"UP ","damage_taken":13,"relics_obtained":[],"max_hp_gain":0,"max_hp_loss":0,"event_name":"betterSkull:BetterSkull","floor":8,"gold_loss":0,"cards_upgraded":["hexamod:Strike"]},{"damage_healed":0,"gold_gain":3,"player_choice":"1","damage_taken":0,"max_hp_gain":0,"max_hp_loss":0,"event_name":"betterStone:BetterStone","floor":40,"gold_loss":0}],"is_beta":false,"boss_relics":[{"not_picked":["Replay:Ancient Bell","Honey Jar"],"picked":"SlaversCollar"},{"not_picked":["Replay:Bronze Core","Replay:Drink Me"],"picked":"Abe\u0027s Treasure"}],"items_purged_floors":[27],"is_endless":false,"potions_floor_spawned":[2,3,5,14,16,29,31,32,45,46,48,49],"ascension_level":1}}