{"host":"qfskrnw3pl1q86j0","time":1609868752,"event":{"mods":["BaseMod","Block Reminder","Hermit","Marisa????????","Minty Spire (QoL Compilation)","Quick Restart","Random Character Button","Relic Stats","StSLib","The Poker Player","slay the spire mod where everything is the same but ironclad has a cowboy hat"],"gold_per_floor":[112,63,80,80,80,80,111,111,138,93,93,113,139,157,157,260,260,275,275,135,152,169,169,219,253,277,343,343,393,5,71,71,170,170,186,200,269,113,131,131,159,159,185,211,211,261,261,278,278,278],"floor_reached":51,"playtime":1767,"items_purged":["Strike_MRS","Strike_MRS"],"score":908,"play_id":"19a45a4d-523c-4342-9c3a-adee563b5f34","local_time":"20210105184552","is_ascension_mode":false,"campfire_choices":[{"data":"UpSweep","floor":6.0,"key":"SMITH"},{"data":"GrandCross","floor":8.0,"key":"SMITH"},{"floor":11.0,"key":"REST"},{"data":"DC","floor":15.0,"key":"SMITH"},{"data":"FinalSpark","floor":23.0,"key":"SMITH"},{"data":"MilkyWay","floor":28.0,"key":"SMITH"},{"data":"ChargingUp","floor":32.0,"key":"SMITH"},{"data":"EarthLightRay","floor":40.0,"key":"SMITH"},{"data":"ManaConvection","floor":42.0,"key":"SMITH"},{"data":"MillisecondPulsars","floor":45.0,"key":"SMITH"},{"data":"Orbital","floor":47,"key":"SMITH"},{"data":"Defend_MRS","floor":49,"key":"SMITH"}],"circlet_count":0,"master_deck":["Strike_MRS+1","Defend_MRS","Defend_MRS","Defend_MRS","Defend_MRS+1","MasterSpark+1","UpSweep+1","NonDirectionalLaser+1","DC+1","GrandCross+1","EarthLightRay+1","ChargingUp+1","ManaConvection+1","FinalSpark+1","MilkyWay+1","Orbital+1","SporeBomb+1","RefractionSpark+1","MillisecondPulsars+1"],"relics":["MiniHakkero","Oddly Smooth Stone","Bag of Marbles","HornCleat","ExperimentalFamiliar","SsserpentHead","Blood Vial","Regal Pillow","Vajra","Whetstone","Busted Crown","Bag of Preparation","Pen Nib","Bronze Scales","Gambling Chip"],"acts_visited":["Exordium","TheCity","TheBeyond"],"potions_floor_usage":[46,50,50],"damage_taken":[{"damage":1.0,"enemies":"Jaw Worm","floor":1.0,"turns":2.0},{"damage":0.0,"enemies":"Small Slimes","floor":3.0,"turns":2.0},{"damage":31.0,"enemies":"Lagavulin","floor":7.0,"turns":6.0},{"damage":0.0,"enemies":"Cultist","floor":12.0,"turns":1.0},{"damage":9.0,"enemies":"3 Sentries","floor":13.0,"turns":4.0},{"damage":0.0,"enemies":"2 Fungi Beasts","floor":14.0,"turns":3.0},{"damage":16.0,"enemies":"Hexaghost","floor":16.0,"turns":5.0},{"damage":10.0,"enemies":"Chosen","floor":18.0,"turns":2.0},{"damage":0.0,"enemies":"3 Byrds","floor":21.0,"turns":3.0},{"damage":0.0,"enemies":"Cultist and Chosen","floor":22.0,"turns":3.0},{"damage":16.0,"enemies":"Gremlin Leader","floor":25.0,"turns":5.0},{"damage":0.0,"enemies":"Sentry and Sphere","floor":27.0,"turns":4.0},{"damage":10.0,"enemies":"Chosen and Byrds","floor":31.0,"turns":3.0},{"damage":8.0,"enemies":"Automaton","floor":33.0,"turns":5.0},{"damage":0.0,"enemies":"Orb Walker","floor":35.0,"turns":1.0},{"damage":3.0,"enemies":"3 Darklings","floor":36.0,"turns":3.0},{"damage":5.0,"enemies":"Jaw Worm Horde","floor":37.0,"turns":2.0},{"damage":0.0,"enemies":"4 Shapes","floor":39.0,"turns":3.0},{"damage":0.0,"enemies":"Reptomancer","floor":41.0,"turns":2.0},{"damage":9.0,"enemies":"Nemesis","floor":44.0,"turns":3.0},{"damage":0,"enemies":"Orin","floor":46,"turns":3},{"damage":0,"enemies":"Sphere and 2 Shapes","floor":48,"turns":2},{"damage":32,"enemies":"Time Eater","floor":50,"turns":4}],"seed_played":"-18889436207745474","potions_obtained":[{"floor":3.0,"key":"Swift Potion"},{"floor":13.0,"key":"Fruit Juice"},{"floor":14.0,"key":"Strength Potion"},{"floor":16.0,"key":"ColorlessPotion"},{"floor":18.0,"key":"SneckoOil"},{"floor":21.0,"key":"BlessingOfTheForge"},{"floor":22.0,"key":"Swift Potion"},{"floor":24.0,"key":"SmokeBomb"},{"floor":24.0,"key":"Weak Potion"},{"floor":36.0,"key":"DuplicationPotion"}],"is_trial":false,"path_per_floor":["M","$","M","?","?","R","E","R","T","?","R","M","E","M","R","B",null,"M","?","$","M","M","R","?","E","T","M","R","?","$","M","R","B",null,"M","M","M","$","M","R","E","R","T","E","R","?","R","M","R","B",null],"character_chosen":"MARISA","items_purchased":["NonDirectionalLaser","MilkyWay","Orbital","Vajra","Whetstone","Bag of Preparation"],"campfire_rested":1,"item_purchase_floors":[2,20,20,30,30,38],"current_hp_per_floor":[74,74,74,74,59,59,28,28,28,28,50,50,45,49,49,42,80,70,70,70,74,74,74,74,62,62,68,68,68,68,64,64,62,80,80,80,75,75,80,80,80,80,80,71,71,80,80,80,80,48],"gold":278,"neow_bonus":"REMOVE_CARD","is_daily":false,"chose_seed":false,"campfire_upgraded":11,"win_rate":0.0,"timestamp":1609868752,"path_taken":["M","$","M","?","?","R","E","R","T","?","R","M","E","M","R","BOSS","M","?","?","M","M","R","?","E","T","?","R","?","$","?","R","BOSS","M","M","?","$","M","R","E","R","T","E","R","?","R","M","R","BOSS"],"items_purchased_type":["Card","Card","Card","Relic","Relic","Relic"],"build_version":"2020-12-22","purchased_purges":2,"victory":true,"max_hp_per_floor":[75,75,75,75,75,75,75,75,75,75,75,75,75,75,75,80,80,80,80,80,80,80,80,80,80,80,80,80,80,80,80,80,80,80,80,80,80,80,80,80,80,80,80,80,80,80,80,80,80,80],"relic_stats":{"Blood Vial":10,"SsserpentHead":350,"Regal Pillow":0,"Busted Crown":14,"counters":[23,71],"Bronze Scales":[22],"Gambling Chip":[3],"Pen Nib":[3],"Bag of Preparation":[12],"Whetstone":["RefractionSpark"],"obtain_stats":[{"Regal Pillow":26,"Oddly Smooth Stone":7,"Vajra":30,"Pen Nib":41,"Bag of Preparation":38,"Whetstone":30,"Blood Vial":25,"SsserpentHead":19,"HornCleat":13,"Busted Crown":34,"ExperimentalFamiliar":17,"Bronze Scales":43,"Gambling Chip":44,"Bag of Marbles":9,"MiniHakkero":0},{"Regal Pillow":11,"Oddly Smooth Stone":3,"Vajra":12,"Pen Nib":19,"Bag of Preparation":17,"Whetstone":12,"Blood Vial":11,"SsserpentHead":8,"HornCleat":5,"Busted Crown":14,"ExperimentalFamiliar":7,"Bronze Scales":19,"Gambling Chip":20,"Bag of Marbles":3,"MiniHakkero":0},{"Regal Pillow":36,"Oddly Smooth Stone":10,"Vajra":40,"Pen Nib":59,"Bag of Preparation":54,"Whetstone":40,"Blood Vial":36,"SsserpentHead":25,"HornCleat":15,"Busted Crown":48,"ExperimentalFamiliar":23,"Bronze Scales":59,"Gambling Chip":62,"Bag of Marbles":10,"MiniHakkero":0}]},"card_choices":[{"not_picked":["UnstableBomb","DoubleSpark","6A"],"picked":"SKIP","floor":1.0},{"not_picked":["AlicesGift","GravityBeat"],"picked":"DC","floor":3.0},{"not_picked":["Orbital","StarDustReverie"],"picked":"GrandCross","floor":7.0},{"not_picked":["DC","GrandCross"],"picked":"EarthLightRay","floor":12.0},{"not_picked":["MysteriousBeam","UltimateShortwave"],"picked":"ChargingUp","floor":13.0},{"not_picked":["IllusionStar","MysteriousBeam"],"picked":"ManaConvection","floor":14.0},{"not_picked":["MaximisePower","BlazingStar"],"picked":"FinalSpark","floor":16.0},{"not_picked":["EarthLightRay+1","6A","GravityBeat+1"],"picked":"SKIP","floor":18.0},{"not_picked":["NonDirectionalLaser","IllusionStar"],"picked":"SporeBomb+1","floor":21.0},{"not_picked":["DC","IllusionStar","OpenUniverse"],"picked":"SKIP","floor":22.0},{"not_picked":["MachineGunSpark","OneTimeOff","Robbery"],"picked":"SKIP","floor":25.0},{"not_picked":["SporeBomb","LuminesStrike"],"picked":"RefractionSpark","floor":27.0},{"not_picked":["DC","AbsoluteMagnitude","ShootingEcho"],"picked":"SKIP","floor":31.0},{"not_picked":["6A+1"],"picked":"SKIP","floor":35.0},{"not_picked":["UnstableBomb+1"],"picked":"SKIP","floor":36.0},{"not_picked":["WitchLeyline"],"picked":"SKIP","floor":37.0},{"not_picked":["6A+1"],"picked":"SKIP","floor":39.0},{"not_picked":["SuperNova"],"picked":"SKIP","floor":41.0},{"not_picked":[],"picked":"MillisecondPulsars","floor":44.0},{"not_picked":["NonDirectionalLaser+1"],"picked":"SKIP","floor":48}],"player_experience":922504,"relics_obtained":[{"floor":7.0,"key":"Oddly Smooth Stone"},{"floor":9.0,"key":"Bag of Marbles"},{"floor":13.0,"key":"HornCleat"},{"floor":25.0,"key":"Blood Vial"},{"floor":26.0,"key":"Regal Pillow"},{"floor":41.0,"key":"Pen Nib"},{"floor":43.0,"key":"Bronze Scales"},{"floor":44.0,"key":"Gambling Chip"}],"event_choices":[{"damage_healed":0.0,"max_hp_gain":0.0,"max_hp_loss":0.0,"gold_gain":0.0,"event_name":"Living Wall","player_choice":"Grow","floor":4.0,"gold_loss":0.0,"damage_taken":0.0,"cards_upgraded":["MasterSpark"]},{"damage_healed":0.0,"max_hp_gain":0.0,"max_hp_loss":0.0,"gold_gain":0.0,"event_name":"Shining Light","player_choice":"Entered Light","floor":5.0,"gold_loss":0.0,"damage_taken":15.0,"cards_upgraded":["NonDirectionalLaser","Strike_MRS"]},{"damage_healed":0.0,"max_hp_gain":0.0,"max_hp_loss":0.0,"gold_gain":0.0,"event_name":"World of Goop","player_choice":"Left Gold","floor":10.0,"gold_loss":45.0,"damage_taken":0.0},{"damage_healed":0.0,"max_hp_gain":0.0,"max_hp_loss":0.0,"gold_gain":0.0,"event_name":"FaceTrader","player_choice":"Trade","floor":19.0,"gold_loss":0.0,"damage_taken":0.0,"relics_obtained":["SsserpentHead"]},{"damage_healed":0.0,"max_hp_gain":0.0,"max_hp_loss":0.0,"gold_gain":0.0,"event_name":"Lab","player_choice":"Got Potions","floor":24.0,"gold_loss":0.0,"damage_taken":0.0},{"damage_healed":0.0,"max_hp_gain":0.0,"max_hp_loss":0.0,"gold_gain":0.0,"event_name":"NoteForYourself","player_choice":"Ignored","floor":29.0,"gold_loss":0.0,"damage_taken":0.0},{"damage_healed":0,"gold_gain":0,"player_choice":"Fight","damage_taken":0,"max_hp_gain":0,"max_hp_loss":0,"event_name":"OrinTheCat","floor":46,"gold_loss":0}],"is_beta":false,"boss_relics":[{"not_picked":["Calling Bell","Coffee Dripper"],"picked":"ExperimentalFamiliar"},{"not_picked":["Fusion Hammer","Pandora\u0027s Box"],"picked":"Busted Crown"}],"items_purged_floors":[20,30],"is_endless":false,"potions_floor_spawned":[3,13,14,16,18,21,22,31,36,39,41,44],"ascension_level":0}}