{"host":"6gnv7me3tk2udb7q","time":1609865843,"event":{"mods":["BaseMod","Bestiary","Colored Map","Minty Spire (QoL Compilation)"],"gold_per_floor":[114,132,32,32,10,10,28,59,59,77,77,97,97,110,110,187,187,204,217,234,80,115,144,144,173,173,202,214,214,314,341,341,418,418,435,657,657,670,681,681,712,321,321,352,352,352,377,19,19,19,19,19,19,44,44],"floor_reached":56,"playtime":11092,"items_purged":["Doubt","Strike_P","Regret"],"score":2216,"play_id":"26581fac-743c-4f6d-8e9a-9475636365e2","local_time":"20210105115723","is_ascension_mode":true,"campfire_choices":[{"data":"Eruption","floor":6.0,"key":"SMITH"},{"floor":15.0,"key":"REST"},{"data":"Fasting2","floor":24.0,"key":"SMITH"},{"data":"Omniscience","floor":32.0,"key":"SMITH"},{"data":"Scrawl","floor":40.0,"key":"SMITH"},{"data":"Scrawl","floor":45.0,"key":"SMITH"},{"data":"MasterReality","floor":46.0,"key":"SMITH"},{"floor":49.0,"key":"RECALL"},{"data":"DevaForm","floor":52.0,"key":"SMITH"}],"circlet_count":0,"master_deck":["AscendersBane","Strike_P","Strike_P","Strike_P","Defend_P","Defend_P","Eruption+1","Vigilance","Consecrate","ThirdEye","ClearTheMind","ThirdEye","Fasting2+1","ReachHeaven+1","SandsOfTime","BattleHymn","Scrawl+1","EmptyBody+1","JustLucky+1","Judgement","FollowUp","MasterReality+1","Clumsy","Indignation","Ghostly","Ghostly","Ghostly","Ghostly","Ghostly","Establishment","Omniscience+1","Scrawl+1","Perseverance","MentalFortress+1","CarveReality+1","DevaForm+1","PanicButton","Vault"],"relics":["PureWater","Gambling Chip","Ornamental Fan","TeardropLocket","Cursed Key","OrangePellets","Red Mask","Shuriken","Oddly Smooth Stone","White Beast Statue","CaptainsWheel","Bird Faced Urn","Meat on the Bone","WingedGreaves","Coffee Dripper","Bottled Tornado","Bronze Scales","Orrery","Mummified Hand","Nunchaku","HornCleat"],"acts_visited":["Exordium","TheCity","TheBeyond","TheEnding"],"potions_floor_usage":[55,55],"damage_taken":[{"damage":8.0,"enemies":"2 Louse","floor":1.0,"turns":3.0},{"damage":14.0,"enemies":"Jaw Worm","floor":2.0,"turns":5.0},{"damage":0.0,"enemies":"Small Slimes","floor":7.0,"turns":1.0},{"damage":10.0,"enemies":"3 Sentries","floor":8.0,"turns":8.0},{"damage":7.0,"enemies":"Gremlin Gang","floor":10.0,"turns":3.0},{"damage":0.0,"enemies":"Large Slime","floor":12.0,"turns":4.0},{"damage":0.0,"enemies":"3 Louse","floor":14.0,"turns":1.0},{"damage":0.0,"enemies":"Slime Boss","floor":16.0,"turns":3.0},{"damage":0.0,"enemies":"Chosen","floor":18.0,"turns":2.0},{"damage":1.0,"enemies":"3 Byrds","floor":19.0,"turns":4.0},{"damage":0.0,"enemies":"Snecko","floor":20.0,"turns":2.0},{"damage":9.0,"enemies":"Masked Bandits","floor":22.0,"turns":3.0},{"damage":7.0,"enemies":"Slavers","floor":23.0,"turns":2.0},{"damage":25.0,"enemies":"Gremlin Leader","floor":25.0,"turns":4.0},{"damage":8.0,"enemies":"Book of Stabbing","floor":27.0,"turns":4.0},{"damage":0.0,"enemies":"Centurion and Healer","floor":28.0,"turns":2.0},{"damage":0.0,"enemies":"Colosseum Slavers","floor":30.0,"turns":5.0},{"damage":0.0,"enemies":"Colosseum Nobs","floor":30.0,"turns":5.0},{"damage":1.0,"enemies":"Gremlin Leader","floor":31.0,"turns":4.0},{"damage":2.0,"enemies":"Automaton","floor":33.0,"turns":6.0},{"damage":1.0,"enemies":"3 Shapes","floor":35.0,"turns":3.0},{"damage":22.0,"enemies":"3 Darklings","floor":38.0,"turns":5.0},{"damage":12.0,"enemies":"Maw","floor":39.0,"turns":4.0},{"damage":0.0,"enemies":"Giant Head","floor":41.0,"turns":4.0},{"damage":2.0,"enemies":"Reptomancer","floor":44.0,"turns":3.0},{"damage":0.0,"enemies":"Giant Head","floor":47.0,"turns":3.0},{"damage":5.0,"enemies":"Time Eater","floor":50.0,"turns":7.0},{"damage":0.0,"enemies":"Shield and Spear","floor":54.0,"turns":5.0},{"damage":28,"enemies":"The Heart","floor":55,"turns":7}],"seed_played":"-7563102078326494453","potions_obtained":[{"floor":1.0,"key":"Dexterity Potion"},{"floor":7.0,"key":"FearPotion"},{"floor":10.0,"key":"DistilledChaos"},{"floor":20.0,"key":"Energy Potion"},{"floor":27.0,"key":"Block Potion"},{"floor":31.0,"key":"GamblersBrew"},{"floor":33.0,"key":"Ancient Potion"},{"floor":35.0,"key":"LiquidMemories"},{"floor":39.0,"key":"LiquidMemories"},{"floor":44.0,"key":"Strength Potion"},{"floor":47.0,"key":"Ancient Potion"}],"is_trial":false,"path_per_floor":["M","M","$","?","$","R","M","E","T","M","?","M","?","M","R","B",null,"M","M","M","$","?","E","R","E","T","E","M","?","?","E","R","B",null,"M","?","?","M","M","R","E","$","T","E","R","R","E","$","R","B",null,"R","$","E","B",null],"character_chosen":"WATCHER","items_purchased":["ClearTheMind","ThirdEye","OrangePellets","Bronze Scales","Orrery","DevaForm","PanicButton"],"campfire_rested":1,"item_purchase_floors":[3,5,21,42,42,48,48],"current_hp_per_floor":[57,43,43,36,36,36,36,26,26,19,19,19,19,19,40,40,64,64,63,63,63,54,47,47,22,22,14,14,14,14,19,19,25,33,35,35,35,28,22,22,30,30,30,32,32,32,36,36,36,31,35,35,35,36,29],"gold":44,"neow_bonus":"ONE_RARE_RELIC","is_daily":false,"chose_seed":false,"campfire_upgraded":7,"win_rate":0.0,"timestamp":1609865843,"path_taken":["M","M","$","?","?","R","M","E","T","M","?","?","?","M","R","BOSS","M","?","M","$","?","E","R","E","T","E","M","?","?","E","R","BOSS","M","?","?","M","?","R","E","$","T","E","R","R","E","$","R","BOSS","R","$","E","BOSS"],"items_purchased_type":["Card","Card","Relic","Relic","Relic","Card","Card"],"build_version":"2020-12-22","purchased_purges":3,"victory":true,"max_hp_per_floor":[72,72,72,72,72,72,72,72,72,72,72,72,72,72,72,72,72,72,72,72,72,72,72,72,72,72,72,72,36,36,36,36,36,36,36,36,36,36,36,36,36,36,36,36,36,36,36,36,36,36,36,36,36,36,36],"card_choices":[{"not_picked":["Pray","Crescendo"],"picked":"Consecrate","floor":1.0},{"not_picked":["Perseverance","FlurryOfBlows"],"picked":"ThirdEye","floor":2.0},{"not_picked":["Sanctity","LikeWater"],"picked":"Fasting2","floor":7.0},{"not_picked":["SashWhip","Prostrate","ClearTheMind"],"picked":"SKIP","floor":8.0},{"not_picked":["FlyingSleeves","PathToVictory"],"picked":"ReachHeaven","floor":10.0},{"not_picked":["FlurryOfBlows","Prostrate"],"picked":"SandsOfTime","floor":12.0},{"not_picked":["Halt","CrushJoints"],"picked":"BattleHymn","floor":14.0},{"not_picked":["Judgement","Devotion"],"picked":"Scrawl","floor":16.0},{"not_picked":["Tantrum","ThirdEye"],"picked":"EmptyBody+1","floor":18.0},{"not_picked":["ThirdEye","CutThroughFate"],"picked":"JustLucky+1","floor":19.0},{"not_picked":["EmptyBody","Halt"],"picked":"Judgement","floor":20.0},{"not_picked":["SandsOfTime","Crescendo"],"picked":"FollowUp","floor":22.0},{"not_picked":["ThirdEye","Wallop"],"picked":"MasterReality","floor":23.0},{"not_picked":["Conclude","Protect","FearNoEvil+1"],"picked":"SKIP","floor":25.0},{"not_picked":["CrushJoints","FollowUp"],"picked":"Indignation","floor":27.0},{"not_picked":["Consecrate","CutThroughFate","FlurryOfBlows"],"picked":"SKIP","floor":28.0},{"not_picked":["FollowUp","BowlingBash"],"picked":"Establishment","floor":30.0},{"not_picked":["CrushJoints","SandsOfTime"],"picked":"Omniscience","floor":31.0},{"not_picked":["Devotion","Wish"],"picked":"Scrawl","floor":33.0},{"not_picked":["CarveReality","FlurryOfBlows"],"picked":"Perseverance","floor":35.0},{"not_picked":["Study+1","Meditate","BowlingBash+1"],"picked":"SKIP","floor":38.0},{"not_picked":["EmptyMind+1","Conclude","CrushJoints"],"picked":"SKIP","floor":39.0},{"not_picked":["InnerPeace","JustLucky","FlyingSleeves+1"],"picked":"SKIP","floor":41.0},{"not_picked":["ThirdEye","Evaluate+1"],"picked":"MentalFortress+1","floor":42.0},{"not_picked":["Conclude+1","EmptyBody+1"],"picked":"CarveReality+1","floor":42.0},{"not_picked":["FlurryOfBlows","FollowUp","Judgement"],"picked":"SKIP","floor":44.0},{"not_picked":["FollowUp+1","Crescendo","Scrawl"],"picked":"SKIP","floor":47.0},{"not_picked":["InnerPeace","CrushJoints"],"picked":"Vault","floor":54.0}],"player_experience":588340,"relics_obtained":[{"floor":8.0,"key":"Ornamental Fan"},{"floor":9.0,"key":"TeardropLocket"},{"floor":22.0,"key":"Red Mask"},{"floor":23.0,"key":"Shuriken"},{"floor":25.0,"key":"Oddly Smooth Stone"},{"floor":26.0,"key":"White Beast Statue"},{"floor":27.0,"key":"CaptainsWheel"},{"floor":30.0,"key":"Bird Faced Urn"},{"floor":30.0,"key":"Meat on the Bone"},{"floor":31.0,"key":"WingedGreaves"},{"floor":41.0,"key":"Bottled Tornado"},{"floor":44.0,"key":"Mummified Hand"},{"floor":47.0,"key":"Nunchaku"},{"floor":54.0,"key":"HornCleat"}],"event_choices":[{"cards_removed":["Defend_P"],"damage_healed":0.0,"max_hp_gain":0.0,"max_hp_loss":0.0,"gold_gain":0.0,"event_name":"Golden Wing","player_choice":"Card Removal","floor":4.0,"gold_loss":0.0,"damage_taken":7.0},{"damage_healed":0.0,"max_hp_gain":0.0,"max_hp_loss":0.0,"gold_gain":0.0,"event_name":"Living Wall","player_choice":"Grow","floor":11.0,"gold_loss":0.0,"damage_taken":0.0,"cards_upgraded":["ReachHeaven"]},{"cards_removed":["Defend_P"],"damage_healed":0.0,"max_hp_gain":0.0,"max_hp_loss":0.0,"gold_gain":0.0,"event_name":"Purifier","player_choice":"Purged","floor":13.0,"gold_loss":0.0,"damage_taken":0.0},{"damage_healed":0.0,"max_hp_gain":0.0,"max_hp_loss":0.0,"gold_gain":0.0,"event_name":"Masked Bandits","player_choice":"Fought Bandits","floor":22.0,"gold_loss":0.0,"damage_taken":0.0},{"damage_healed":0.0,"max_hp_gain":0.0,"max_hp_loss":36.0,"gold_gain":0.0,"event_name":"Ghosts","player_choice":"Became a Ghost","floor":29.0,"gold_loss":0.0,"damage_taken":0.0,"cards_obtained":["Ghostly","Ghostly","Ghostly","Ghostly","Ghostly"]},{"damage_healed":0.0,"max_hp_gain":0.0,"max_hp_loss":0.0,"gold_gain":0.0,"event_name":"Colosseum","player_choice":"Fight","floor":30.0,"gold_loss":0.0,"damage_taken":0.0},{"damage_healed":0.0,"max_hp_gain":0.0,"max_hp_loss":0.0,"gold_gain":0.0,"event_name":"Colosseum","player_choice":"Fought Nobs","floor":30.0,"gold_loss":0.0,"damage_taken":0.0},{"damage_healed":0.0,"max_hp_gain":0.0,"max_hp_loss":0.0,"gold_gain":222.0,"event_name":"Tomb of Lord Red Mask","player_choice":"Wore Mask","floor":36.0,"gold_loss":0.0,"damage_taken":0.0},{"damage_healed":0.0,"max_hp_gain":0.0,"max_hp_loss":0.0,"gold_gain":0.0,"event_name":"SecretPortal","player_choice":"Ignored","floor":37.0,"gold_loss":0.0,"damage_taken":0.0}],"is_beta":false,"boss_relics":[{"not_picked":["Runic Dome","Black Star"],"picked":"Cursed Key"},{"not_picked":["Fusion Hammer","SacredBark"],"picked":"Coffee Dripper"}],"items_purged_floors":[3,42,48],"is_endless":false,"potions_floor_spawned":[1,7,10,14,20,23,25,27,28,30,30,31,33,35,38,39,41,44,47,54],"ascension_level":13}}