{"host":"4np54w3ai1r5lqo1","time":1609812469,"event":{"mods":["BaseMod","Colored Map","Minty Spire (QoL Compilation)","Quick Restart"],"gold_per_floor":[119,119,119,182,196,231,231,256,304,318,333,333,343,393,393,495,545,530,361,411,171,184,184,203,203,203],"floor_reached":25,"playtime":1044,"items_purged":["Pain","Shame"],"score":330,"play_id":"638784b2-ecab-4ed0-b297-826867385d6a","local_time":"20210105000748","is_ascension_mode":true,"campfire_choices":[{"data":"Predator","floor":7.0,"key":"SMITH"},{"floor":12.0,"key":"REST"},{"floor":15.0,"key":"REST"},{"data":"Setup","floor":23.0,"key":"SMITH"}],"circlet_count":0,"master_deck":["AscendersBane","Strike_G","Strike_G","Strike_G","Strike_G+1","Strike_G","Defend_G+1","Defend_G","Defend_G","Defend_G+1","Defend_G","Survivor","Neutralize","Predator+1","Dash","Concentrate","Prepared","Dagger Spray","Setup+1","Acrobatics","Adrenaline","PiercingWail","Dagger Throw","Dagger Throw","Flash of Steel","Acrobatics","Underhanded Strike+1"],"relics":["Ring of the Snake","NeowsBlessing","SsserpentHead","Mummified Hand","Oddly Smooth Stone","Orichalcum","WarpedTongs","Tiny House","War Paint","Ancient Tea Set"],"acts_visited":["Exordium","TheCity"],"potions_floor_usage":[25],"damage_taken":[{"damage":0.0,"enemies":"Jaw Worm","floor":1.0,"turns":1.0},{"damage":0.0,"enemies":"Small Slimes","floor":4.0,"turns":1.0},{"damage":0.0,"enemies":"Cultist","floor":5.0,"turns":1.0},{"damage":22.0,"enemies":"3 Sentries","floor":6.0,"turns":10.0},{"damage":31.0,"enemies":"Lagavulin","floor":8.0,"turns":7.0},{"damage":2.0,"enemies":"Large Slime","floor":10.0,"turns":7.0},{"damage":7.0,"enemies":"Lots of Slimes","floor":11.0,"turns":3.0},{"damage":7.0,"enemies":"Exordium Wildlife","floor":13.0,"turns":4.0},{"damage":34.0,"enemies":"Slime Boss","floor":16.0,"turns":16.0},{"damage":18.0,"enemies":"2 Thieves","floor":18.0,"turns":4.0},{"damage":4.0,"enemies":"Shell Parasite","floor":22.0,"turns":7.0},{"damage":33.0,"enemies":"Shelled Parasite and Fungi","floor":24.0,"turns":8.0},{"damage":6,"enemies":"Book of Stabbing","floor":25,"turns":2}],"seed_played":"8521219354172290","potions_obtained":[{"floor":4.0,"key":"Poison Potion"},{"floor":6.0,"key":"SteroidPotion"},{"floor":8.0,"key":"Weak Potion"},{"floor":13.0,"key":"AttackPotion"},{"floor":17.0,"key":"SkillPotion"},{"floor":18.0,"key":"SteroidPotion"}],"is_trial":false,"path_per_floor":["M","?","?","M","M","E","R","E","T","M","M","R","M","?","R","B",null,"M","$","?","$","M","R","M","E"],"character_chosen":"THE_SILENT","items_purchased":["War Paint","Dagger Throw","Flash of Steel"],"campfire_rested":2,"item_purchase_floors":[19,21,21],"current_hp_per_floor":[63,63,63,63,63,41,41,10,10,8,1,22,15,15,36,2,58,40,40,40,40,36,36,3,0,0],"gold":203,"neow_bonus":"THREE_ENEMY_KILL","is_daily":false,"chose_seed":false,"campfire_upgraded":2,"win_rate":0.0,"timestamp":1609812468,"path_taken":["M","?","?","?","M","E","R","E","T","M","M","R","M","?","R","BOSS","M","?","?","$","M","R","M","E"],"items_purchased_type":["Relic","Card","Card"],"build_version":"2020-12-22","purchased_purges":2,"victory":false,"max_hp_per_floor":[70,70,70,70,70,70,70,70,70,70,70,70,70,70,70,70,75,75,75,75,75,75,75,75,75,75],"card_choices":[{"not_picked":["Dagger Spray","Poisoned Stab"],"picked":"Predator","floor":1.0},{"not_picked":["Deflect","Catalyst"],"picked":"Dash","floor":4.0},{"not_picked":["Deflect","Calculated Gamble"],"picked":"Concentrate","floor":5.0},{"not_picked":["Dagger Throw","Slice"],"picked":"Prepared","floor":6.0},{"not_picked":["Cloak And Dagger","Deadly Poison"],"picked":"Dagger Spray","floor":8.0},{"not_picked":["Crippling Poison","Blade Dance"],"picked":"Setup","floor":10.0},{"not_picked":["Tactician","Catalyst","Slice"],"picked":"SKIP","floor":11.0},{"not_picked":["Underhanded Strike","Accuracy"],"picked":"Acrobatics","floor":13.0},{"not_picked":["Storm of Steel","Bullet Time"],"picked":"Adrenaline","floor":16.0},{"not_picked":["Dash","Backflip"],"picked":"PiercingWail","floor":17.0},{"not_picked":["Crippling Poison","Sucker Punch+1"],"picked":"Dagger Throw","floor":18.0},{"not_picked":["Deflect","Outmaneuver"],"picked":"Acrobatics","floor":22.0},{"not_picked":["Dagger Throw","Sucker Punch+1"],"picked":"Underhanded Strike+1","floor":24.0}],"player_experience":473604,"relics_obtained":[{"floor":6.0,"key":"Mummified Hand"},{"floor":8.0,"key":"Oddly Smooth Stone"},{"floor":9.0,"key":"Orichalcum"}],"event_choices":[{"damage_healed":0.0,"max_hp_gain":0.0,"max_hp_loss":0.0,"gold_gain":0.0,"event_name":"Liars Game","player_choice":"Ignored","floor":2.0,"gold_loss":0.0,"damage_taken":0.0},{"damage_healed":0.0,"max_hp_gain":0.0,"max_hp_loss":0.0,"gold_gain":0.0,"event_name":"FaceTrader","player_choice":"Trade","floor":3.0,"gold_loss":0.0,"damage_taken":0.0,"relics_obtained":["SsserpentHead"]},{"damage_healed":0.0,"max_hp_gain":0.0,"max_hp_loss":0.0,"gold_gain":0.0,"event_name":"Accursed Blacksmith","player_choice":"Rummage","floor":14.0,"gold_loss":0.0,"damage_taken":0.0,"relics_obtained":["WarpedTongs"],"cards_obtained":["Pain"]},{"damage_healed":0.0,"max_hp_gain":0.0,"max_hp_loss":0.0,"gold_gain":0.0,"event_name":"Addict","player_choice":"Stole Relic","floor":20.0,"gold_loss":0.0,"damage_taken":0.0,"relics_obtained":["Ancient Tea Set"],"cards_obtained":["Shame"]}],"is_beta":false,"boss_relics":[{"not_picked":["Runic Dome","Velvet Choker"],"picked":"Tiny House"}],"items_purged_floors":[19,21],"is_endless":false,"potions_floor_spawned":[4,6,8,13,18],"killed_by":"Book of Stabbing","ascension_level":11}}