{"host":"ig7tc0uedzltt2sr","time":1609825911,"event":{"mods":["BaseMod","Better Twitch Integration","Block Reminder","Colored Map","Colored Powertips","Communication Mod","Current Relic Mod","GifTheSpireLib","HexUI Lib","Minty Spire (QoL Compilation)","Quick Restart","Random Character Button","Rare Cards Sparkle","Relic Sorter","Relic Stats","Slay the Relics Exporter","StSLib","SuperFastMode","Synergy Search","Twitch Decklist","Twitch Utils","everything is the same but u backflip on backflip","slay the spire mod where everything is the same but ironclad has a cowboy hat"],"gold_per_floor":[99,99,3,3,3,3,3],"floor_reached":6,"playtime":33,"items_purged":[],"score":36,"play_id":"c493c210-538c-4ac0-a416-898b5a4e0ad1","local_time":"20210104215151","is_ascension_mode":false,"campfire_choices":[],"circlet_count":0,"master_deck":["Strike_R","Strike_R","Strike_R","Strike_R","Strike_R","Defend_R","Defend_R","Defend_R","Defend_R","Bash","Flex","Cleave","Infernal Blade"],"relics":["Ectoplasm"],"acts_visited":["Exordium"],"potions_floor_usage":[],"damage_taken":[{"damage":0,"enemies":"2 Louse","floor":1,"turns":5},{"damage":2,"enemies":"Small Slimes","floor":2,"turns":3},{"damage":0,"enemies":"Cultist","floor":4,"turns":2},{"damage":80,"enemies":"Gremlin Nob","floor":6,"turns":5}],"seed_played":"-1403094166363699659","potions_obtained":[{"floor":2,"key":"FearPotion"}],"is_trial":false,"path_per_floor":["M","M","$","M","$","E"],"character_chosen":"IRONCLAD","items_purchased":["HeartOfIron"],"campfire_rested":0,"item_purchase_floors":[3],"current_hp_per_floor":[80,78,78,78,78,0,0],"gold":3,"neow_bonus":"BOSS_RELIC","is_daily":false,"chose_seed":false,"campfire_upgraded":0,"win_rate":0.0,"timestamp":1609825911,"path_taken":["M","M","$","M","$","E"],"items_purchased_type":["Potion"],"build_version":"2020-12-22","purchased_purges":0,"victory":false,"max_hp_per_floor":[80,80,80,80,80,80,80],"relic_stats":{"counters":[4,15],"Ectoplasm":49,"obtain_stats":[{"Ectoplasm":0,"Burning Blood":0},{"Ectoplasm":0,"Burning Blood":0},{"Ectoplasm":0,"Burning Blood":0}]},"card_choices":[{"not_picked":["Bloodletting","Heavy Blade"],"picked":"Flex","floor":1},{"not_picked":["Iron Wave","Havoc"],"picked":"Cleave","floor":2},{"not_picked":["Blood for Blood","Ghostly Armor"],"picked":"Infernal Blade","floor":4}],"player_experience":1426461,"relics_obtained":[],"event_choices":[],"is_beta":false,"boss_relics":[],"items_purged_floors":[],"is_endless":false,"potions_floor_spawned":[2],"killed_by":"Gremlin Nob","ascension_level":0}}