{"host":"7trwizmysqu3yl6m","time":1609867319,"event":{"mods":["Act Like it!","BaseMod","Downfall","Hallownest","Minty Spire (QoL Compilation)","StSLib","The Animator","The Bug Knight"],"gold_per_floor":[119,135,166,166,166,166,176,176,176],"floor_reached":8,"playtime":429,"items_purged":[],"score":50,"play_id":"156e8332-860e-4a4c-9b78-27f039895565","local_time":"20210105182159","is_ascension_mode":true,"campfire_choices":[{"data":"animator:Shiro","floor":6,"key":"SMITH"}],"circlet_count":0,"master_deck":["animator:Strike_MadokaMagica","animator:Defend_MadokaMagica","animator:Strike","animator:Strike","animator:Defend","animator:Defend","animator:Defend","animator:IrohaTamaki","animator:YuiTsuruno","animator:Shiro+1","animator:IrohaTamaki","animator:Hitei","animator:SuzuneAmano","Pain","animator:KyokoSakura"],"relics":["animator:LivingPicture","animator:TheMissingPiece","WarpedTongs"],"acts_visited":["Exordium"],"potions_floor_usage":[],"damage_taken":[{"damage":2,"enemies":"Small Slimes","floor":1,"turns":4},{"damage":12,"enemies":"Cultist","floor":2,"turns":6},{"damage":1,"enemies":"2 Louse","floor":3,"turns":3},{"damage":32,"enemies":"Exordium Wildlife","floor":7,"turns":6},{"damage":14,"enemies":"Lagavulin","floor":8,"turns":3}],"seed_played":"5096291513643960689","potions_obtained":[],"is_trial":false,"path_per_floor":["M","M","M","?","?","R","M","E"],"character_chosen":"THE_ANIMATOR","items_purchased":[],"campfire_rested":0,"item_purchase_floors":[],"current_hp_per_floor":[64,52,51,44,44,44,13,0,0],"gold":176,"neow_bonus":"ONE_RANDOM_RARE_CARD","is_daily":false,"chose_seed":false,"campfire_upgraded":1,"win_rate":0.0,"timestamp":1609867319,"path_taken":["M","M","M","?","?","R","M","E"],"items_purchased_type":[],"build_version":"2020-12-22","purchased_purges":0,"victory":false,"max_hp_per_floor":[66,66,66,66,66,66,67,67,67],"card_choices":[{"not_picked":["animator:Azekura","animator:Layla"],"picked":"animator:IrohaTamaki","floor":1},{"not_picked":["animator:MaesHughes","animator:DolaRiku"],"picked":"animator:Hitei","floor":2},{"not_picked":["animator:Layla","animator:MaesHughes"],"picked":"animator:SuzuneAmano","floor":3},{"not_picked":["animator:YuiTsuruno","animator:OrikoMikuni"],"picked":"animator:KyokoSakura","floor":7}],"player_experience":401634,"relics_obtained":[],"event_choices":[{"cards_removed":["animator:Strike"],"damage_healed":0,"gold_gain":0,"player_choice":"Card Removal","damage_taken":7,"max_hp_gain":0,"max_hp_loss":0,"event_name":"Golden Wing","floor":4,"gold_loss":0},{"damage_healed":0,"gold_gain":0,"player_choice":"Rummage","damage_taken":0,"relics_obtained":["WarpedTongs"],"max_hp_gain":0,"max_hp_loss":0,"event_name":"Accursed Blacksmith","floor":5,"gold_loss":0,"cards_obtained":["Pain"]}],"is_beta":false,"boss_relics":[],"items_purged_floors":[],"is_endless":false,"potions_floor_spawned":[],"killed_by":"Lagavulin","ascension_level":1}}