{"host":"29nokk5suv5vtcrv","time":1609863321,"event":{"mods":["BaseMod","Minty Spire (QoL Compilation)","Slay-I"],"gold_per_floor":[219,232,232,250,270,270,283,283,283,301,301,194,209,222,222,342,342,325,325,325,339,364,364,285,303,351,351,375,375,375,406,406,406,406],"floor_reached":33,"playtime":1812,"items_purged":[],"score":378,"play_id":"ee4858b4-2e75-4c32-908f-525326ec6c10","local_time":"20210105171521","is_ascension_mode":true,"campfire_choices":[{"data":"Iron Wave","floor":6,"key":"SMITH"},{"data":"Rage","floor":8,"key":"SMITH"},{"data":"Rampage","floor":15,"key":"SMITH"},{"floor":23,"key":"REST"},{"floor":27,"key":"REST"},{"floor":29,"key":"REST"},{"floor":32,"key":"REST"}],"circlet_count":0,"master_deck":["Strike_R","Strike_R","Strike_R","Strike_R","Strike_R","Defend_R","Defend_R","Defend_R","Defend_R","Bash","Inflame+1","Twin Strike","Iron Wave+1","Rage+1","Body Slam","Rampage+1","Flame Barrier","Fire Breathing","Demon Form","Metallicize+1","Metallicize","Rampage+1","Cleave+1"],"relics":["Burning Blood","Question Card","Golden Idol","Mark of Pain","Boot","Toxic Egg 2"],"acts_visited":["Exordium","TheCity"],"potions_floor_usage":[7,16,16,16,31],"damage_taken":[{"damage":9,"enemies":"Small Slimes","floor":1,"turns":5},{"damage":1,"enemies":"Cultist","floor":2,"turns":4},{"damage":3,"enemies":"Jaw Worm","floor":4,"turns":5},{"damage":3,"enemies":"3 Louse","floor":5,"turns":3},{"damage":10,"enemies":"Gremlin Gang","floor":7,"turns":6},{"damage":13,"enemies":"Lots of Slimes","floor":10,"turns":7},{"damage":8,"enemies":"Blue Slaver","floor":13,"turns":3},{"damage":11,"enemies":"Exordium Thugs","floor":14,"turns":8},{"damage":43,"enemies":"Hexaghost","floor":16,"turns":10},{"damage":20,"enemies":"2 Thieves","floor":18,"turns":4},{"damage":1,"enemies":"3 Byrds","floor":21,"turns":5},{"damage":51,"enemies":"Centurion and Healer","floor":22,"turns":7},{"damage":28,"enemies":"Sentry and Sphere","floor":25,"turns":8},{"damage":18,"enemies":"Shelled Parasite and Fungi","floor":28,"turns":7},{"damage":40,"enemies":"Gremlin Leader","floor":31,"turns":7},{"damage":65,"enemies":"Collector","floor":33,"turns":6}],"seed_played":"7369263629758244191","potions_obtained":[{"floor":1,"key":"Regen Potion"},{"floor":4,"key":"BlessingOfTheForge"},{"floor":5,"key":"GamblersBrew"},{"floor":14,"key":"Block Potion"},{"floor":22,"key":"Energy Potion"}],"is_trial":false,"path_per_floor":["M","M","?","M","M","R","M","R","T","M","?","$","M","M","R","B",null,"M","?","$","M","M","R","$","M","T","R","M","R","?","E","R","B"],"character_chosen":"IRONCLAD","items_purchased":["Rampage","Flame Barrier","Metallicize"],"campfire_rested":4,"item_purchase_floors":[12,12,24],"current_hp_per_floor":[69,74,74,77,80,80,76,76,76,69,69,69,67,62,62,30,63,49,49,49,54,9,31,31,9,9,31,19,41,41,7,29,0,0],"gold":406,"neow_bonus":"HUNDRED_GOLD","is_daily":false,"chose_seed":false,"campfire_upgraded":3,"win_rate":0.0,"timestamp":1609863321,"path_taken":["M","M","?","M","?","R","M","R","T","M","?","$","M","M","R","BOSS","M","?","$","M","M","R","$","M","T","R","M","R","?","E","R","BOSS"],"items_purchased_type":["Card","Card","Card"],"build_version":"2020-12-22","purchased_purges":0,"victory":false,"max_hp_per_floor":[80,80,80,80,80,80,80,80,80,80,74,74,74,74,74,74,74,74,74,74,74,74,74,74,74,74,74,74,74,74,74,74,74,74],"card_choices":[{"not_picked":["Seeing Red","Dual Wield"],"picked":"Inflame","floor":1},{"not_picked":["Wild Strike","Sword Boomerang","Clash"],"picked":"SKIP","floor":2},{"not_picked":["Carnage","Thunderclap"],"picked":"Twin Strike","floor":4},{"not_picked":["Wild Strike","Heavy Blade"],"picked":"Iron Wave","floor":5},{"not_picked":["Thunderclap","Shrug It Off"],"picked":"Rage","floor":7},{"not_picked":["Fire Breathing","Pummel","Spot Weakness"],"picked":"Body Slam","floor":10},{"not_picked":["Flex","Dropkick","Burning Pact"],"picked":"Fire Breathing","floor":13},{"not_picked":["Inflame","Reckless Charge","Uppercut","Shockwave"],"picked":"SKIP","floor":14},{"not_picked":["Exhume","Berserk","Double Tap"],"picked":"Demon Form","floor":16},{"not_picked":["Perfected Strike","Disarm","Searing Blow+1","Havoc"],"picked":"SKIP","floor":18},{"not_picked":["Spot Weakness+1","Anger","Perfected Strike","Armaments+1"],"picked":"SKIP","floor":21},{"not_picked":["Infernal Blade","Burning Pact","Evolve+1"],"picked":"Metallicize+1","floor":22},{"not_picked":["Headbutt+1","Inflame","Rupture+1","Warcry+1"],"picked":"SKIP","floor":25},{"not_picked":["Carnage","Seeing Red","Body Slam","True Grit"],"picked":"SKIP","floor":28},{"not_picked":["Pommel Strike","Rupture","Armaments+1"],"picked":"Cleave+1","floor":31}],"player_experience":862685,"relics_obtained":[{"floor":9,"key":"Question Card"},{"floor":26,"key":"Boot"},{"floor":31,"key":"Toxic Egg 2"}],"event_choices":[{"damage_healed":0,"gold_gain":0,"player_choice":"Upgraded","damage_taken":0,"max_hp_gain":0,"max_hp_loss":0,"event_name":"Upgrade Shrine","floor":3,"gold_loss":0,"cards_upgraded":["Inflame"]},{"damage_healed":0,"gold_gain":0,"player_choice":"Lose Max HP","damage_taken":0,"relics_obtained":["Golden Idol"],"max_hp_gain":0,"max_hp_loss":6,"event_name":"Golden Idol","floor":11,"gold_loss":0},{"damage_healed":0,"gold_gain":0,"player_choice":"Ignored","damage_taken":0,"max_hp_gain":0,"max_hp_loss":0,"event_name":"Cursed Tome","floor":19,"gold_loss":0},{"damage_healed":0,"gold_gain":0,"player_choice":"Copied","damage_taken":0,"max_hp_gain":0,"max_hp_loss":0,"event_name":"Duplicator","floor":30,"gold_loss":0,"cards_obtained":["Rampage"]}],"is_beta":false,"boss_relics":[{"not_picked":["Runic Pyramid","Black Star"],"picked":"Mark of Pain"}],"items_purged_floors":[],"is_endless":false,"potions_floor_spawned":[1,4,5,14,22],"killed_by":"Collector","ascension_level":9}}