{"host":"ur405gpummdrt5xj","time":1609879391,"event":{"mods":["BaseMod","Colored Map","Minty Spire (QoL Compilation)","Quick Restart"],"gold_per_floor":[110,129,141,141,158,158,186,186,210,135,135,135,135,154,154,284,284,297,297,32,48,71,71,71,71,71,111,123,135,147,147],"floor_reached":30,"playtime":930,"items_purged":["Strike_P","Defend_P"],"score":357,"play_id":"b916a462-ffc6-4837-a412-7ac0df994c2f","local_time":"20210105124311","is_ascension_mode":true,"campfire_choices":[{"data":"Eruption","floor":6,"key":"SMITH"},{"data":"EmptyFist","floor":13,"key":"SMITH"},{"floor":15,"key":"REST"},{"floor":23,"key":"REST"},{"data":"CutThroughFate","floor":25,"key":"SMITH"},{"floor":29,"key":"REST"}],"circlet_count":0,"master_deck":["Strike_P","Strike_P","Strike_P","Defend_P+1","Defend_P+1","Eruption+1","Vigilance+1","Wallop+1","EmptyFist+1","Tantrum+1","SpiritShield","LessonLearned","CutThroughFate+1","CutThroughFate+1","Writhe"],"relics":["PureWater","Lantern","Golden Idol","Tiny Chest","Runic Dome","Art of War","Molten Egg 2","MawBank","Vajra"],"acts_visited":["Exordium","TheCity"],"potions_floor_usage":[16,21],"damage_taken":[{"damage":0,"enemies":"2 Louse","floor":1,"turns":1},{"damage":0,"enemies":"Cultist","floor":2,"turns":2},{"damage":8,"enemies":"Small Slimes","floor":3,"turns":2},{"damage":14,"enemies":"3 Louse","floor":5,"turns":3},{"damage":2,"enemies":"3 Sentries","floor":7,"turns":3},{"damage":0,"enemies":"Lots of Slimes","floor":14,"turns":3},{"damage":56,"enemies":"Hexaghost","floor":16,"turns":6},{"damage":19,"enemies":"Chosen","floor":18,"turns":2},{"damage":0,"enemies":"Spheric Guardian","floor":21,"turns":1},{"damage":2,"enemies":"3 Cultists","floor":22,"turns":4},{"damage":48,"enemies":"Book of Stabbing","floor":27,"turns":4},{"damage":23,"enemies":"Centurion and Healer","floor":30,"turns":1}],"seed_played":"-3251552902324206280","potions_obtained":[{"floor":2,"key":"SneckoOil"},{"floor":3,"key":"Dexterity Potion"},{"floor":7,"key":"ColorlessPotion"},{"floor":14,"key":"Block Potion"},{"floor":16,"key":"LiquidBronze"},{"floor":21,"key":"FearPotion"}],"is_trial":false,"path_per_floor":["M","M","M","?","M","R","E","?","T","$","?","?","R","M","R","B",null,"M","T","$","M","M","R","?","R","T","E","?","R","M"],"character_chosen":"WATCHER","items_purchased":["LessonLearned","CutThroughFate"],"campfire_rested":3,"item_purchase_floors":[20,20],"current_hp_per_floor":[65,65,57,57,43,43,41,41,41,41,41,41,41,41,61,5,52,33,33,33,33,31,51,51,51,51,3,3,23,0,0],"gold":147,"neow_bonus":"THREE_CARDS","is_daily":false,"chose_seed":false,"campfire_upgraded":3,"win_rate":0.0,"timestamp":1609879391,"path_taken":["M","M","M","?","?","R","E","?","T","$","?","?","R","?","R","BOSS","M","?","$","M","M","R","?","R","T","E","?","R","M"],"items_purchased_type":["Card","Card"],"build_version":"2020-12-22","purchased_purges":2,"victory":false,"max_hp_per_floor":[72,72,72,72,72,72,72,67,67,67,67,67,67,67,67,67,67,67,67,67,67,67,67,67,67,67,67,67,67,67,67],"card_choices":[{"not_picked":["FollowUp","ThirdEye"],"picked":"Wallop","floor":0},{"not_picked":["FlurryOfBlows","Indignation"],"picked":"EmptyFist","floor":1},{"not_picked":["Indignation","JustLucky","Swivel"],"picked":"SKIP","floor":2},{"not_picked":["BowlingBash","Judgement","Prostrate"],"picked":"SKIP","floor":3},{"not_picked":["SashWhip","Nirvana"],"picked":"Tantrum","floor":5},{"not_picked":["CarveReality","MasterReality","Consecrate"],"picked":"SKIP","floor":7},{"not_picked":["Halt","Adaptation","EmptyFist"],"picked":"SKIP","floor":14},{"not_picked":["Devotion","Wish"],"picked":"SpiritShield","floor":16},{"not_picked":["LikeWater+1","WaveOfTheHand","MentalFortress"],"picked":"SKIP","floor":18},{"not_picked":["Worship","BowlingBash","WreathOfFlame"],"picked":"SKIP","floor":21},{"not_picked":["ClearTheMind","DeceiveReality+1"],"picked":"CutThroughFate+1","floor":22},{"not_picked":["Protect+1","DeceiveReality","ClearTheMind"],"picked":"SKIP","floor":27}],"player_experience":526644,"relics_obtained":[{"floor":7,"key":"Lantern"},{"floor":9,"key":"Tiny Chest"},{"floor":19,"key":"Art of War"},{"floor":26,"key":"Molten Egg 2"},{"floor":27,"key":"MawBank"}],"event_choices":[{"cards_removed":["Defend_P"],"damage_healed":0,"gold_gain":0,"player_choice":"Offered Basic","damage_taken":0,"max_hp_gain":0,"max_hp_loss":0,"event_name":"Bonfire Elementals","floor":4,"gold_loss":0},{"damage_healed":0,"gold_gain":0,"player_choice":"Lose Max HP","damage_taken":0,"relics_obtained":["Golden Idol"],"max_hp_gain":0,"max_hp_loss":5,"event_name":"Golden Idol","floor":8,"gold_loss":0},{"damage_healed":0,"gold_gain":0,"player_choice":"Grow","damage_taken":0,"max_hp_gain":0,"max_hp_loss":0,"event_name":"Living Wall","floor":11,"gold_loss":0,"cards_upgraded":["Tantrum"]},{"damage_healed":0,"gold_gain":0,"player_choice":"Upgraded","damage_taken":0,"max_hp_gain":0,"max_hp_loss":0,"event_name":"Upgrade Shrine","floor":12,"gold_loss":0,"cards_upgraded":["Wallop"]},{"damage_healed":0,"gold_gain":0,"player_choice":"Opened","damage_taken":0,"relics_obtained":["Vajra"],"max_hp_gain":0,"max_hp_loss":0,"event_name":"The Mausoleum","floor":28,"gold_loss":0,"cards_obtained":["Writhe"]}],"is_beta":false,"boss_relics":[{"not_picked":["HolyWater","Fusion Hammer"],"picked":"Runic Dome"}],"items_purged_floors":[10,20],"is_endless":false,"potions_floor_spawned":[2,3,7,14,16,18,21],"killed_by":"Centurion and Healer","ascension_level":9}}