{"host":"i9477i93mjcyimye","time":1609832519,"event":{"mods":["Aspiration","BaseMod","Bestiary","Colored Powertips","Downfall","Ironclad Rager","Minty Spire (QoL Compilation)","Quick Restart","Relic Stats","Replay The Spire","Spicy Shops","StSLib","The Jungle","Wandering Minibosses"],"gold_per_floor":[114,159,7,7,18,18,52,52,101,121,133,133,151,168,168,265,265,280,348,279,348,17,17,67,77,77,15,28,48,62,81,81,186,186,203,213,276,326,344,373,373,385,385,401,401,451,165,231,231,231,231,231,38,67,67],"floor_reached":56,"playtime":6861,"items_purged":[],"score":1410,"play_id":"d421165a-018b-4179-b38e-d6c013304496","local_time":"20210105184159","is_ascension_mode":false,"campfire_choices":[{"data":"Replay:Battleflow","floor":6,"key":"SMITH"},{"floor":8,"key":"REST"},{"floor":15,"key":"REST"},{"floor":23,"key":"RECALL"},{"data":"FlurryOfBlows","floor":41,"key":"SMITH"},{"floor":45,"key":"REST"},{"data":"ReplayUltimateDefense","floor":49,"key":"SMITH"},{"data":"FlurryOfBlows","floor":52,"key":"SMITH"}],"circlet_count":0,"master_deck":["Eruption","Vigilance","ICR:DragonStrike","ICR:DragonStrike+1","ICR:DragonStrike","ICR:CraneWing+1","ICR:CraneWing+1","ICR:CraneWing+1","ICR:CraneWing","Replay:Battleflow+1","Prostrate","Injury","BattleHymn","Prostrate+1","Fasting2","EmptyBody+1","WindmillStrike","ForeignInfluence+1","Brilliance","Replay:AtTheReady+1","Perseverance+1","FlurryOfBlows","EmptyBody+1","Crescendo+1","ReplayUltimateDefense+1","SandsOfTime","expansioncontent:LastStand","Protect+1","Protect+1","expansioncontent:PrepareCrush+1","ClearTheMind+1","Establishment+1","MentalFortress","EmptyMind+1","Replay:ManipulateFuture+1","Tantrum","FollowUp","FlurryOfBlows+1","FollowUp","Omniscience+1","JustLucky","Replay:Battleflow+1","FlurryOfBlows+1","ICR:YinYang","ICR:Serenity+1","InnerPeace+1","PathToVictory+1","PathToVictory+1","FlurryOfBlows+1","FearNoEvil","ICR:HungryGhost","Prostrate+1","Metamorphosis+1","WreathOfFlame+1","Halt+1","Collect+1","FollowUp+1"],"relics":["PureWater","Replay:Ringing Soul","Membership Card","Toxic Egg 2","Garlic","SsserpentHead","ReplayTheSpireMod:DimensionalGlitch","Prayer Wheel","aspiration:Nostalgia","m_SnakeBloodCore","aspiration:DSix","Bottled Flame","VioletLotus","wanderingMiniBosses:AbyssPearl","Orichalcum","ReplayTheSpireMod:Ninjato","Damaru","War Paint","Simple Rune","Replay:Bottled Snecko","Replay:Purple Gloves"],"acts_visited":["Exordium","TheCity","TheBeyond","TheEnding"],"potions_floor_usage":[13,16,16,29,30,31,33,33,37,37,39,40,50],"damage_taken":[{"damage":0,"enemies":"Small Slimes","floor":1,"turns":2},{"damage":0,"enemies":"2 Louse","floor":5,"turns":3},{"damage":17,"enemies":"Lagavulin","floor":7,"turns":6},{"damage":0,"enemies":"Cultist","floor":10,"turns":2},{"damage":1,"enemies":"Blue Slaver","floor":11,"turns":3},{"damage":26,"enemies":"Red Slaver","floor":13,"turns":7},{"damage":10,"enemies":"Exordium Wildlife","floor":14,"turns":4},{"damage":13,"enemies":"Hexaghost","floor":16,"turns":6},{"damage":0,"enemies":"Chosen","floor":18,"turns":1},{"damage":10,"enemies":"Spheric Guardian","floor":19,"turns":5},{"damage":0,"enemies":"Snecko","floor":21,"turns":6},{"damage":19,"enemies":"3 Cultists","floor":25,"turns":5},{"damage":0,"enemies":"Snake Plant","floor":28,"turns":4},{"damage":6,"enemies":"Centurion and Healer","floor":29,"turns":8},{"damage":0,"enemies":"Cultist and Chosen","floor":30,"turns":5},{"damage":0,"enemies":"Snecko","floor":31,"turns":3},{"damage":0,"enemies":"Champ","floor":33,"turns":7},{"damage":21,"enemies":"3 Shapes","floor":35,"turns":3},{"damage":0,"enemies":"3 Darklings","floor":37,"turns":5},{"damage":0,"enemies":"Sphere and 2 Shapes","floor":39,"turns":6},{"damage":38,"enemies":"Reptomancer","floor":40,"turns":3},{"damage":8,"enemies":"4 Shapes","floor":42,"turns":10},{"damage":0,"enemies":"Jaw Worm Horde","floor":44,"turns":2},{"damage":0,"enemies":"Spire Growth","floor":48,"turns":3},{"damage":0,"enemies":"Donu and Deca","floor":50,"turns":4},{"damage":4,"enemies":"Shield and Spear","floor":54,"turns":4},{"damage":164,"enemies":"The Heart","floor":55,"turns":8}],"seed_played":"-7743620135242602602","potions_obtained":[{"floor":2,"key":"Strength Potion"},{"floor":7,"key":"StancePotion"},{"floor":10,"key":"Milkshake"},{"floor":11,"key":"LifebloodPotion"},{"floor":25,"key":"Weak Potion"},{"floor":28,"key":"SkillPotion"},{"floor":29,"key":"LiquidMemories"},{"floor":30,"key":"LiquidBronze"},{"floor":31,"key":"Energy Potion"},{"floor":36,"key":"sneckomod:MuddlingPotion"},{"floor":36,"key":"BlessingOfTheForge"},{"floor":36,"key":"AttackPotion"},{"floor":37,"key":"ColorlessPotion"},{"floor":48,"key":"StancePotion"}],"is_trial":false,"path_per_floor":["M","?","$","?","M","R","E","R","T","M","M","?","M","M","R","B",null,"M","M","?","M","$","R","?","M","T","$","M","M","M","M","R","B",null,"M","?","M","?","M","E","R","M","T","M","R","?","$","M","R","B",null,"R","$","E","B",null],"character_chosen":"WATCHER","items_purchased":["Membership Card","Crescendo+1","aspiration:Nostalgia","ReplayUltimateDefense","SandsOfTime","expansioncontent:LastStand","expansioncontent:PrepareCrush+1","ClearTheMind+1","Damaru","Metamorphosis+1","WreathOfFlame+1","War Paint","Simple Rune","Replay:Bottled Snecko","Collect+1"],"campfire_rested":3,"item_purchase_floors":[3,22,22,22,22,22,27,27,47,47,47,47,53,53,53],"current_hp_per_floor":[72,47,47,50,53,53,39,64,64,67,69,69,46,39,67,57,99,102,95,95,98,101,101,101,87,87,90,95,94,99,104,129,132,132,116,116,121,121,126,93,93,90,90,95,140,143,146,151,151,153,159,159,162,163,7],"gold":67,"neow_bonus":"WATCHER_MONK","is_daily":false,"chose_seed":false,"campfire_upgraded":4,"win_rate":0.0,"timestamp":1609832519,"path_taken":["M","?","$","?","M","R","E","R","T","M","M","?","M","M","R","BOSS","M","?","?","?","$","R","?","M","T","$","M","M","M","M","R","BOSS","M","?","?","?","M","E","R","M","T","M","R","?","$","?","R","BOSS","R","$","E","BOSS"],"items_purchased_type":["Relic","Card","Relic","Card","Card","Card","Card","Card","Relic","Card","Card","Relic","Relic","Relic","Card"],"build_version":"2020-12-22","purchased_purges":0,"victory":true,"max_hp_per_floor":[72,75,75,78,81,81,84,84,84,87,90,90,93,96,96,99,99,102,105,105,108,111,111,111,114,114,117,120,123,126,129,129,132,132,135,135,138,138,141,144,144,147,147,150,150,153,156,159,159,159,159,159,162,165,165],"relic_stats":{"SsserpentHead":450,"counters":[27,125],"Prayer Wheel":12,"VioletLotus":[17],"Orichalcum":[48],"War Paint":["ICR:CraneWing","ICR:CraneWing"],"obtain_stats":[{"ReplayTheSpireMod:Ninjato":43,"aspiration:Nostalgia":22,"Damaru":47,"Replay:Purple Gloves":54,"wanderingMiniBosses:AbyssPearl":39,"Orichalcum":40,"War Paint":47,"Replay:Ringing Soul":2,"SsserpentHead":12,"Bottled Flame":26,"m_SnakeBloodCore":22,"Prayer Wheel":20,"Simple Rune":53,"VioletLotus":34,"Garlic":7,"Membership Card":3,"Replay:Bottled Snecko":53,"PureWater":0,"Toxic Egg 2":4,"ReplayTheSpireMod:DimensionalGlitch":17,"aspiration:DSix":24},{"ReplayTheSpireMod:Ninjato":22,"aspiration:Nostalgia":11,"Damaru":23,"Replay:Purple Gloves":26,"wanderingMiniBosses:AbyssPearl":20,"Orichalcum":21,"War Paint":23,"Replay:Ringing Soul":1,"SsserpentHead":5,"Bottled Flame":12,"m_SnakeBloodCore":11,"Prayer Wheel":10,"Simple Rune":25,"VioletLotus":17,"Garlic":3,"Membership Card":1,"Replay:Bottled Snecko":25,"PureWater":0,"Toxic Egg 2":1,"ReplayTheSpireMod:DimensionalGlitch":8,"aspiration:DSix":11},{"ReplayTheSpireMod:Ninjato":104,"aspiration:Nostalgia":45,"Damaru":106,"Replay:Purple Gloves":117,"wanderingMiniBosses:AbyssPearl":91,"Orichalcum":94,"War Paint":106,"Replay:Ringing Soul":2,"SsserpentHead":16,"Bottled Flame":50,"m_SnakeBloodCore":45,"Prayer Wheel":39,"Simple Rune":113,"VioletLotus":77,"Garlic":11,"Membership Card":2,"Replay:Bottled Snecko":113,"PureWater":0,"Toxic Egg 2":2,"ReplayTheSpireMod:DimensionalGlitch":33,"aspiration:DSix":45}]},"card_choices":[{"not_picked":["Halt","Swivel"],"picked":"Replay:Battleflow","floor":1},{"not_picked":["FollowUp","Replay:AtTheReady"],"picked":"Prostrate","floor":2},{"not_picked":["SignatureMove","Consecrate"],"picked":"BattleHymn","floor":5},{"not_picked":["ThirdEye+1","InnerPeace+1"],"picked":"Prostrate+1","floor":7},{"not_picked":["Wallop","Replay:ManipulateFuture+1"],"picked":"Fasting2","floor":10},{"not_picked":["Replay:ManipulateFuture+1","Replay:BluntJabs"],"picked":"EmptyBody+1","floor":11},{"not_picked":["Replay:BluntJabs","FlyingSleeves"],"picked":"WindmillStrike","floor":13},{"not_picked":["CrushJoints","WindmillStrike"],"picked":"ForeignInfluence+1","floor":14},{"not_picked":["Scrawl+1","Vault+1"],"picked":"Brilliance","floor":16},{"not_picked":["Evaluate+1","Perseverance+1"],"picked":"Replay:AtTheReady+1","floor":18},{"not_picked":["Halt+1","Prostrate+1"],"picked":"Perseverance+1","floor":19},{"not_picked":["LikeWater","Perseverance+1"],"picked":"FlurryOfBlows","floor":21},{"not_picked":["Fasting2","Halt+1"],"picked":"EmptyBody+1","floor":21},{"not_picked":["JustLucky","Hello World"],"picked":"Protect+1","floor":25},{"not_picked":["ThirdEye+1","Havoc+1"],"picked":"Protect+1","floor":25},{"not_picked":["FlyingSleeves","WheelKick"],"picked":"Establishment","floor":28},{"not_picked":["BowlingBash+1","SignatureMove"],"picked":"MentalFortress","floor":28},{"not_picked":["Sanctity+1","Dagger Throw+1"],"picked":"EmptyMind+1","floor":29},{"not_picked":["Distraction+1","PathToVictory+1"],"picked":"Replay:ManipulateFuture+1","floor":29},{"not_picked":["JustLucky","Replay:AtTheReady+1"],"picked":"Tantrum","floor":30},{"not_picked":["Burning Pact+1","BattleHymn"],"picked":"FollowUp","floor":30},{"not_picked":["Prostrate+1","ClearTheMind+1"],"picked":"FlurryOfBlows","floor":31},{"not_picked":["Replay:Cycle+1","Scrawl+1"],"picked":"FollowUp","floor":31},{"not_picked":["Replay:AllIn+1","Eclipse+1"],"picked":"Omniscience+1","floor":33},{"not_picked":["BowlingBash","Crescendo+1"],"picked":"JustLucky","floor":35},{"not_picked":["Replay:Battleflow+1","Replay:BluntJabs","Replay:AtTheReady+1"],"picked":"SKIP","floor":35},{"not_picked":["Replay:BluntJabs","Replay:AtTheReady+1"],"picked":"Replay:Battleflow+1","floor":35},{"not_picked":["Replay:AtTheReady+1","JustLucky+1"],"picked":"FlurryOfBlows","floor":37},{"not_picked":["Replay:ManipulateFuture+1","ReachHeaven+1"],"picked":"ICR:YinYang","floor":37},{"not_picked":["Evaluate+1","Fasting2+1"],"picked":"ICR:Serenity+1","floor":39},{"not_picked":["JustLucky","BattleHymn+1"],"picked":"InnerPeace+1","floor":39},{"not_picked":["Judgement+1","BowlingBash"],"picked":"PathToVictory+1","floor":40},{"not_picked":["Consecrate+1","WreathOfFlame+1"],"picked":"PathToVictory+1","floor":42},{"not_picked":["Crescendo+1","CrushJoints"],"picked":"FlurryOfBlows+1","floor":42},{"not_picked":["Replay:Battleflow+1","FlyingSleeves"],"picked":"FearNoEvil","floor":44},{"not_picked":["FlurryOfBlows+1","Protect+1"],"picked":"ICR:HungryGhost","floor":44},{"not_picked":["Replay:ManipulateFuture+1","EmptyFist+1"],"picked":"Halt+1","floor":48},{"not_picked":["FollowUp","CrushJoints+1","SignatureMove+1"],"picked":"SKIP","floor":48},{"not_picked":["ClearTheMind+1","Judgement+1"],"picked":"FollowUp+1","floor":54}],"player_experience":261886,"relics_obtained":[{"floor":2,"key":"Replay:Ringing Soul"},{"floor":7,"key":"Garlic"},{"floor":24,"key":"aspiration:DSix"},{"floor":26,"key":"Bottled Flame"},{"floor":39,"key":"wanderingMiniBosses:AbyssPearl"},{"floor":40,"key":"Orichalcum"},{"floor":43,"key":"ReplayTheSpireMod:Ninjato"},{"floor":54,"key":"Replay:Purple Gloves"}],"event_choices":[{"damage_healed":0,"gold_gain":0,"player_choice":"Trade","damage_taken":0,"relics_obtained":["SsserpentHead"],"max_hp_gain":0,"max_hp_loss":0,"event_name":"FaceTrader","floor":12,"gold_loss":0},{"damage_healed":0,"gold_gain":0,"player_choice":"Paid Gold","damage_taken":0,"relics_obtained":["Prayer Wheel"],"max_hp_gain":0,"max_hp_loss":0,"event_name":"WeMeetAgain","floor":20,"gold_loss":119},{"damage_healed":0,"gold_gain":0,"player_choice":"Relic","damage_taken":0,"max_hp_gain":0,"max_hp_loss":0,"event_name":"Wheel of Change","floor":24,"gold_loss":0},{"damage_healed":0,"gold_gain":0,"player_choice":"Bought 3 Potions","damage_taken":0,"max_hp_gain":0,"max_hp_loss":0,"event_name":"The Woman in Blue","floor":36,"gold_loss":0},{"cards_removed":["ICR:DragonStrike"],"damage_healed":0,"gold_gain":0,"player_choice":"Removed Attack","damage_taken":0,"max_hp_gain":0,"max_hp_loss":0,"event_name":"Falling","floor":38,"gold_loss":0},{"damage_healed":0,"gold_gain":0,"player_choice":"Copied","damage_taken":0,"max_hp_gain":0,"max_hp_loss":0,"event_name":"Duplicator","floor":46,"gold_loss":0,"cards_obtained":["Prostrate"]}],"is_beta":false,"boss_relics":[{"not_picked":["Calling Bell","aspiration:SilentSkillbook"],"picked":"ReplayTheSpireMod:DimensionalGlitch"},{"not_picked":["Velvet Choker","Fusion Hammer"],"picked":"VioletLotus"}],"items_purged_floors":[],"is_endless":false,"potions_floor_spawned":[7,10,11,25,28,29,30,31,37,48],"ascension_level":0}}