{"host":"ox77rn1xcurm2t5a","time":1609885651,"event":{"mods":["2.2 Compatiblity","AchievementEnabler","Act Like it!","Aspiration","BaseMod","Best Route Mod","Better Match","Better Note","Better Sensory Stone","Block Reminder","Colored Map","Colored Powertips","Conjunction","Conspire","Custom Start","Energized Spire","GifTheSpireLib","Gold Saver","Gremlin Skip","Halation","Highlight Path","Hubris","Infinite Spire","Minty Spire (QoL Compilation)","Pale of the Ancients","Quick Restart","Replay The Spire","Reworked Bosses","ShortenTheSpire","Spire Exporter","StSLib","Stuff the Spire","Wandering Minibosses","vexMod"],"gold_per_floor":[133,133,133,58,74,74,6,6,6,39,59,73,73,91,91,187,187,201,201,221,221,221,221,221,96,96,112,145,97,131,131,131],"floor_reached":31,"playtime":1315,"items_purged":["Strike_B"],"score":510,"play_id":"746dd392-7a64-440e-89ff-ba7be8705074","local_time":"20210106002731","is_ascension_mode":true,"campfire_choices":[{"data":"Loop","floor":6.0,"key":"SMITH"},{"data":"Defragment","floor":8.0,"key":"SMITH"},{"floor":13.0,"key":"RECALL"},{"data":"Dualcast","floor":15.0,"key":"SMITH"},{"data":"ReplayTheSpireMod:Haul","floor":23.0,"key":"SMITH"}],"circlet_count":0,"master_deck":["AscendersBane","Strike_B","Strike_B","Strike_B","Defend_B","Defend_B","Defend_B","Defend_B","Zap+1","Dualcast+1","Ball Lightning","Glacier","Loop+1","Defragment+1","White Noise","Defragment","Regret","ReplayTheSpireMod:Haul+1","Gash","Coolheaded","Barrage+1","Gash"],"relics":["FrozenCore","NeowsBlessing","Iron Hammer","Replay:Antivirus Software","Odd Mushroom","Kunai","Anchor","hubris:BallOfYels"],"acts_visited":["Exordium","TheCity"],"potions_floor_usage":[],"damage_taken":[{"damage":0.0,"enemies":"Small Slimes","floor":1.0,"turns":1.0},{"damage":0.0,"enemies":"Jaw Worm","floor":5.0,"turns":1.0},{"damage":0.0,"enemies":"Gremlin Nob","floor":10.0,"turns":1.0},{"damage":1.0,"enemies":"The Mushroom Lair","floor":11.0,"turns":4.0},{"damage":0.0,"enemies":"Cultist","floor":12.0,"turns":3.0},{"damage":10.0,"enemies":"Large Slime","floor":14.0,"turns":3.0},{"damage":34.0,"enemies":"The Guardian","floor":16.0,"turns":10.0},{"damage":0.0,"enemies":"Chosen","floor":18.0,"turns":6.0},{"damage":28.0,"enemies":"3 Byrds","floor":20.0,"turns":5.0},{"damage":20.0,"enemies":"Snecko","floor":27.0,"turns":9.0},{"damage":0.0,"enemies":"Book of Stabbing","floor":28.0,"turns":1.0},{"damage":9,"enemies":"Slavers","floor":30,"turns":5},{"damage":6,"enemies":"Sentry and Sphere","floor":31,"turns":1}],"seed_played":"799052268911743551","potions_obtained":[{"floor":10.0,"key":"Cursed Concoction"},{"floor":12.0,"key":"FearPotion"},{"floor":16.0,"key":"BlessingOfTheForge"},{"floor":20.0,"key":"FocusPotion"},{"floor":30,"key":"Block Potion"}],"is_trial":false,"path_per_floor":["M","?","?","$","M","R","$","R","T","E","?","M","R","M","R","B",null,"M","?","M","?","AVR","R","?","$","T","M","E","$","E","M"],"character_chosen":"DEFECT","items_purchased":["Glacier","Defragment","Gash","Gash"],"campfire_rested":0,"item_purchase_floors":[4,7,25,29],"current_hp_per_floor":[68,68,68,68,68,68,68,68,68,68,67,67,67,57,57,23,62,62,62,34,34,34,34,34,34,34,14,14,14,5,0,0],"gold":131,"neow_bonus":"THREE_ENEMY_KILL","is_daily":false,"chose_seed":false,"campfire_upgraded":4,"win_rate":0.0,"timestamp":1609885651,"path_taken":["M","?","?","$","?","R","?","R","T","E","?","M","R","M","R","BOSS","M","?","?","?","AVR","R","?","?","T","?","E","$","E","M"],"items_purchased_type":["Card","Card","Card","Card"],"build_version":"2020-12-22","purchased_purges":1,"victory":false,"max_hp_per_floor":[75,75,75,75,75,75,75,75,75,75,75,75,75,75,75,75,75,75,75,75,75,75,75,75,75,75,75,75,75,75,75,75],"card_choices":[{"not_picked":["Rebound","Stack"],"picked":"Ball Lightning","floor":1.0},{"not_picked":["Leap","BasicCrystalCard"],"picked":"Loop","floor":5.0},{"not_picked":["ReplayRNGCard","Hologram"],"picked":"White Noise","floor":10.0},{"not_picked":["BasicCrystalCard","StuffTheSpire:Plugnplay","Sweeping Beam"],"picked":"SKIP","floor":12.0},{"not_picked":["Turbo","Hologram","Steam"],"picked":"SKIP","floor":14.0},{"not_picked":["Go for the Eyes+1","Heatsinks"],"picked":"Defragment","floor":18.0},{"not_picked":["Stack","Go for the Eyes","StuffTheSpire:Plugnplay"],"picked":"SKIP","floor":20.0},{"not_picked":["Consume","Hologram"],"picked":"Coolheaded","floor":27.0},{"not_picked":["Double Energy","Time Bomb+1"],"picked":"Barrage+1","floor":28.0},{"not_picked":["Undo","Barrage","Loop"],"picked":"SKIP","floor":30}],"player_experience":2920882,"relics_obtained":[{"floor":9.0,"key":"Iron Hammer"},{"floor":10.0,"key":"Replay:Antivirus Software"},{"floor":11.0,"key":"Odd Mushroom"},{"floor":28.0,"key":"Anchor"},{"floor":30,"key":"hubris:BallOfYels"}],"event_choices":[{"damage_healed":0.0,"max_hp_gain":0.0,"max_hp_loss":0.0,"gold_gain":0.0,"event_name":"Living Wall","player_choice":"Grow","floor":2.0,"gold_loss":0.0,"damage_taken":0.0,"cards_upgraded":["Zap"]},{"damage_healed":0.0,"max_hp_gain":0.0,"max_hp_loss":0.0,"gold_gain":0.0,"event_name":"conspire:LoneGhost","player_choice":"Disagree","floor":3.0,"gold_loss":0.0,"damage_taken":0.0},{"damage_healed":0.0,"max_hp_gain":0.0,"max_hp_loss":0.0,"gold_gain":0.0,"event_name":"Mushrooms","player_choice":"Fought Mushrooms","floor":11.0,"gold_loss":0.0,"damage_taken":0.0}],"is_beta":false,"boss_relics":[{"not_picked":["conspire:SlowCooker","Runic Dome"],"picked":"FrozenCore"}],"items_purged_floors":[25],"is_endless":false,"potions_floor_spawned":[10,12,16,20,30],"killed_by":"Sentry and Sphere","ascension_level":12}}