{"host":"njcl8kinlkfw245p","time":1609825929,"event":{"mods":["BaseMod","Block Reminder","Colored Map","KinomotoSakuraMod(????)","Minty Spire (QoL Compilation)","StSLib","The Senshi"],"gold_per_floor":[113,38,38,38,57,57,75,75,75,93,126,149,49,68,68,191,254,275,296,221,221,221,256,256,287,287,287,303,317,53,53,53,178,178,191,191,207,232,232,232],"floor_reached":39,"playtime":2819,"items_purged":["theSenshi:SailorKick","theSenshi:SailorKick"],"score":674,"play_id":"98fa5ae3-98a4-4bc2-91c2-de2d6705f27b","local_time":"20210104215209","is_ascension_mode":true,"campfire_choices":[{"data":"theSenshi:RoseThrow","floor":6.0,"key":"SMITH"},{"data":"theSenshi:MoonPower","floor":8.0,"key":"SMITH"},{"floor":15.0,"key":"REST"},{"data":"theSenshi:MoonPower","floor":24.0,"key":"SMITH"},{"floor":27.0,"key":"REST"},{"floor":32.0,"key":"REST"}],"circlet_count":0,"master_deck":["AscendersBane","theSenshi:SailorKick+1","theSenshi:SailorBlock+1","theSenshi:RoseThrow+1","theSenshi:MoonPrismPowerMakeUp+1","theSenshi:MoonPower+1","theSenshi:MoonPower+1","theSenshi:MoonTiaraMagic","theSenshi:SailorSaturnAssists","theSenshi:UranusStrength","theSenshi:SailorVenusAssists","theSenshi:SailorSaturnAssists","theSenshi:EncouragingSpeech","theSenshi:MoonKick+1","theSenshi:SailorStarHealerAssists","Apotheosis","theSenshi:LunaWiseMentor","theSenshi:IWillPunishYou","theSenshi:TallSilhouette","theSenshi:SailorJupiterAssists"],"relics":["Empty Cage","Golden Idol","Kunai","Bag of Marbles","Tiny House","theSenshi:CutieMoonRodRelic","StrikeDummy","theSenshi:FeatherClipsRelic","Black Star"],"acts_visited":["Exordium","TheCity","TheBeyond"],"potions_floor_usage":[39,39],"damage_taken":[{"damage":0.0,"enemies":"Jaw Worm","floor":1.0,"turns":4.0},{"damage":0.0,"enemies":"Small Slimes","floor":5.0,"turns":3.0},{"damage":0.0,"enemies":"Cultist","floor":7.0,"turns":3.0},{"damage":2.0,"enemies":"Looter","floor":10.0,"turns":3.0},{"damage":9.0,"enemies":"Gremlin Nob","floor":11.0,"turns":3.0},{"damage":21.0,"enemies":"Exordium Thugs","floor":12.0,"turns":4.0},{"damage":3.0,"enemies":"Blue Slaver","floor":14.0,"turns":3.0},{"damage":46.0,"enemies":"Slime Boss","floor":16.0,"turns":14.0},{"damage":24.0,"enemies":"Shell Parasite","floor":18.0,"turns":7.0},{"damage":4.0,"enemies":"Chosen","floor":19.0,"turns":6.0},{"damage":66.0,"enemies":"Gremlin Leader","floor":23.0,"turns":8.0},{"damage":53.0,"enemies":"Book of Stabbing","floor":25.0,"turns":7.0},{"damage":4.0,"enemies":"Centurion and Healer","floor":28.0,"turns":5.0},{"damage":31.0,"enemies":"Snake Plant","floor":29.0,"turns":4.0},{"damage":53.0,"enemies":"Champ","floor":33.0,"turns":12.0},{"damage":33.0,"enemies":"3 Darklings","floor":35.0,"turns":5.0},{"damage":12.0,"enemies":"Orb Walker","floor":37.0,"turns":4.0},{"damage":66.0,"enemies":"Transient","floor":38.0,"turns":5.0},{"damage":49,"enemies":"Jaw Worm Horde","floor":39,"turns":3}],"seed_played":"3642529070665632053","potions_obtained":[{"floor":5.0,"key":"SkillPotion"},{"floor":17.0,"key":"GamblersBrew"},{"floor":28.0,"key":"Ancient Potion"},{"floor":29.0,"key":"SkillPotion"},{"floor":35.0,"key":"CultistPotion"}],"is_trial":false,"path_per_floor":["M","$","?","?","M","R","M","R","T","M","E","M","$","M","R","B",null,"M","M","?","?","?","E","R","E","T","R","M","M","$","T","R","B",null,"M","?","M","M","M"],"character_chosen":"THE_SENSHI","items_purchased":["Apotheosis","theSenshi:LunaWiseMentor"],"campfire_rested":3,"item_purchase_floors":[30,30],"current_hp_per_floor":[68,68,53,35,35,35,35,35,35,33,24,8,8,10,32,11,64,65,76,76,76,76,34,34,1,1,25,42,32,32,32,56,39,70,58,63,72,35,0,0],"gold":232,"neow_bonus":"BOSS_RELIC","is_daily":false,"chose_seed":false,"campfire_upgraded":3,"win_rate":0.0,"timestamp":1609825929,"path_taken":["M","$","?","?","M","R","M","R","T","M","E","M","?","M","R","BOSS","M","M","?","?","?","E","R","E","T","R","M","M","$","?","R","BOSS","M","?","M","?","M"],"items_purchased_type":["Card","Card"],"build_version":"2020-12-22","purchased_purges":2,"victory":false,"max_hp_per_floor":[75,75,75,75,75,75,75,75,75,75,75,75,75,75,75,75,80,80,80,80,80,80,80,80,80,80,80,80,80,80,80,80,80,80,80,80,80,80,80,80],"card_choices":[{"not_picked":["theSenshi:SchoolBag","theSenshi:EncouragingSpeech"],"picked":"theSenshi:MoonPower","floor":1.0},{"not_picked":["theSenshi:LateForSchool","theSenshi:MoonsReflection"],"picked":"theSenshi:MoonPower","floor":5.0},{"not_picked":["theSenshi:SupersonicWaves","theSenshi:SailorStarFighterAssists"],"picked":"theSenshi:MoonTiaraMagic","floor":7.0},{"not_picked":["theSenshi:PlutosSolemnity","theSenshi:MoonPower","theSenshi:Sidestep"],"picked":"SKIP","floor":10.0},{"not_picked":["theSenshi:SupersonicWaves","theSenshi:LunasBite"],"picked":"theSenshi:SailorSaturnAssists","floor":11.0},{"not_picked":["theSenshi:MoonHealingEscalation","theSenshi:SailorPlanetAttack"],"picked":"theSenshi:UranusStrength","floor":12.0},{"not_picked":["theSenshi:SailorStarMakerAssists","theSenshi:MoonsReflection"],"picked":"theSenshi:SailorVenusAssists","floor":14.0},{"not_picked":["theSenshi:MoonEternalMakeUp","theSenshi:StudyParty"],"picked":"theSenshi:SailorSaturnAssists","floor":16.0},{"not_picked":["theSenshi:TallSilhouette","theSenshi:GatheringStrength"],"picked":"theSenshi:MoonPrincessHalation","floor":17.0},{"not_picked":["theSenshi:YouCanTalk","theSenshi:MoonTwilightFlash","theSenshi:MoonPrincessHalation"],"picked":"SKIP","floor":18.0},{"not_picked":["theSenshi:MarsPride","theSenshi:SupersonicWaves","theSenshi:SailorMercuryAssists"],"picked":"SKIP","floor":19.0},{"not_picked":["theSenshi:Sidestep","theSenshi:MarsPride"],"picked":"theSenshi:MoonKick+1","floor":23.0},{"not_picked":["theSenshi:SailorMarsAssists","theSenshi:MercurysCunning"],"picked":"theSenshi:SailorStarHealerAssists","floor":25.0},{"not_picked":["theSenshi:SailorChibiMoonAssists","theSenshi:MoonPower","theSenshi:Sidestep+1"],"picked":"SKIP","floor":28.0},{"not_picked":["theSenshi:DramaticEntrance","theSenshi:MoonsReflection","theSenshi:MoonPrincessHalation"],"picked":"SKIP","floor":29.0},{"not_picked":["theSenshi:DramaticEntrance","theSenshi:MoonsReflection","theSenshi:MoonPrincessHalation"],"picked":"SKIP","floor":29.0},{"not_picked":["theSenshi:StarlightHoneymoonTherapyKiss","theSenshi:MoonGorgeousMeditation"],"picked":"theSenshi:IWillPunishYou","floor":33.0},{"not_picked":["theSenshi:DramaticEntrance+1","theSenshi:MoonsReflection"],"picked":"theSenshi:TallSilhouette","floor":35.0},{"not_picked":["theSenshi:LunasBite","theSenshi:SailorMarsAssists","theSenshi:MoonPunch"],"picked":"SKIP","floor":37.0},{"not_picked":["theSenshi:VenusGlamour+1","theSenshi:MoonPrincessHalation"],"picked":"theSenshi:SailorJupiterAssists","floor":38.0}],"player_experience":881423,"relics_obtained":[{"floor":9.0,"key":"Kunai"},{"floor":11.0,"key":"Bag of Marbles"},{"floor":23.0,"key":"theSenshi:CutieMoonRodRelic"},{"floor":25.0,"key":"StrikeDummy"},{"floor":26.0,"key":"theSenshi:FeatherClipsRelic"}],"event_choices":[{"damage_healed":0.0,"max_hp_gain":0.0,"max_hp_loss":0.0,"gold_gain":0.0,"event_name":"Shining Light","player_choice":"Entered Light","floor":3.0,"gold_loss":0.0,"damage_taken":15.0,"cards_upgraded":["theSenshi:MoonPrismPowerMakeUp","theSenshi:SailorKick"]},{"damage_healed":0.0,"max_hp_gain":0.0,"max_hp_loss":0.0,"gold_gain":0.0,"event_name":"Golden Idol","player_choice":"Take Damage","floor":4.0,"gold_loss":0.0,"damage_taken":18.0,"relics_obtained":["Golden Idol"]},{"cards_removed":["theSenshi:SailorBlock"],"damage_healed":0.0,"max_hp_gain":0.0,"max_hp_loss":0.0,"gold_gain":0.0,"event_name":"Beggar","player_choice":"Gave Gold","floor":20.0,"gold_loss":75.0,"damage_taken":0.0},{"cards_removed":["theSenshi:SailorBlock"],"damage_healed":0.0,"max_hp_gain":0.0,"max_hp_loss":0.0,"gold_gain":0.0,"event_name":"Back to Basics","player_choice":"Elegance","floor":21.0,"gold_loss":0.0,"damage_taken":0.0},{"damage_healed":0.0,"max_hp_gain":0.0,"max_hp_loss":0.0,"gold_gain":0.0,"event_name":"The Library","player_choice":"Read","floor":22.0,"gold_loss":0.0,"damage_taken":0.0,"cards_obtained":["theSenshi:EncouragingSpeech"]},{"cards_removed":["theSenshi:MoonPrincessHalation"],"damage_healed":5.0,"max_hp_gain":0.0,"max_hp_loss":0.0,"gold_gain":0.0,"event_name":"Bonfire Elementals","player_choice":"Offered Common","floor":36.0,"gold_loss":0.0,"damage_taken":0.0},{"cards_removed":["theSenshi:MoonPrincessHalation"],"damage_healed":5.0,"max_hp_gain":0.0,"max_hp_loss":0.0,"gold_gain":0.0,"event_name":"Bonfire Elementals","player_choice":"Offered Special","floor":36.0,"gold_loss":0.0,"damage_taken":0.0}],"is_beta":false,"boss_relics":[{"not_picked":["Calling Bell","Astrolabe"],"picked":"Tiny House"},{"not_picked":["SacredBark","theSenshi:MoonKaleidoScopeRelic"],"picked":"Black Star"}],"items_purged_floors":[2,13],"is_endless":false,"potions_floor_spawned":[5,28,29,35],"killed_by":"Jaw Worm Horde","ascension_level":12}}