{"host":"ox77rn1xcurm2t5a","time":1609867418,"event":{"mods":["2.2 Compatiblity","AchievementEnabler","Act Like it!","Aspiration","BaseMod","Best Route Mod","Better Match","Better Note","Better Sensory Stone","Block Reminder","Colored Map","Colored Powertips","Conjunction","Conspire","Custom Start","Energized Spire","GifTheSpireLib","Gold Saver","Gremlin Skip","Halation","Highlight Path","Hubris","Infinite Spire","Minty Spire (QoL Compilation)","Pale of the Ancients","Quick Restart","Replay The Spire","Reworked Bosses","ShortenTheSpire","Spire Exporter","StSLib","Stuff the Spire","Wandering Minibosses","vexMod"],"gold_per_floor":[113,113,125,125,34,34,59,59,59,88,88,4,37,37,37,140,140,159,159,159,171,18,18,46,46,46,46,61,94,94,124,124,223,223,242,242,534,544,544,544],"floor_reached":39,"playtime":984,"items_purged":["Strike_B"],"score":882,"play_id":"4558cccb-503c-452d-9fb6-847b494615dd","local_time":"20210105192338","is_ascension_mode":true,"campfire_choices":[{"floor":6.0,"key":"RECALL"},{"data":"Apotheosis","floor":8.0,"key":"SMITH"},{"data":"Echo Form","floor":11.0,"key":"SMITH"},{"floor":15.0,"key":"DIG"},{"floor":23.0,"key":"DIG"},{"floor":25.0,"key":"REST"},{"floor":27.0,"key":"DIG"},{"floor":30,"key":"REST"},{"floor":32,"key":"REST"}],"circlet_count":0,"master_deck":["AscendersBane","Strike_B","Strike_B","Defend_B","Defend_B","Defend_B","Defend_B","Zap+1","Dualcast","Echo Form+1","Apotheosis+1","Ball Lightning","Cold Snap+1","Ball Lightning","StuffTheSpire:Coldhearted","Gash","Static Discharge","Chill","infinitespire:Oblivion","White Noise","Defragment+1","StuffTheSpire:Plugnplay+1","Gash","Electrodynamics","Conserve Battery+1","Go for the Eyes+1","Echo Form","Capacitor","Cold Snap+1"],"relics":["Cracked Core","NeowsBlessing","hubris:TenFootPole","Durian","Shovel","Potion Belt","hubris:FunFungus","Orrery","Replay:Wax Seal","aspiration:Stabinomicon","infinitespire:Lucky Rock","StuffTheSpire:Gunfinga","Bag of Preparation","StuffTheSpire:GrapeVine","hubris:PeanutButter","Geode"],"acts_visited":["Exordium","TheCity","TheBeyond"],"potions_floor_usage":[29,35],"damage_taken":[{"damage":0.0,"enemies":"2 Louse","floor":1.0,"turns":1.0},{"damage":0.0,"enemies":"Jaw Worm","floor":3.0,"turns":1.0},{"damage":0.0,"enemies":"Gremlin Nob","floor":7.0,"turns":1.0},{"damage":16.0,"enemies":"Lagavulin","floor":10.0,"turns":6.0},{"damage":0.0,"enemies":"Gremlin Nob","floor":13.0,"turns":3.0},{"damage":0.0,"enemies":"Slime Boss","floor":16.0,"turns":7.0},{"damage":19.0,"enemies":"2 Thieves","floor":18.0,"turns":3.0},{"damage":0.0,"enemies":"Shell Parasite","floor":19.0,"turns":1.0},{"damage":12.0,"enemies":"Cultist and Chosen","floor":21.0,"turns":6.0},{"damage":31.0,"enemies":"Book of Stabbing","floor":24.0,"turns":5.0},{"damage":2.0,"enemies":"Snecko","floor":28.0,"turns":3.0},{"damage":16,"enemies":"Gremlin Leader","floor":29,"turns":7},{"damage":34,"enemies":"Slavers","floor":31,"turns":3},{"damage":26,"enemies":"Automaton","floor":33,"turns":6},{"damage":31,"enemies":"3 Darklings","floor":35,"turns":4},{"damage":0,"enemies":"Orb Walker","floor":38,"turns":3},{"damage":36,"enemies":"Writhing Mass","floor":39,"turns":3}],"seed_played":"8247536407412123162","potions_obtained":[{"floor":10.0,"key":"Flashbang"},{"floor":13.0,"key":"GamblersBrew"},{"floor":16.0,"key":"Swift Potion"},{"floor":18.0,"key":"SmokeBomb"},{"floor":24.0,"key":"DistilledChaos"},{"floor":28.0,"key":"SpeedPotion"},{"floor":33,"key":"Explosive Potion"}],"is_trial":false,"path_per_floor":["M","?","M","?","$","R","E","R","T","E","R","$","E","$","R","B",null,"M","M","AVR","M","$","R","E","R","T","R","M","E","R","E","R","B",null,"M","?","$","M","M"],"character_chosen":"DEFECT","items_purchased":["Ball Lightning","Cold Snap+1","Gash","Static Discharge","Orrery","hubris:PeanutButter","Capacitor","Geode"],"campfire_rested":3,"item_purchase_floors":[5,5,12,12,22,37,37,37],"current_hp_per_floor":[68,68,68,68,68,68,68,68,68,57,57,57,57,57,57,57,74,55,55,55,47,47,47,16,40,40,40,38,24,48,15,39,13,63,32,32,32,34,0,0],"gold":544,"neow_bonus":"THREE_ENEMY_KILL","is_daily":false,"chose_seed":false,"campfire_upgraded":2,"win_rate":0.0,"timestamp":1609867418,"path_taken":["M","?","M","?","$","R","E","R","T","E","R","$","E","$","R","BOSS","M","?","AVR","M","$","R","E","R","T","R","?","E","R","E","R","BOSS","M","?","$","M","M"],"items_purchased_type":["Card","Card","Card","Card","Relic","Relic","Card","Relic"],"build_version":"2020-12-22","purchased_purges":1,"victory":false,"max_hp_per_floor":[75,75,75,75,75,75,75,75,75,80,80,80,80,80,80,80,80,80,80,80,80,80,80,80,80,80,80,80,80,80,80,80,80,80,80,80,80,80,80,80],"card_choices":[{"not_picked":["Conserve Battery","StuffTheSpire:LoadUp","Compile Driver"],"picked":"SKIP","floor":1.0},{"not_picked":["Steam","StuffTheSpire:CleanHardDrive"],"picked":"Echo Form","floor":3.0},{"not_picked":["ReplayUltimateDefense","Survey Options"],"picked":"Apotheosis","floor":4.0},{"not_picked":["StuffTheSpire:Purify","BootSequence"],"picked":"Ball Lightning","floor":7.0},{"not_picked":["Turbo","StuffTheSpire:CleanHardDrive"],"picked":"StuffTheSpire:Coldhearted","floor":10.0},{"not_picked":["Steam","Leap","StuffTheSpire:Plugnplay"],"picked":"SKIP","floor":13.0},{"not_picked":["Conserve Battery+1","Go for the Eyes"],"picked":"Chill","floor":18.0},{"not_picked":["Melter+1","Fusion"],"picked":"White Noise","floor":21.0},{"not_picked":["Barrage+1","Cold Snap"],"picked":"Defragment+1","floor":22.0},{"not_picked":["Turbo","ReplayTheSpireMod:Fabricate Wheel"],"picked":"StuffTheSpire:Plugnplay+1","floor":22.0},{"not_picked":["ReplaySort","Stack"],"picked":"Gash","floor":22.0},{"not_picked":["StuffTheSpire:LoadUp","Conserve Battery"],"picked":"Electrodynamics","floor":22.0},{"not_picked":["StuffTheSpire:LoadUp","Leap"],"picked":"Conserve Battery+1","floor":22.0},{"not_picked":["Blizzard","Turbo","Chaos"],"picked":"SKIP","floor":24.0},{"not_picked":["Mirror Shield","StuffTheSpire:NuclearReactor"],"picked":"Go for the Eyes+1","floor":28.0},{"not_picked":["ReplaySort","ReplayTheSpireMod:Repulse","Aggregate"],"picked":"SKIP","floor":29},{"not_picked":["StuffTheSpire:Rend","Steam Power","Streamline"],"picked":"SKIP","floor":31},{"not_picked":["StuffTheSpire:Purify","Thunder Strike"],"picked":"Echo Form","floor":33},{"not_picked":["Beam Cell","Aggregate","BasicCrystalCard"],"picked":"SKIP","floor":35},{"not_picked":["Scrape","Consume"],"picked":"Cold Snap+1","floor":38}],"player_experience":2920882,"relics_obtained":[{"floor":7.0,"key":"hubris:TenFootPole"},{"floor":10.0,"key":"Durian"},{"floor":13.0,"key":"Shovel"},{"floor":15.0,"key":"Potion Belt"},{"floor":23.0,"key":"Replay:Wax Seal"},{"floor":24.0,"key":"aspiration:Stabinomicon"},{"floor":26.0,"key":"infinitespire:Lucky Rock"},{"floor":27.0,"key":"StuffTheSpire:Gunfinga"},{"floor":29,"key":"Bag of Preparation"},{"floor":31,"key":"StuffTheSpire:GrapeVine"}],"event_choices":[{"damage_healed":0.0,"max_hp_gain":0.0,"max_hp_loss":0.0,"gold_gain":0.0,"event_name":"Living Wall","player_choice":"Grow","floor":2.0,"gold_loss":0.0,"damage_taken":0.0,"cards_upgraded":["Zap"]},{"damage_healed":0.0,"max_hp_gain":0.0,"max_hp_loss":0.0,"gold_gain":1.0,"event_name":"betterStone:BetterStone","player_choice":"1","floor":4.0,"gold_loss":0.0,"damage_taken":0.0},{"cards_removed":["Strike_B"],"damage_healed":0,"gold_gain":0,"player_choice":"Offered Basic","damage_taken":0,"max_hp_gain":0,"max_hp_loss":0,"event_name":"Bonfire Elementals","floor":36,"gold_loss":0}],"is_beta":false,"boss_relics":[{"not_picked":["Cursed Key","hubris:VirtuousBlindfold","halation:ForbiddenBikini"]},{"not_picked":["halation:PinkAlligatorPlush","conspire:SeveredTorchhead","ReplayTheSpireMod:DimensionalGlitch"]}],"items_purged_floors":[37],"is_endless":false,"potions_floor_spawned":[10,13,16,18,24,28,33],"killed_by":"Writhing Mass","ascension_level":12}}