{"host":"7o30bgpqouqblh42","time":1609806780,"event":{"mods":["AchievementEnabler","Aspiration","BaseMod","Colored Map","Downfall","Highlight Path","Minty Spire (QoL Compilation)","StSLib","SuperFastMode"],"gold_per_floor":[113,113,113,131,52,87,87,99,122,137,137,172,172,172,172,277,277,292,309,54,54,64,64,80,107,133,133,153,153,17,17,17,120,120,136,183,183,193,93,93,143,143,143,143,168,3,22,22,22,22],"floor_reached":51,"playtime":1873,"items_purged":["Strike_B","Defend_B","Defend_B"],"score":783,"play_id":"33a2ca93-0b14-4ae0-a925-ab1ae111468b","local_time":"20210104193300","is_ascension_mode":true,"campfire_choices":[{"data":"Reprogram","floor":7,"key":"SMITH"},{"data":"BootSequence","floor":15,"key":"SMITH"},{"data":"Slimebound:CheckThePlaybook","floor":23,"key":"SMITH"},{"floor":27,"key":"REST"},{"floor":32,"key":"REST"},{"floor":40,"key":"REST"},{"data":"Reprogram","floor":44,"key":"SMITH"},{"floor":49,"key":"REST"}],"circlet_count":0,"master_deck":["Defend_B","Defend_B","Zap","Dualcast","Reprogram+1","Dagger Spray","Sucker Punch","Dash+1","Conserve Battery","Rip and Tear+1","BootSequence+1","Melter+1","Sunder+1","Gash+1","Meteor Strike+1","Gash+1","Sweeping Beam+1","expansioncontent:Sear+1","Reprogram+1","Slimebound:CheckThePlaybook+1","Ball Lightning+1","Gash+1","Cold Snap+1","Hyperbeam+1","All For One+1","Melter+1","Madness","Madness","Turbo","Rebound+1","expansioncontent:DashGenerateEvil+1","Auto Shields","Recycle","Reinforced Body+1"],"relics":["Cracked Core","NeowsBlessing","Molten Egg 2","Toy Ornithopter","Juzu Bracelet","Darkstone Periapt","Spirit Poop","aspiration:PoetsPen_weak","Lantern","Dream Catcher","Runic Pyramid","CaptainsWheel","Lizard Tail","Strawberry","Gremlin Horn"],"acts_visited":["Exordium","TheCity","TheBeyond"],"potions_floor_usage":[10,16,16,16,22,25,36,41],"damage_taken":[{"damage":0,"enemies":"Jaw Worm","floor":1,"turns":1},{"damage":0,"enemies":"Small Slimes","floor":4,"turns":1},{"damage":0,"enemies":"Lagavulin","floor":6,"turns":1},{"damage":0,"enemies":"2 Louse","floor":8,"turns":2},{"damage":0,"enemies":"2 Fungi Beasts","floor":10,"turns":2},{"damage":0,"enemies":"3 Sentries","floor":12,"turns":3},{"damage":30,"enemies":"Hexaghost","floor":16,"turns":7},{"damage":0,"enemies":"3 Byrds","floor":18,"turns":3},{"damage":0,"enemies":"Shell Parasite","floor":19,"turns":2},{"damage":31,"enemies":"Shelled Parasite and Fungi","floor":22,"turns":4},{"damage":0,"enemies":"Snecko","floor":24,"turns":2},{"damage":27,"enemies":"Gremlin Leader","floor":25,"turns":5},{"damage":3,"enemies":"Centurion and Healer","floor":28,"turns":2},{"damage":14,"enemies":"Collector","floor":33,"turns":3},{"damage":3,"enemies":"3 Shapes","floor":35,"turns":2},{"damage":31,"enemies":"2 Orb Walkers","floor":36,"turns":4},{"damage":0,"enemies":"Orb Walker","floor":38,"turns":1},{"damage":17,"enemies":"Mind Bloom Boss Battle","floor":41,"turns":3},{"damage":17,"enemies":"Reptomancer","floor":45,"turns":3},{"damage":0,"enemies":"Maw","floor":47,"turns":3},{"damage":47,"enemies":"Donu and Deca","floor":50,"turns":7}],"seed_played":"2634146275887706834","potions_obtained":[{"floor":1,"key":"Swift Potion"},{"floor":4,"key":"Fire Potion"},{"floor":10,"key":"ColorlessPotion"},{"floor":13,"key":"LiquidBronze"},{"floor":18,"key":"Swift Potion"},{"floor":24,"key":"Block Potion"},{"floor":25,"key":"PowerPotion"},{"floor":36,"key":"SpeedPotion"},{"floor":38,"key":"hexamod:EctoCoolerPotion"},{"floor":45,"key":"SmokeBomb"}],"is_trial":false,"path_per_floor":["M","?","?","M","$","E","R","M","T","M","?","E","?","?","R","B",null,"M","M","$","?","M","R","M","E","T","R","M","?","$","?","R","B",null,"M","?","?","M","$","R","?","?","T","R","E","$","M","$","R","B",null],"character_chosen":"DEFECT","items_purchased":["Rip and Tear+1","expansioncontent:Sear+1","Reprogram","Hyperbeam+1","Recycle"],"campfire_rested":4,"item_purchase_floors":[5,20,20,30,46],"current_hp_per_floor":[75,75,75,75,75,75,75,75,75,75,75,75,75,75,75,45,75,75,75,75,81,55,55,55,33,33,57,54,54,54,54,78,64,81,78,50,40,40,40,64,52,52,59,59,42,42,42,42,68,21],"gold":22,"neow_bonus":"THREE_ENEMY_KILL","is_daily":false,"chose_seed":false,"campfire_upgraded":4,"win_rate":0.0,"timestamp":1609806780,"path_taken":["M","?","?","M","$","E","R","M","T","M","?","E","?","?","R","BOSS","M","M","?","?","M","R","M","E","T","R","M","?","$","?","R","BOSS","M","?","?","M","$","R","?","?","T","R","E","$","M","?","R","BOSS"],"items_purchased_type":["Card","Card","Card","Card","Card"],"build_version":"2020-12-22","purchased_purges":3,"victory":true,"max_hp_per_floor":[75,75,75,75,75,75,75,75,75,75,75,75,75,75,75,75,75,75,75,75,81,81,81,81,81,81,81,81,81,81,81,81,81,81,81,81,81,81,81,81,81,81,88,88,88,88,88,88,88,88],"card_choices":[{"not_picked":["Sweeping Beam","Rip and Tear"],"picked":"Reprogram","floor":1},{"not_picked":["aspiration:Polymerization","Ball Lightning+1"],"picked":"Conserve Battery","floor":4},{"not_picked":["Capacitor","Turbo"],"picked":"BootSequence","floor":6},{"not_picked":["Ball Lightning+1","Coolheaded"],"picked":"Melter+1","floor":8},{"not_picked":["Rebound+1","Steam"],"picked":"Sunder+1","floor":10},{"not_picked":["Biased Cognition","Turbo"],"picked":"Gash+1","floor":12},{"not_picked":["Electrodynamics","Creative AI"],"picked":"Meteor Strike+1","floor":16},{"not_picked":["Steam","Compile Driver+1"],"picked":"Gash+1","floor":18},{"not_picked":["Steam+1","Force Field"],"picked":"Sweeping Beam+1","floor":19},{"not_picked":["Storm+1","Fusion"],"picked":"Ball Lightning+1","floor":22},{"not_picked":["Coolheaded","aspiration:Polymerization"],"picked":"Gash+1","floor":24},{"not_picked":["Hologram","Static Discharge","Double Energy+1"],"picked":"SKIP","floor":25},{"not_picked":["Recycle+1","Compile Driver+1"],"picked":"Cold Snap+1","floor":28},{"not_picked":["Sweeping Beam+1","Genetic Algorithm"],"picked":"All For One+1","floor":32},{"not_picked":["Aggregate","Chaos"],"picked":"Melter+1","floor":35},{"not_picked":["Machine Learning","Streamline+1"],"picked":"Turbo","floor":38},{"not_picked":["Creative AI","Redo+1"],"picked":"Rebound+1","floor":41},{"not_picked":["PanicButton","expansioncontent:AwakenDeath"],"picked":"expansioncontent:DashGenerateEvil+1","floor":42},{"not_picked":["Chill","Double Energy+1"],"picked":"Auto Shields","floor":45},{"not_picked":["Redo+1","Melter+1","Turbo"],"picked":"SKIP","floor":47},{"not_picked":["Ball Lightning+1","Loop+1"],"picked":"Reinforced Body+1","floor":49}],"player_experience":237927,"relics_obtained":[{"floor":6,"key":"Toy Ornithopter"},{"floor":9,"key":"Juzu Bracelet"},{"floor":12,"key":"Darkstone Periapt"},{"floor":25,"key":"Lantern"},{"floor":26,"key":"Dream Catcher"},{"floor":36,"key":"CaptainsWheel"},{"floor":41,"key":"Lizard Tail"},{"floor":43,"key":"Strawberry"},{"floor":45,"key":"Gremlin Horn"}],"event_choices":[{"damage_healed":0,"gold_gain":0,"player_choice":"Grow","damage_taken":0,"max_hp_gain":0,"max_hp_loss":0,"event_name":"Living Wall","floor":11,"gold_loss":0,"cards_upgraded":["Dash"]},{"damage_healed":0,"gold_gain":0,"player_choice":"Got Potions","damage_taken":0,"max_hp_gain":0,"max_hp_loss":0,"event_name":"Lab","floor":13,"gold_loss":0},{"cards_removed":["Injury"],"damage_healed":0,"gold_gain":0,"player_choice":"Offered Curse","damage_taken":0,"relics_obtained":["Spirit Poop"],"max_hp_gain":0,"max_hp_loss":0,"event_name":"Bonfire Elementals","floor":14,"gold_loss":0},{"cards_removed":["Slimebound:Icky"],"damage_healed":0,"gold_gain":0,"player_choice":"Elegance","damage_taken":0,"max_hp_gain":0,"max_hp_loss":0,"event_name":"Back to Basics","floor":29,"gold_loss":0},{"damage_healed":0,"gold_gain":0,"player_choice":"Ignored","damage_taken":0,"max_hp_gain":0,"max_hp_loss":0,"event_name":"Vampires","floor":31,"gold_loss":0},{"damage_healed":0,"gold_gain":0,"player_choice":"Fight","damage_taken":0,"max_hp_gain":0,"max_hp_loss":0,"event_name":"Mysterious Sphere","floor":36,"gold_loss":0},{"damage_healed":0,"gold_gain":0,"player_choice":"Embrace Madness","damage_taken":10,"max_hp_gain":0,"max_hp_loss":0,"event_name":"Winding Halls","floor":37,"gold_loss":0,"cards_obtained":["Madness","Madness"]},{"damage_healed":0,"gold_gain":0,"player_choice":"Fight","damage_taken":0,"max_hp_gain":0,"max_hp_loss":0,"event_name":"MindBloom","floor":41,"gold_loss":0},{"damage_healed":0,"gold_gain":0,"player_choice":"Memory 1","damage_taken":0,"max_hp_gain":0,"max_hp_loss":0,"event_name":"SensoryStone","floor":42,"gold_loss":0}],"is_beta":false,"boss_relics":[{"not_picked":["aspiration:SecretTechniqueScroll","Fusion Hammer"],"picked":"aspiration:PoetsPen_weak"},{"not_picked":["Inserter","Velvet Choker"],"picked":"Runic Pyramid"}],"items_purged_floors":[20,39,46],"is_endless":false,"potions_floor_spawned":[1,4,10,18,24,25,36,38,45],"ascension_level":1}}