{"host":"8lgo2trwv2o0qyml","time":1609862398,"event":{"mods":["BaseMod","Colored Map","Colored Powertips","DeckTracker","Highlight Path","Hubris","Infinite Spire","Minty Spire (QoL Compilation)","Quick Restart","Random Character Button","Relic Sorter","Replay The Spire","StSLib","SuperFastMode","Synergy Search","The Jungle"],"gold_per_floor":[111,111,111,111,111,186,204,238,252,272,272,282,307,333,52,52,52,151,151,161,161,161,161,179,205,221,221,221,240,259,293,293,293,293],"floor_reached":33,"playtime":2247,"items_purged":[],"score":345,"play_id":"b5a85d3f-c2ac-401f-94ba-cce4d7ad13d7","local_time":"20210105105958","is_ascension_mode":false,"campfire_choices":[{"floor":17,"key":"REST"},{"floor":27,"key":"REST"}],"circlet_count":0,"master_deck":["White Noise+1","Strike_B+1","Strike_B","Strike_B","Strike_B","Defend_B","Defend_B","Defend_B","Defend_B+1","Zap","Dualcast","FIFO Queue","Lockon","Mirror Shield","ReplaySort","Go for the Eyes","Chill+1","Barrage","Jack Of All Trades","Secret Weapon","Cold Snap","Creative AI","BootSequence+1","Streamline","Force Field","Leap","Go for the Eyes","Reprogram+1","ReplayGash+1"],"relics":["Nuclear Battery","hubris:MedicalManual","Gremlin Food","Darkstone Periapt","Replay:Rubber Ducky","hubris:SlimyHat","BargainBundle","SacredBark","ReplayTheSpireMod:Ring of Exchange","Ring of Misfortune","Pet Ghost","Pantograph","Omamori"],"acts_visited":["Exordium","TheCity"],"potions_floor_usage":[10,14,20,25,29,29,31,31,31,31,31,33],"damage_taken":[{"damage":4,"enemies":"Cultist","floor":1,"turns":4},{"damage":0,"enemies":"Small Slimes","floor":7,"turns":4},{"damage":38,"enemies":"Gremlin Nob","floor":8,"turns":5},{"damage":1,"enemies":"2 Louse","floor":9,"turns":3},{"damage":0,"enemies":"Exordium Wildlife","floor":10,"turns":3},{"damage":10,"enemies":"2 Fungi Beasts","floor":12,"turns":3},{"damage":9,"enemies":"3 Sentries","floor":14,"turns":6},{"damage":0,"enemies":"Hexaghost","floor":18,"turns":9},{"damage":2,"enemies":"3 Byrds","floor":20,"turns":6},{"damage":0,"enemies":"Shell Parasite","floor":24,"turns":9},{"damage":47,"enemies":"Book of Stabbing","floor":25,"turns":10},{"damage":11,"enemies":"Snake Plant","floor":26,"turns":5},{"damage":11,"enemies":"3 Cultists","floor":29,"turns":7},{"damage":0,"enemies":"Shelled Parasite and Fungi","floor":30,"turns":6},{"damage":31,"enemies":"Gremlin Leader","floor":31,"turns":9},{"damage":3,"enemies":"Chosen and Byrds","floor":33,"turns":8}],"seed_played":"-3164991499205640234","potions_obtained":[{"floor":7,"key":"Energy Potion"},{"floor":10,"key":"BlessingOfTheForge"},{"floor":14,"key":"Energy Potion"},{"floor":25,"key":"DistilledChaos"},{"floor":26,"key":"SpeedPotion"},{"floor":30,"key":"EntropicBrew"},{"floor":31,"key":"FocusPotion"}],"is_trial":false,"path_per_floor":["M","?","PTL","PTL","?","?","M","E","M","M","T","M","T","E","$","?","R","B",null,"M","?","?","?","M","E","M","R","T","M","M","E","?","M"],"character_chosen":"DEFECT","items_purchased":["BargainBundle","Jack Of All Trades","Adrenaline Potion","Ancient Potion","Secret Weapon","Cold Snap"],"campfire_rested":2,"item_purchase_floors":[15,15,15,15,15,15],"current_hp_per_floor":[71,71,71,71,71,60,60,22,21,21,21,11,11,2,2,2,24,24,75,73,73,79,79,79,32,21,45,45,34,34,3,3,0,0],"gold":293,"neow_bonus":"BOSS_RELIC","is_daily":false,"chose_seed":false,"campfire_upgraded":0,"win_rate":0.0,"timestamp":1609862398,"path_taken":["M","?","PTL","PTL","?","?","M","E","M","?","T","M","?","E","$","?","R","BOSS","M","?","?","?","M","E","?","R","T","M","M","E","?","M"],"items_purchased_type":["Relic","Card","Potion","Potion","Card","Card"],"build_version":"2020-12-22","purchased_purges":0,"victory":false,"max_hp_per_floor":[75,75,75,75,75,75,75,75,75,75,75,75,75,75,75,75,75,75,75,75,75,81,81,81,81,81,81,81,81,81,81,81,81,81],"card_choices":[{"not_picked":["Static Discharge","Sweeping Beam"],"picked":"FIFO Queue","floor":1},{"not_picked":["Leap","Self Repair"],"picked":"Lockon","floor":7},{"not_picked":["ReplayTheSpireMod:Calculation Training","Stack"],"picked":"Mirror Shield","floor":8},{"not_picked":["Hologram","ReplayTheSpireMod:GoodbyeWorld"],"picked":"ReplaySort","floor":9},{"not_picked":["Sweeping Beam","Barrage"],"picked":"Go for the Eyes","floor":10},{"not_picked":["Storm","Panic Button"],"picked":"Chill","floor":12},{"not_picked":["ReplaySort","Thunder Strike"],"picked":"Barrage","floor":14},{"not_picked":["Buffer","Thunder Strike"],"picked":"Creative AI","floor":18},{"not_picked":["FIFO Queue+1","ReplaySolidLightProjector"],"picked":"BootSequence+1","floor":20},{"not_picked":["Ball Lightning","Steam"],"picked":"Streamline","floor":24},{"not_picked":["Conserve Battery","Multi-Cast"],"picked":"Force Field","floor":25},{"not_picked":["Darkness","ReplayTheSpireMod:Repulse"],"picked":"Leap","floor":26},{"not_picked":["Barrage","Coolheaded+1"],"picked":"Go for the Eyes","floor":29},{"not_picked":["ReplayTheSpireMod:System Scan+1","Sweeping Beam+1"],"picked":"Reprogram+1","floor":30},{"not_picked":["Panic Button","Steam"],"picked":"ReplayGash+1","floor":31}],"player_experience":37140,"relics_obtained":[{"floor":2,"key":"hubris:MedicalManual"},{"floor":8,"key":"Gremlin Food"},{"floor":11,"key":"Darkstone Periapt"},{"floor":13,"key":"Replay:Rubber Ducky"},{"floor":14,"key":"hubris:SlimyHat"},{"floor":22,"key":"ReplayTheSpireMod:Ring of Exchange"},{"floor":22,"key":"Ring of Misfortune"},{"floor":25,"key":"Pet Ghost"},{"floor":28,"key":"Pantograph"},{"floor":31,"key":"Omamori"}],"event_choices":[{"damage_healed":0,"gold_gain":75,"player_choice":"Gather Gold","damage_taken":11,"max_hp_gain":0,"max_hp_loss":0,"event_name":"World of Goop","floor":6,"gold_loss":0},{"damage_healed":0,"gold_gain":0,"player_choice":"Leave","damage_taken":0,"max_hp_gain":0,"max_hp_loss":0,"event_name":"FaceTrader","floor":16,"gold_loss":0},{"cards_removed":["Looming Evil"],"damage_healed":0,"gold_gain":0,"player_choice":"Removed Curses","damage_taken":0,"max_hp_gain":0,"max_hp_loss":0,"event_name":"Fountain of Cleansing","floor":23,"gold_loss":0},{"damage_healed":0,"gold_gain":0,"player_choice":"Ignored","damage_taken":0,"max_hp_gain":0,"max_hp_loss":0,"event_name":"Cursed Tome","floor":32,"gold_loss":0}],"is_beta":false,"boss_relics":[{"not_picked":["Replay:Fungal Core","Replay:Wanted Poster"],"picked":"SacredBark"}],"items_purged_floors":[],"is_endless":false,"potions_floor_spawned":[1,7,10,14,25,26,30,31],"killed_by":"Chosen and Byrds","ascension_level":0}}