{"host":"0jor5hi4rp0tpy7j","time":1609885759,"event":{"mods":["AchievementEnabler","BaseMod","Better Match","Better Note","Colored Map","Colored Powertips","Downfall","Highlight Path","Minty Spire (QoL Compilation)","StSLib"],"gold_per_floor":[99,112,132,145,165,90,116,116,116,63,83,108,128,151,166,166,166,166],"floor_reached":16,"playtime":829,"items_purged":[],"score":104,"play_id":"7b8f1427-6e05-461f-878b-dc6c0185dd34","local_time":"20210105232919","is_ascension_mode":false,"campfire_choices":[{"floor":1,"key":"RECALL"},{"data":"champ:StrikeOfGenius","floor":6,"key":"SMITH"}],"circlet_count":0,"master_deck":["champ:Strike","champ:Strike","champ:Strike","champ:Strike","champ:Defend","champ:Defend","champ:Defend","champ:Defend","champ:Execute","champ:Taunt","champ:StrikeOfGenius+1","champ:Control","champ:Encircle","champ:LastStand","champ:Duel","Regret","champ:Duel","champ:ShieldWall","champ:Backstep","champ:HeartStrike","champ:HeartStrike","champ:BerserkersShout"],"relics":["champ:ChampionCrown","downfall:HeartBlessingRed","Bag of Marbles","Boot","Torii"],"acts_visited":["Exordium"],"potions_floor_usage":[5,10,12,16],"damage_taken":[{"damage":6,"enemies":"Cultist","floor":2,"turns":4},{"damage":5,"enemies":"Jaw Worm","floor":3,"turns":3},{"damage":9,"enemies":"Small Slimes","floor":4,"turns":3},{"damage":20,"enemies":"Blue Slaver","floor":5,"turns":2},{"damage":35,"enemies":"downfall:FleeingMerchant","floor":10,"turns":4},{"damage":14,"enemies":"2 Fungi Beasts","floor":11,"turns":3},{"damage":29,"enemies":"Gremlin Nob","floor":12,"turns":5},{"damage":24,"enemies":"Exordium Wildlife","floor":13,"turns":4},{"damage":11,"enemies":"Large Slime","floor":15,"turns":4},{"damage":13,"enemies":"downfall:Silent","floor":16,"turns":2}],"seed_played":"3171807759861877946","potions_obtained":[{"floor":3,"key":"LiquidBronze"},{"floor":4,"key":"Slimebound:ThreeZeroPotion"},{"floor":5,"key":"Energy Potion"},{"floor":15,"key":"SteroidPotion"}],"is_trial":false,"path_per_floor":["R","M","M","M","M","R","T","?","?","$","M","E","M","T","M","B"],"character_chosen":"THE_CHAMP","items_purchased":["champ:ShieldWall"],"campfire_rested":0,"item_purchase_floors":[10],"current_hp_per_floor":[90,89,89,89,77,77,77,77,77,64,56,34,14,14,8,0,0,0],"gold":166,"neow_bonus":"ONE_RANDOM_RARE_CARD","is_daily":false,"chose_seed":false,"campfire_upgraded":1,"win_rate":0.0,"timestamp":1609885759,"path_taken":["R","M","M","?","M","R","T","?","?","$","M","E","M","?","M","BOSS"],"items_purchased_type":["Card"],"build_version":"2020-12-22","purchased_purges":0,"victory":false,"max_hp_per_floor":[90,90,90,90,90,90,90,90,90,90,90,90,90,90,90,90,90,90],"card_choices":[{"not_picked":["champ:AdrenalArmor","champ:PerfectedStrike"],"picked":"champ:Control","floor":2},{"not_picked":["champ:AdrenalArmor","champ:Circumvent"],"picked":"champ:Encircle","floor":3},{"not_picked":["champ:GladiatorsShout","champ:CrookedStrike"],"picked":"champ:LastStand","floor":4},{"not_picked":["champ:AdrenalArmor","champ:DefensiveShout"],"picked":"champ:Duel","floor":5},{"not_picked":["champ:Balance","champ:BerserkersShout"],"picked":"champ:Duel","floor":10},{"not_picked":["champ:DefensiveShout","champ:GladiatorsShout"],"picked":"champ:Backstep","floor":11},{"not_picked":["champ:Encircle","champ:Lariat"],"picked":"champ:HeartStrike","floor":12},{"not_picked":["champ:BladeFlurry","champ:Duel"],"picked":"champ:HeartStrike","floor":13},{"not_picked":["champ:Circumvent","champ:GladiatorStyle"],"picked":"champ:BerserkersShout","floor":15}],"player_experience":353545,"relics_obtained":[{"floor":7,"key":"Bag of Marbles"},{"floor":12,"key":"Torii"}],"event_choices":[{"damage_healed":0,"gold_gain":0,"player_choice":"Box","damage_taken":0,"relics_obtained":["Boot"],"max_hp_gain":0,"max_hp_loss":0,"event_name":"Big Fish","floor":9,"gold_loss":0,"cards_obtained":["Regret"]}],"is_beta":false,"boss_relics":[],"items_purged_floors":[],"is_endless":false,"potions_floor_spawned":[3,4,5,15],"killed_by":"downfall:Silent","ascension_level":0}}