{"host":"kg61lsvem4dxoat8","time":1609863227,"event":{"mods":["BaseMod","Colored Powertips","Minty Spire (QoL Compilation)","Quick Restart","Rare Cards Sparkle","Relic Stats","slay the spire mod where everything is the same but ironclad has a cowboy hat"],"gold_per_floor":[117,117,129,54,54,79,79,10,10,36,36,50,68,88,88,183,183,197,209,209,13,13,13,13,13,37,66,66,66,66,66,66],"floor_reached":31,"playtime":671,"items_purged":["Strike_R","Strike_R"],"score":392,"play_id":"b3fda7b2-6cb0-4597-b8f2-3c90a36c28c2","local_time":"20210106001347","is_ascension_mode":true,"campfire_choices":[{"data":"Uppercut","floor":7,"key":"SMITH"},{"data":"Bash","floor":15,"key":"SMITH"},{"data":"RitualDagger","floor":23,"key":"SMITH"},{"data":"Shrug It Off","floor":25,"key":"SMITH"}],"circlet_count":0,"master_deck":["Strike_R+1","Strike_R","Strike_R","Defend_R","Defend_R","Defend_R","Defend_R+1","Bash+1","Twin Strike+1","Shrug It Off+1","Uppercut+1","Inflame+1","Metallicize","True Grit","Shrug It Off","Feed","Clothesline+1","RitualDagger+1","Ghostly Armor"],"relics":["Burning Blood","NeowsBlessing","StoneCalendar","The Courier","Ancient Tea Set","Odd Mushroom","SacredBark","Lee\u0027s Waffle","Strawberry","MealTicket","Regal Pillow"],"acts_visited":["Exordium","TheCity"],"potions_floor_usage":[16,16,16,19,27],"damage_taken":[{"damage":0,"enemies":"Small Slimes","floor":1,"turns":1},{"damage":0,"enemies":"Jaw Worm","floor":3,"turns":1},{"damage":0,"enemies":"Gremlin Nob","floor":6,"turns":1},{"damage":24,"enemies":"3 Sentries","floor":10,"turns":7},{"damage":0,"enemies":"2 Louse","floor":12,"turns":3},{"damage":6,"enemies":"Red Slaver","floor":13,"turns":2},{"damage":13,"enemies":"The Mushroom Lair","floor":14,"turns":4},{"damage":20,"enemies":"Slime Boss","floor":16,"turns":8},{"damage":14,"enemies":"Chosen","floor":18,"turns":5},{"damage":19,"enemies":"Shell Parasite","floor":19,"turns":4},{"damage":72,"enemies":"Gremlin Leader","floor":27,"turns":8},{"damage":41,"enemies":"Centurion and Healer","floor":31,"turns":5}],"seed_played":"57132895403694749","potions_obtained":[{"floor":3,"key":"FearPotion"},{"floor":12,"key":"Regen Potion"},{"floor":13,"key":"Swift Potion"},{"floor":14,"key":"Strength Potion"},{"floor":16,"key":"AttackPotion"},{"floor":19,"key":"Weak Potion"},{"floor":27,"key":"Dexterity Potion"}],"is_trial":false,"path_per_floor":["M","?","M","$","?","E","R","$","T","E","?","M","M","?","R","B",null,"M","M","?","$","?","R","?","R","T","E","?","$","$","M"],"character_chosen":"IRONCLAD","items_purchased":["Inflame","Lee\u0027s Waffle"],"campfire_rested":0,"item_purchase_floors":[8,21],"current_hp_per_floor":[78,78,80,80,64,70,70,70,70,52,52,58,58,51,51,52,73,65,52,46,87,94,94,94,94,94,28,9,24,39,0,0],"gold":66,"neow_bonus":"THREE_ENEMY_KILL","is_daily":false,"chose_seed":false,"campfire_upgraded":4,"win_rate":0.0,"timestamp":1609863227,"path_taken":["M","?","M","$","?","E","R","$","T","E","?","M","?","?","R","BOSS","M","M","?","$","?","R","?","R","T","E","?","?","$","M"],"items_purchased_type":["Card","Relic"],"build_version":"2020-12-22","purchased_purges":2,"victory":false,"max_hp_per_floor":[80,80,80,80,80,80,80,80,80,80,80,80,80,80,80,80,80,80,80,80,87,94,94,94,94,94,94,99,99,99,99,99],"relic_stats":{"Lee\u0027s Waffle":41,"Regal Pillow":0,"counters":[12,49],"StoneCalendar":[194],"MealTicket":30,"obtain_stats":[{"Lee\u0027s Waffle":21,"Regal Pillow":27,"NeowsBlessing":0,"SacredBark":17,"Strawberry":22,"StoneCalendar":6,"MealTicket":26,"The Courier":9,"Odd Mushroom":14,"Ancient Tea Set":10,"Burning Blood":0},{"Lee\u0027s Waffle":10,"Regal Pillow":11,"NeowsBlessing":0,"SacredBark":8,"Strawberry":10,"StoneCalendar":3,"MealTicket":10,"The Courier":3,"Odd Mushroom":7,"Ancient Tea Set":4,"Burning Blood":0},{"Lee\u0027s Waffle":36,"Regal Pillow":44,"NeowsBlessing":0,"SacredBark":27,"Strawberry":36,"StoneCalendar":3,"MealTicket":36,"The Courier":3,"Odd Mushroom":19,"Ancient Tea Set":10,"Burning Blood":0}],"Burning Blood":62},"card_choices":[{"not_picked":["Perfected Strike","Armaments"],"picked":"Twin Strike","floor":1},{"not_picked":["Clothesline","True Grit"],"picked":"Shrug It Off","floor":3},{"not_picked":["Feel No Pain","Body Slam"],"picked":"Uppercut","floor":6},{"not_picked":["Havoc","Sword Boomerang"],"picked":"Metallicize","floor":10},{"not_picked":["Thunderclap","Sword Boomerang"],"picked":"True Grit","floor":12},{"not_picked":["True Grit","Wild Strike","Anger"],"picked":"SKIP","floor":13},{"not_picked":["Wild Strike","Twin Strike"],"picked":"Shrug It Off","floor":14},{"not_picked":["Exhume","Reaper"],"picked":"Feed","floor":16},{"not_picked":["Thunderclap","Cleave","Wild Strike+1"],"picked":"SKIP","floor":18},{"not_picked":["Pommel Strike","Perfected Strike"],"picked":"Clothesline+1","floor":19},{"not_picked":["Rampage","Warcry"],"picked":"Ghostly Armor","floor":27}],"player_experience":1303433,"relics_obtained":[{"floor":6,"key":"StoneCalendar"},{"floor":9,"key":"The Courier"},{"floor":10,"key":"Ancient Tea Set"},{"floor":14,"key":"Odd Mushroom"},{"floor":26,"key":"MealTicket"},{"floor":27,"key":"Regal Pillow"}],"event_choices":[{"damage_healed":0,"gold_gain":0,"player_choice":"Grow","damage_taken":0,"max_hp_gain":0,"max_hp_loss":0,"event_name":"Living Wall","floor":2,"gold_loss":0,"cards_upgraded":["Twin Strike"]},{"damage_healed":0,"gold_gain":0,"player_choice":"Entered Light","damage_taken":16,"max_hp_gain":0,"max_hp_loss":0,"event_name":"Shining Light","floor":5,"gold_loss":0,"cards_upgraded":["Defend_R","Strike_R"]},{"damage_healed":0,"gold_gain":0,"player_choice":"Upgraded","damage_taken":0,"max_hp_gain":0,"max_hp_loss":0,"event_name":"Upgrade Shrine","floor":11,"gold_loss":0,"cards_upgraded":["Inflame"]},{"damage_healed":0,"gold_gain":0,"player_choice":"Fought Mushrooms","damage_taken":0,"max_hp_gain":0,"max_hp_loss":0,"event_name":"Mushrooms","floor":14,"gold_loss":0},{"damage_healed":0,"gold_gain":0,"player_choice":"Joined the Cult","damage_taken":6,"max_hp_gain":0,"max_hp_loss":0,"event_name":"Nest","floor":20,"gold_loss":0,"cards_obtained":["RitualDagger"]},{"damage_healed":0,"gold_gain":0,"player_choice":"Opened","damage_taken":0,"relics_obtained":["Strawberry"],"max_hp_gain":0,"max_hp_loss":0,"event_name":"The Mausoleum","floor":22,"gold_loss":0},{"damage_healed":0,"gold_gain":0,"player_choice":"Ignored","damage_taken":0,"max_hp_gain":0,"max_hp_loss":0,"event_name":"Ghosts","floor":24,"gold_loss":0},{"damage_healed":0,"gold_gain":0,"player_choice":"Shed Blood","damage_taken":24,"max_hp_gain":5,"max_hp_loss":0,"event_name":"Forgotten Altar","floor":28,"gold_loss":0}],"is_beta":false,"boss_relics":[{"not_picked":["Runic Cube","Coffee Dripper"],"picked":"SacredBark"}],"items_purged_floors":[4,21],"is_endless":false,"potions_floor_spawned":[3,12,13,14,16,19,27],"killed_by":"Centurion and Healer","ascension_level":6}}