{"host":"mydft8i2zzydgggw","time":1609861894,"event":{"mods":["AchievementEnabler","BaseMod","BetterRewards","Colored Map","Colored Powertips","DeckTracker","Keyboard Shortcuts","Minty Spire (QoL Compilation)","Quick Restart","Rare Cards Sparkle","StSLib","SuperFastMode","The Poker Player","everything is the same but u backflip on backflip"],"gold_per_floor":[119,119,131,145,165,191,201,211,211,236,236,252,252,282,282,378,378,389,389,389,406,424,424,424,424],"floor_reached":24,"playtime":750,"items_purged":[],"score":270,"play_id":"0ce32db2-c6c1-403a-81b9-6d71fb48670b","local_time":"20210106005134","is_ascension_mode":true,"campfire_choices":[{"data":"ConjureBlade","floor":11,"key":"SMITH"},{"data":"Eruption","floor":15,"key":"SMITH"},{"floor":23,"key":"REST"}],"circlet_count":0,"master_deck":["Strike_P","Strike_P","Strike_P","Strike_P+1","Defend_P+1","Defend_P","Defend_P","Defend_P","Eruption+1","Vigilance+1","Pain","TalkToTheHand","WheelKick","DeceiveReality","Halt","EmptyFist+1","ConjureBlade+1","Adaptation","Vault"],"relics":["PureWater","NeowsBlessing","WarpedTongs","Omamori","Strawberry","Whetstone","War Paint","VioletLotus","Letter Opener"],"acts_visited":["Exordium","TheCity"],"potions_floor_usage":[6,7,10,16,21],"damage_taken":[{"damage":0,"enemies":"Small Slimes","floor":1,"turns":1},{"damage":1,"enemies":"Cultist","floor":3,"turns":1},{"damage":0,"enemies":"2 Louse","floor":4,"turns":1},{"damage":0,"enemies":"2 Fungi Beasts","floor":5,"turns":2},{"damage":6,"enemies":"Lagavulin","floor":6,"turns":7},{"damage":9,"enemies":"Exordium Thugs","floor":7,"turns":4},{"damage":10,"enemies":"Exordium Wildlife","floor":8,"turns":4},{"damage":11,"enemies":"Gremlin Nob","floor":10,"turns":3},{"damage":12,"enemies":"Red Slaver","floor":12,"turns":4},{"damage":27,"enemies":"Hexaghost","floor":16,"turns":8},{"damage":34,"enemies":"3 Byrds","floor":18,"turns":6},{"damage":14,"enemies":"2 Thieves","floor":21,"turns":4},{"damage":12,"enemies":"Snecko","floor":22,"turns":4},{"damage":48,"enemies":"Centurion and Healer","floor":24,"turns":7}],"seed_played":"-8559448749415299405","potions_obtained":[{"floor":4,"key":"StancePotion"},{"floor":5,"key":"BlessingOfTheForge"},{"floor":8,"key":"Fire Potion"},{"floor":10,"key":"StancePotion"},{"floor":16,"key":"FearPotion"}],"is_trial":false,"path_per_floor":["M","?","M","M","M","E","M","M","T","E","R","M","?","?","R","B",null,"M","?","T","M","M","R","M"],"character_chosen":"WATCHER","items_purchased":[],"campfire_rested":1,"item_purchase_floors":[],"current_hp_per_floor":[72,72,71,71,71,65,56,46,53,42,42,30,56,56,56,29,79,45,45,45,31,19,42,0,0],"gold":424,"neow_bonus":"THREE_ENEMY_KILL","is_daily":false,"chose_seed":false,"campfire_upgraded":2,"win_rate":0.0,"timestamp":1609861894,"path_taken":["M","?","?","?","M","E","M","M","T","E","R","M","?","?","R","BOSS","M","?","?","M","M","R","?"],"items_purchased_type":[],"build_version":"2020-12-22","purchased_purges":0,"victory":false,"max_hp_per_floor":[72,72,72,72,72,72,72,72,79,79,79,79,79,79,79,79,79,79,79,79,79,79,79,79,79],"card_choices":[{"not_picked":["Protect","Swivel","Wireheading"],"picked":"SKIP","floor":1},{"not_picked":["ThirdEye","JustLucky"],"picked":"TalkToTheHand","floor":3},{"not_picked":["Protect","Sanctity"],"picked":"WheelKick","floor":4},{"not_picked":["CutThroughFate","WheelKick"],"picked":"DeceiveReality","floor":5},{"not_picked":["Study","Crescendo"],"picked":"Halt","floor":6},{"not_picked":["Protect","FlyingSleeves"],"picked":"EmptyFist","floor":7},{"not_picked":["FollowUp","CarveReality"],"picked":"ConjureBlade","floor":8},{"not_picked":["Halt","EmptyBody"],"picked":"Adaptation","floor":10},{"not_picked":["CrushJoints","FollowUp","CutThroughFate"],"picked":"SKIP","floor":12},{"not_picked":["Alpha","Omniscience"],"picked":"Vault","floor":16},{"not_picked":["BowlingBash","CrushJoints","Protect"],"picked":"SKIP","floor":18},{"not_picked":["Fasting2+1","SashWhip","Crescendo"],"picked":"SKIP","floor":21},{"not_picked":["Vengeance","MasterReality","FollowUp"],"picked":"SKIP","floor":22}],"player_experience":107115,"relics_obtained":[{"floor":6,"key":"Omamori"},{"floor":9,"key":"Strawberry"},{"floor":10,"key":"Whetstone"},{"floor":20,"key":"Letter Opener"}],"event_choices":[{"damage_healed":0,"gold_gain":0,"player_choice":"Rummage","damage_taken":0,"relics_obtained":["WarpedTongs"],"max_hp_gain":0,"max_hp_loss":0,"event_name":"Accursed Blacksmith","floor":2,"gold_loss":0,"cards_obtained":["Pain"]},{"damage_healed":26,"gold_gain":0,"player_choice":"Banana","damage_taken":0,"max_hp_gain":0,"max_hp_loss":0,"event_name":"Big Fish","floor":13,"gold_loss":0},{"damage_healed":0,"gold_gain":30,"player_choice":"Searched \u00272\u0027 times","damage_taken":0,"relics_obtained":["War Paint"],"max_hp_gain":0,"max_hp_loss":0,"event_name":"Dead Adventurer","floor":14,"gold_loss":0},{"damage_healed":0,"gold_gain":0,"player_choice":"Ignored","damage_taken":0,"max_hp_gain":0,"max_hp_loss":0,"event_name":"Ghosts","floor":19,"gold_loss":0}],"is_beta":false,"boss_relics":[{"not_picked":["Runic Dome","Snecko Eye"],"picked":"VioletLotus"}],"items_purged_floors":[],"is_endless":false,"potions_floor_spawned":[4,5,8,10,16],"killed_by":"Centurion and Healer","ascension_level":3}}