{"host":"nc31xc38ptxi6d4c","time":1609818206,"event":{"mods":["BaseMod","Curses Come First","Evolution","Minty Spire (QoL Compilation)","StSLib"],"gold_per_floor":[119,194,253,268,69,69,83,116,116,142,161,180,86,105,105,201,201,212,127,127,127,138,138,153,153,153,17,34,34,65,84,84,184,184,199,199,44,62,81,81,100,110,110,110,123,136,136,148,148,148,148],"floor_reached":50,"playtime":2587,"items_purged":["Strike_G","Strike_G"],"score":578,"play_id":"35bdcae9-4285-4fd4-865c-f91628ddf509","local_time":"20210104214326","is_ascension_mode":false,"campfire_choices":[{"data":"Accuracy","floor":6,"key":"SMITH"},{"floor":15,"key":"REST"},{"floor":23,"key":"REST"},{"data":"A Thousand Cuts","floor":25,"key":"SMITH"},{"data":"Infinite Blades","floor":32,"key":"SMITH"},{"floor":47,"key":"REST"},{"floor":49,"key":"REST"}],"circlet_count":0,"master_deck":["Defend_G","Defend_G","Defend_G","Defend_G","Defend_G","Survivor","Die Die Die","Blade Dance","Infinite Blades+1","Accuracy+1","Cloak And Dagger","Burst","Dagger Throw","Blade Dance","Cloak And Dagger","A Thousand Cuts+1","Finisher+1","Accuracy","Adrenaline","Storm of Steel","Outmaneuver+1","Backflip+1","Parasite","Blade Dance+1","Infinite Blades"],"relics":["Ring of the Snake","EVO:Axolotl","Lizard Tail","Centennial Puzzle","Empty Cage","Dream Catcher","MutagenicStrength","Meat on the Bone","Singing Bowl","WristBlade","MealTicket","Toxic Egg 2"],"acts_visited":["Exordium","TheCity","TheBeyond"],"potions_floor_usage":[28,30,33,33,39,41,46,46],"damage_taken":[{"damage":0,"enemies":"2 Louse","floor":1,"turns":1},{"damage":0,"enemies":"Small Slimes","floor":4,"turns":1},{"damage":0,"enemies":"Jaw Worm","floor":7,"turns":3},{"damage":13,"enemies":"3 Sentries","floor":8,"turns":6},{"damage":17,"enemies":"Lagavulin","floor":10,"turns":4},{"damage":3,"enemies":"Looter","floor":11,"turns":4},{"damage":5,"enemies":"Gremlin Gang","floor":12,"turns":3},{"damage":1,"enemies":"Red Slaver","floor":14,"turns":4},{"damage":0,"enemies":"Slime Boss","floor":16,"turns":8},{"damage":15,"enemies":"Chosen","floor":18,"turns":6},{"damage":8,"enemies":"3 Byrds","floor":22,"turns":4},{"damage":12,"enemies":"Centurion and Healer","floor":24,"turns":4},{"damage":4,"enemies":"Chosen and Byrds","floor":28,"turns":3},{"damage":17,"enemies":"Book of Stabbing","floor":30,"turns":4},{"damage":11,"enemies":"Snake Plant","floor":31,"turns":3},{"damage":18,"enemies":"Collector","floor":33,"turns":4},{"damage":15,"enemies":"3 Darklings","floor":35,"turns":2},{"damage":10,"enemies":"Orb Walker","floor":38,"turns":2},{"damage":0,"enemies":"Transient","floor":39,"turns":5},{"damage":2,"enemies":"Writhing Mass","floor":41,"turns":2},{"damage":10,"enemies":"3 Darklings","floor":42,"turns":3},{"damage":44,"enemies":"Jaw Worm Horde","floor":45,"turns":3},{"damage":31,"enemies":"Writhing Mass","floor":46,"turns":4},{"damage":42,"enemies":"Transient","floor":48,"turns":5},{"damage":71,"enemies":"Donu and Deca","floor":50,"turns":4}],"seed_played":"-4652474316529566491","potions_obtained":[{"floor":8,"key":"CultistPotion"},{"floor":10,"key":"Dexterity Potion"},{"floor":16,"key":"SkillPotion"},{"floor":22,"key":"Fire Potion"},{"floor":24,"key":"Energy Potion"},{"floor":28,"key":"SneckoOil"},{"floor":30,"key":"LiquidMemories"},{"floor":38,"key":"DistilledChaos"},{"floor":42,"key":"ColorlessPotion"},{"floor":45,"key":"SneckoOil"}],"is_trial":false,"path_per_floor":["M","?","?","M","$","R","M","E","T","E","M","M","$","M","R","B",null,"M","?","?","?","M","R","M","R","T","$","M","?","E","M","R","B",null,"M","?","$","M","M","?","M","M","T","?","M","M","R","M","R","B"],"character_chosen":"THE_SILENT","items_purchased":["Accuracy","Cloak And Dagger","Blade Dance","Cloak And Dagger","Accuracy","MealTicket"],"campfire_rested":4,"item_purchase_floors":[5,5,13,13,27,37],"current_hp_per_floor":[70,59,59,59,59,59,59,46,46,29,26,21,21,20,41,41,70,55,55,55,55,47,68,56,56,56,56,52,52,49,40,40,34,74,61,61,61,51,53,53,53,45,45,45,13,36,60,32,59,0,0],"gold":148,"neow_bonus":"ONE_RANDOM_RARE_CARD","is_daily":false,"chose_seed":false,"campfire_upgraded":3,"win_rate":0.0,"timestamp":1609818206,"path_taken":["M","?","?","M","$","R","M","E","T","E","M","M","$","M","R","BOSS","M","?","?","?","?","R","M","R","T","?","M","?","E","M","R","BOSS","M","?","$","M","M","?","M","?","T","?","M","M","R","M","R","BOSS"],"items_purchased_type":["Card","Card","Card","Card","Card","Relic"],"build_version":"2020-12-22","purchased_purges":2,"victory":false,"max_hp_per_floor":[70,70,70,70,70,70,70,70,70,70,70,70,70,70,70,70,70,70,70,70,70,70,70,70,70,70,70,70,70,72,74,74,74,74,76,76,76,76,78,78,80,82,82,82,82,82,82,84,86,86,86],"card_choices":[{"not_picked":["Deflect","Flying Knee"],"picked":"Blade Dance","floor":1},{"not_picked":["Reflex","Dagger Spray"],"picked":"Infinite Blades","floor":4},{"not_picked":["PiercingWail","Distraction","Calculated Gamble"],"picked":"SKIP","floor":7},{"not_picked":["Distraction","Backflip"],"picked":"Burst","floor":8},{"not_picked":["Blur","Bouncing Flask"],"picked":"Dagger Throw","floor":10},{"not_picked":["Dodge and Roll","Skewer","Masterful Stab"],"picked":"SKIP","floor":11},{"not_picked":["Backflip","Reflex","Dash"],"picked":"SKIP","floor":12},{"not_picked":["Calculated Gamble","Acrobatics","Masterful Stab"],"picked":"SKIP","floor":14},{"not_picked":["Wraith Form v2","Corpse Explosion"],"picked":"A Thousand Cuts","floor":16},{"not_picked":["Prepared","PiercingWail","Deflect"],"picked":"SKIP","floor":18},{"not_picked":["Dodge and Roll","Outmaneuver","Expertise+1"],"picked":"SKIP","floor":22},{"not_picked":["Cloak And Dagger+1","Backstab"],"picked":"Finisher+1","floor":23},{"not_picked":["All Out Attack+1","Outmaneuver","Heel Hook"],"picked":"SKIP","floor":24},{"not_picked":["Distraction+1","Catalyst","Wraith Form v2"],"picked":"SKIP","floor":28},{"not_picked":["Choke","Cloak And Dagger","Endless Agony"],"picked":"Singing Bowl","floor":30},{"not_picked":["Choke","Flying Knee","Slice"],"picked":"Singing Bowl","floor":31},{"not_picked":["Venomology","Unload"],"picked":"Storm of Steel","floor":33},{"not_picked":["Well Laid Plans","Quick Slash+1","Sucker Punch"],"picked":"Singing Bowl","floor":35},{"not_picked":["Deflect+1","Terror+1"],"picked":"Outmaneuver+1","floor":38},{"not_picked":["Flying Knee+1","Distraction+1","Prepared"],"picked":"Singing Bowl","floor":39},{"not_picked":["Blur","Distraction","Prepared+1"],"picked":"Singing Bowl","floor":41},{"not_picked":["Riddle With Holes+1","PiercingWail+1","Footwork"],"picked":"Singing Bowl","floor":42},{"not_picked":["Deflect+1","Bane"],"picked":"Backflip+1","floor":45},{"not_picked":["Slice","Noxious Fumes+1"],"picked":"Blade Dance+1","floor":46},{"not_picked":["Leg Sweep+1","Expertise+1"],"picked":"Infinite Blades","floor":47},{"not_picked":["Poisoned Stab","Leg Sweep+1","Deadly Poison+1"],"picked":"Singing Bowl","floor":48},{"not_picked":["Underhanded Strike+1","Escape Plan+1","Quick Slash"],"picked":"Singing Bowl","floor":49}],"player_experience":124674,"relics_obtained":[{"floor":8,"key":"Lizard Tail"},{"floor":10,"key":"Centennial Puzzle"},{"floor":26,"key":"Meat on the Bone"},{"floor":30,"key":"Singing Bowl"},{"floor":43,"key":"Toxic Egg 2"}],"event_choices":[{"damage_healed":0,"gold_gain":75,"player_choice":"Gather Gold","damage_taken":11,"max_hp_gain":0,"max_hp_loss":0,"event_name":"World of Goop","floor":2,"gold_loss":0},{"damage_healed":0,"gold_gain":59,"player_choice":"Gained Gold","damage_taken":0,"max_hp_gain":0,"max_hp_loss":0,"event_name":"Golden Wing","floor":3,"gold_loss":0},{"damage_healed":0,"gold_gain":0,"player_choice":"Obtained Relic","damage_taken":0,"relics_obtained":["Dream Catcher"],"max_hp_gain":0,"max_hp_loss":0,"event_name":"Addict","floor":19,"gold_loss":85},{"damage_healed":0,"gold_gain":0,"player_choice":"Inject Mutagens","damage_taken":0,"relics_obtained":["MutagenicStrength"],"max_hp_gain":0,"max_hp_loss":0,"event_name":"Drug Dealer","floor":20,"gold_loss":0},{"cards_removed":["Strike_G"],"damage_healed":0,"gold_gain":0,"player_choice":"Purged","damage_taken":0,"max_hp_gain":0,"max_hp_loss":0,"event_name":"Purifier","floor":21,"gold_loss":0},{"damage_healed":0,"gold_gain":0,"player_choice":"1 cards matched","damage_taken":0,"max_hp_gain":0,"max_hp_loss":0,"event_name":"Match and Keep!","floor":29,"gold_loss":0,"cards_obtained":["Adrenaline"]},{"cards_removed":["Neutralize"],"damage_healed":0,"gold_gain":0,"player_choice":"Removed Attack","damage_taken":0,"max_hp_gain":0,"max_hp_loss":0,"event_name":"Falling","floor":36,"gold_loss":0},{"damage_healed":0,"gold_gain":0,"player_choice":"Ignored","damage_taken":0,"max_hp_gain":0,"max_hp_loss":0,"event_name":"NoteForYourself","floor":40,"gold_loss":0},{"damage_healed":0,"gold_gain":0,"player_choice":"Ignored","damage_taken":0,"max_hp_gain":0,"max_hp_loss":0,"event_name":"SecretPortal","floor":44,"gold_loss":0}],"is_beta":false,"boss_relics":[{"not_picked":["Runic Pyramid","Runic Dome"],"picked":"Empty Cage"},{"not_picked":["Snecko Eye","SlaversCollar"],"picked":"WristBlade"}],"items_purged_floors":[5,27],"is_endless":false,"potions_floor_spawned":[8,10,16,22,24,28,30,38,42,45],"killed_by":"Donu and Deca","ascension_level":0}}