{"host":"2nhpogk5xa0u9xre","time":1609878629,"event":{"mods":["Aspiration","BaseMod","Colored Powertips","Googly Eyes","Hubris","Infinite Spire","Minty Spire (QoL Compilation)","Rare Cards Sparkle","Replay The Spire","StSLib","The Construct","The Hayseed","The Hierophant","The Runesmith","The Senshi","everything is the same but u backflip on backflip"],"gold_per_floor":[116,116,129,99,114,114,143,143,170,223,234,262,276,276,276,374,374,384,395,28,39,59,59,59,59],"floor_reached":24,"playtime":1084,"items_purged":["theSenshi:MoonCrisisMakeUp"],"score":210,"play_id":"ddd705de-cf32-4f83-a930-909c87161bcf","local_time":"20210105153029","is_ascension_mode":false,"campfire_choices":[{"data":"theSenshi:MoonKick","floor":6,"key":"SMITH"},{"data":"theSenshi:MoonPrismPowerMakeUp","floor":8,"key":"SMITH"},{"data":"theSenshi:MoonCrisisMakeUp","floor":15,"key":"SMITH"},{"floor":23,"key":"REST"}],"circlet_count":0,"master_deck":["theSenshi:SailorKick","theSenshi:SailorKick","theSenshi:SailorKick","theSenshi:SailorKick","theSenshi:SailorBlock","theSenshi:SailorBlock","theSenshi:SailorBlock","theSenshi:SailorBlock","theSenshi:RoseThrow","theSenshi:MoonPrismPowerMakeUp+1","theSenshi:Sidestep","theSenshi:TuxedoSmokingBomber","theSenshi:MoonKick+1","theSenshi:UranusStrength","theSenshi:MoonCrisisMakeUp+1","theSenshi:SailorVenusAssists","theSenshi:WarriorOfTheMoon","theSenshi:MoonCosmicPowerMakeUp","theSenshi:VenusGlamour+1","Mayhem","theSenshi:SteeledNerves","theSenshi:IWillPunishYou"],"relics":["theSenshi:TransformationBroochRelic","hubris:Towel","Pen Nib","theSenshi:CrystalStarRelic","Smiling Mask","Tiny Chest","construct:ClawGrip","Boot"],"acts_visited":["Exordium","TheCity"],"potions_floor_usage":[7,7,12,16],"damage_taken":[{"damage":2,"enemies":"Jaw Worm","floor":1,"turns":5},{"damage":3,"enemies":"2 Louse","floor":3,"turns":4},{"damage":0,"enemies":"Cultist","floor":5,"turns":3},{"damage":16,"enemies":"Gremlin Nob","floor":7,"turns":4},{"damage":9,"enemies":"Exordium Wildlife","floor":11,"turns":3},{"damage":6,"enemies":"Lagavulin","floor":12,"turns":5},{"damage":2,"enemies":"2 Fungi Beasts","floor":13,"turns":3},{"damage":0,"enemies":"Gremlin Gang","floor":14,"turns":3},{"damage":46,"enemies":"Slime Boss","floor":16,"turns":14},{"damage":6,"enemies":"Spheric Guardian","floor":18,"turns":6},{"damage":19,"enemies":"3 Byrds","floor":19,"turns":9},{"damage":23,"enemies":"Snake Plant","floor":21,"turns":5},{"damage":24,"enemies":"3 Cultists","floor":22,"turns":5},{"damage":56,"enemies":"Slavers","floor":24,"turns":4}],"seed_played":"-1203603235220140534","potions_obtained":[{"floor":3,"key":"Adrenaline Potion"},{"floor":4,"key":"EssenceOfSteel"},{"floor":4,"key":"Reflective Coating"},{"floor":11,"key":"Regen Potion"},{"floor":16,"key":"Elixir"}],"is_trial":false,"path_per_floor":["M","?","M","?","M","R","E","R","T","T","M","E","M","M","R","B",null,"M","M","$","M","M","R","E"],"character_chosen":"THE_SENSHI","items_purchased":["Mayhem","Boot"],"campfire_rested":1,"item_purchase_floors":[20,20],"current_hp_per_floor":[73,73,70,70,70,70,54,54,54,54,47,57,57,59,59,19,75,69,58,58,39,21,43,0,0],"gold":59,"neow_bonus":"THREE_CARDS","is_daily":false,"chose_seed":false,"campfire_upgraded":3,"win_rate":0.0,"timestamp":1609878629,"path_taken":["M","?","M","?","?","R","E","R","T","?","M","E","M","M","R","BOSS","M","M","$","M","M","R","E"],"items_purchased_type":["Card","Relic"],"build_version":"2020-12-22","purchased_purges":1,"victory":false,"max_hp_per_floor":[75,75,75,75,75,75,75,75,75,75,75,75,75,75,75,75,75,75,75,75,75,75,75,75,75],"card_choices":[{"not_picked":["theSenshi:InTheNickOfTime","theSenshi:EncouragingSpeech"],"picked":"theSenshi:Sidestep","floor":0},{"not_picked":["theSenshi:LateForSchool","theSenshi:MoonsReflection"],"picked":"theSenshi:TuxedoSmokingBomber","floor":1},{"not_picked":["theSenshi:LateForSchool","theSenshi:TuxedoSmokingBomber"],"picked":"theSenshi:MoonKick","floor":3},{"not_picked":["theSenshi:Sidestep","theSenshi:HesSoDreamy"],"picked":"theSenshi:UranusStrength","floor":5},{"not_picked":["theSenshi:DramaticEntrance","theSenshi:MoonPower","theSenshi:LateForSchool"],"picked":"SKIP","floor":7},{"not_picked":["theSenshi:VenusGlamour","theSenshi:MoonSpiralHeartAttack"],"picked":"theSenshi:MoonCrisisMakeUp","floor":11},{"not_picked":["theSenshi:MoonTwilightFlash","theSenshi:NeptunesGrace"],"picked":"theSenshi:SailorVenusAssists","floor":12},{"not_picked":["theSenshi:OdangoHead","theSenshi:DramaticEntrance"],"picked":"theSenshi:MoonCrisisMakeUp","floor":13},{"not_picked":["theSenshi:MoonPower","theSenshi:Sidestep","theSenshi:EncouragingSpeech"],"picked":"SKIP","floor":14},{"not_picked":["theSenshi:MoonGorgeousMeditation","theSenshi:InTheNameOfTheMoon"],"picked":"theSenshi:WarriorOfTheMoon","floor":16},{"not_picked":["theSenshi:MoonPunch","theSenshi:SailorPlanetAttack"],"picked":"theSenshi:MoonCosmicPowerMakeUp","floor":18},{"not_picked":["theSenshi:LunasBite+1","theSenshi:YouCanTalk"],"picked":"theSenshi:VenusGlamour+1","floor":19},{"not_picked":["theSenshi:LateForSchool","theSenshi:SailorVenusAssists"],"picked":"theSenshi:SteeledNerves","floor":21},{"not_picked":["theSenshi:TallSilhouette","theSenshi:SupersonicWaves"],"picked":"theSenshi:IWillPunishYou","floor":22}],"player_experience":210168,"relics_obtained":[{"floor":7,"key":"Pen Nib"},{"floor":9,"key":"theSenshi:CrystalStarRelic"},{"floor":10,"key":"Smiling Mask"},{"floor":12,"key":"Tiny Chest"}],"event_choices":[{"damage_healed":0,"gold_gain":0,"player_choice":"Bought 2 Potions","damage_taken":0,"max_hp_gain":0,"max_hp_loss":0,"event_name":"The Woman in Blue","floor":4,"gold_loss":0}],"is_beta":false,"boss_relics":[{"not_picked":["Philosopher\u0027s Stone","Ring of Chaos"],"picked":"construct:ClawGrip"}],"items_purged_floors":[20],"is_endless":false,"potions_floor_spawned":[3,5,11,16],"killed_by":"Slavers","ascension_level":0}}