{"host":"wuk1ltmmka824l9y","time":1609848260,"event":{"mods":["AchievementEnabler","BaseMod","Custom Start","DeckTracker","Minty Spire (QoL Compilation)","Quick Restart","StSLib","SuperFastMode"],"gold_per_floor":[111,122,138,138,151,151,151],"floor_reached":6,"playtime":181,"items_purged":[],"score":40,"play_id":"03767c52-be97-4471-9aff-7a495ff25102","local_time":"20210105210420","is_ascension_mode":true,"campfire_choices":[],"circlet_count":0,"master_deck":["Strike_P","Strike_P","Strike_P","Strike_P","Defend_P","Defend_P","Defend_P","Defend_P","Eruption","Vigilance","Panacea","FlyingSleeves","FlurryOfBlows","Evaluate","FlurryOfBlows"],"relics":["PureWater","Golden Idol"],"acts_visited":["Exordium"],"potions_floor_usage":[],"damage_taken":[{"damage":0.0,"enemies":"Small Slimes","floor":1.0,"turns":2.0},{"damage":3.0,"enemies":"Jaw Worm","floor":2.0,"turns":3.0},{"damage":0.0,"enemies":"Cultist","floor":3.0,"turns":2.0},{"damage":27.0,"enemies":"Exordium Wildlife","floor":5.0,"turns":3.0},{"damage":36,"enemies":"Lagavulin","floor":6,"turns":4}],"seed_played":"-1864412396481508663","potions_obtained":[{"floor":1.0,"key":"LiquidBronze"}],"is_trial":false,"path_per_floor":["M","M","M","?","M","E"],"character_chosen":"WATCHER","items_purchased":[],"campfire_rested":0,"item_purchase_floors":[],"current_hp_per_floor":[72,69,69,51,24,0,0],"gold":151,"neow_bonus":"RANDOM_COLORLESS","is_daily":false,"chose_seed":false,"campfire_upgraded":0,"win_rate":0.0,"timestamp":1609848260,"path_taken":["M","M","M","?","M","E"],"items_purchased_type":[],"build_version":"2020-12-22","purchased_purges":0,"victory":false,"max_hp_per_floor":[72,72,72,72,72,72,72],"card_choices":[{"not_picked":["Forethought","Good Instincts"],"picked":"Panacea","floor":0.0},{"not_picked":["Consecrate","CutThroughFate"],"picked":"FlyingSleeves","floor":1.0},{"not_picked":["Indignation","PathToVictory"],"picked":"FlurryOfBlows","floor":2.0},{"not_picked":["Protect","Swivel"],"picked":"Evaluate","floor":3.0},{"not_picked":["WheelKick","SashWhip"],"picked":"FlurryOfBlows","floor":5.0}],"player_experience":351825,"relics_obtained":[],"event_choices":[{"damage_healed":0.0,"max_hp_gain":0.0,"max_hp_loss":0.0,"gold_gain":0.0,"event_name":"Golden Idol","player_choice":"Take Damage","floor":4.0,"gold_loss":0.0,"damage_taken":18.0,"relics_obtained":["Golden Idol"]}],"is_beta":false,"boss_relics":[],"items_purged_floors":[],"is_endless":false,"potions_floor_spawned":[1],"killed_by":"Lagavulin","ascension_level":1}}