{"host":"51mqhfpmwwd4kxyt","time":1609838126,"event":{"mods":["BaseMod","Downfall","Googly Eyes","Highlight Path","Minty Spire (QoL Compilation)","READ ME - Guardian Mod","StSLib","The Cursed","The Servant 0.9.4"],"gold_per_floor":[362,362,427,12,76,104,104,154,154,154,221,221,239,272,272,371,371,389,439,457,144,211,238,238,387,387,402,402,419,98,111,111,215,215,235,285,60,160,177,206,222,234,234,16,47,97,127,137,137,137,137],"floor_reached":50,"playtime":2731,"items_purged":["Skewer","Riddle With Holes"],"score":865,"play_id":"54c03d10-61c7-493a-b783-8c5fe0de2df4","local_time":"20210105041526","is_ascension_mode":true,"campfire_choices":[{"floor":7,"key":"REST"},{"data":"Burst","floor":10,"key":"SMITH"},{"floor":12,"key":"REST"},{"data":"Calculated Gamble","floor":15,"key":"SMITH"},{"floor":24,"key":"REST"},{"floor":28,"key":"REST"},{"data":"Apotheosis","floor":32,"key":"SMITH"},{"floor":49,"key":"RECALL"}],"circlet_count":0,"master_deck":["Survivor","Neutralize","Parasite","Underhanded Strike","Calculated Gamble+1","Reflex","Dagger Throw","Acrobatics","Corpse Explosion","Burst+1","Acrobatics","Footwork","Adrenaline","Outmaneuver","Prepared","Choke","Deadly Poison","Caltrops","Acrobatics","Adrenaline","Reflex","Backflip","Distraction","Apotheosis+1","expansioncontent:Chronoboost","A Thousand Cuts","Underhanded Strike+1","Reflex","After Image","Tactician","Noxious Fumes+1","Tactician","Phantasmal Killer","Madness","Madness"],"relics":["Ring of the Snake","SsserpentHead","Mummified Hand","Boot","HornCleat","Centennial Puzzle","Pandora\u0027s Box","Singing Bowl","Mercury Hourglass","Eternal Feather","Letter Opener","HoveringKite","Kunai","Pocketwatch","Darkstone Periapt","Nunchaku","Pear","Juzu Bracelet"],"acts_visited":["Exordium","TheCity","TheBeyond"],"potions_floor_usage":[11,14,27,42,50],"damage_taken":[{"damage":7,"enemies":"2 Louse","floor":1,"turns":3},{"damage":1,"enemies":"Cultist","floor":3,"turns":4},{"damage":9,"enemies":"Small Slimes","floor":5,"turns":3},{"damage":26,"enemies":"Lagavulin","floor":6,"turns":7},{"damage":0,"enemies":"Gremlin Gang","floor":11,"turns":1},{"damage":11,"enemies":"Large Slime","floor":13,"turns":7},{"damage":0,"enemies":"Gremlin Nob","floor":14,"turns":3},{"damage":41,"enemies":"Hexaghost","floor":16,"turns":12},{"damage":2,"enemies":"Shell Parasite","floor":18,"turns":3},{"damage":2,"enemies":"Spheric Guardian","floor":20,"turns":4},{"damage":18,"enemies":"Snake Plant","floor":22,"turns":2},{"damage":34,"enemies":"Gremlin Leader","floor":23,"turns":4},{"damage":14,"enemies":"Centurion and Healer","floor":27,"turns":2},{"damage":1,"enemies":"Chosen and Byrds","floor":29,"turns":3},{"damage":5,"enemies":"Cultist and Chosen","floor":31,"turns":2},{"damage":16,"enemies":"Champ","floor":33,"turns":3},{"damage":9,"enemies":"3 Darklings","floor":35,"turns":2},{"damage":0,"enemies":"Mind Bloom Boss Battle","floor":38,"turns":1},{"damage":3,"enemies":"Orb Walker","floor":39,"turns":2},{"damage":0,"enemies":"Reptomancer","floor":40,"turns":2},{"damage":1,"enemies":"Spire Growth","floor":41,"turns":2},{"damage":0,"enemies":"4 Shapes","floor":42,"turns":2},{"damage":0,"enemies":"Nemesis","floor":45,"turns":4},{"damage":27,"enemies":"Reptomancer","floor":47,"turns":3},{"damage":0,"enemies":"Transient","floor":48,"turns":1},{"damage":73,"enemies":"Time Eater","floor":50,"turns":4}],"seed_played":"-3169425335119220876","potions_obtained":[{"floor":6,"key":"Energy Potion"},{"floor":11,"key":"Slimebound:ThreeZeroPotion"},{"floor":16,"key":"Explosive Potion"},{"floor":18,"key":"CultistPotion"},{"floor":23,"key":"DuplicationPotion"},{"floor":33,"key":"Fire Potion"},{"floor":36,"key":"Weak Potion"},{"floor":39,"key":"PowerPotion"},{"floor":47,"key":"Explosive Potion"},{"floor":48,"key":"SkillPotion"}],"is_trial":false,"path_per_floor":["M","?","M","$","M","E","R","?","T","R","M","R","M","E","R","B",null,"M","?","M","$","M","E","R","?","T","M","R","M","$","M","R","B",null,"M","?","$","?","M","E","M","M","T","$","E","?","E","M","R","B"],"character_chosen":"THE_SILENT","items_purchased":["Mummified Hand","Calculated Gamble","Reflex","Dagger Throw","Mercury Hourglass","Apotheosis","expansioncontent:Chronoboost","Kunai","Reflex","Nunchaku","Tactician"],"campfire_rested":4,"item_purchase_floors":[4,4,4,4,21,30,30,37,37,44,44],"current_hp_per_floor":[63,63,62,62,53,27,48,48,48,48,48,69,58,58,58,17,70,68,68,66,66,50,16,49,49,49,35,68,69,69,66,76,60,76,67,67,67,67,66,66,65,67,67,67,77,66,41,43,64,0,0],"gold":137,"neow_bonus":"TWO_FIFTY_GOLD","is_daily":false,"chose_seed":false,"campfire_upgraded":3,"win_rate":0.0,"timestamp":1609838126,"path_taken":["M","?","?","$","?","E","R","?","T","R","?","R","M","E","R","BOSS","M","?","M","$","?","E","R","?","T","M","R","M","?","M","R","BOSS","M","?","?","?","M","E","M","M","T","$","E","?","E","M","R","BOSS"],"items_purchased_type":["Relic","Card","Card","Card","Relic","Card","Card","Relic","Card","Relic","Card"],"build_version":"2020-12-22","purchased_purges":2,"victory":false,"max_hp_per_floor":[70,70,70,70,70,70,70,70,70,70,70,70,70,70,70,70,70,70,70,70,70,72,72,72,72,72,72,72,74,74,76,76,76,76,76,76,76,76,78,78,78,80,80,80,90,90,92,94,94,94,94],"card_choices":[{"not_picked":["Poisoned Stab","Flying Knee"],"picked":"Underhanded Strike","floor":1},{"not_picked":["Sucker Punch","Cloak And Dagger","Flying Knee"],"picked":"SKIP","floor":3},{"not_picked":["Blade Dance","PiercingWail"],"picked":"Acrobatics","floor":5},{"not_picked":["PiercingWail","Deflect"],"picked":"Corpse Explosion","floor":6},{"not_picked":["Dagger Throw","Dagger Spray"],"picked":"Acrobatics","floor":11},{"not_picked":["Skewer","Sucker Punch","Dagger Spray"],"picked":"SKIP","floor":13},{"not_picked":["Distraction","Bane"],"picked":"Footwork","floor":14},{"not_picked":["After Image","Grand Finale"],"picked":"Adrenaline","floor":16},{"not_picked":["Cloak And Dagger","PiercingWail","Deadly Poison"],"picked":"SKIP","floor":18},{"not_picked":["Choke+1","Bouncing Flask"],"picked":"Reflex","floor":20},{"not_picked":["Backstab","Bouncing Flask+1","Endless Agony"],"picked":"Singing Bowl","floor":22},{"not_picked":["Noxious Fumes","PiercingWail"],"picked":"Backflip","floor":23},{"not_picked":["Skewer","Deflect"],"picked":"Distraction","floor":27},{"not_picked":["Sucker Punch","Bane","Dagger Throw"],"picked":"Singing Bowl","floor":29},{"not_picked":["Sucker Punch","Dagger Spray","Quick Slash"],"picked":"Singing Bowl","floor":31},{"not_picked":["Wraith Form v2","After Image"],"picked":"A Thousand Cuts","floor":33},{"not_picked":["Cloak And Dagger+1","PiercingWail"],"picked":"Underhanded Strike+1","floor":35},{"not_picked":["Backflip","Quick Slash"],"picked":"After Image","floor":38},{"not_picked":["Acrobatics+1","Catalyst+1","Blade Dance"],"picked":"Singing Bowl","floor":39},{"not_picked":["Well Laid Plans+1","Underhanded Strike+1"],"picked":"Tactician","floor":40},{"not_picked":["Heel Hook","Dodge and Roll"],"picked":"Noxious Fumes+1","floor":41},{"not_picked":["Catalyst","Bane+1","Dagger Throw+1"],"picked":"Singing Bowl","floor":42},{"not_picked":["Well Laid Plans+1","Tactician+1"],"picked":"Phantasmal Killer","floor":45},{"not_picked":["Dash","Poisoned Stab+1","Grand Finale"],"picked":"Singing Bowl","floor":47},{"not_picked":["Dagger Spray","Dodge and Roll+1","Endless Agony+1"],"picked":"Singing Bowl","floor":48}],"player_experience":315858,"relics_obtained":[{"floor":6,"key":"Boot"},{"floor":9,"key":"HornCleat"},{"floor":14,"key":"Centennial Puzzle"},{"floor":19,"key":"Singing Bowl"},{"floor":23,"key":"Eternal Feather"},{"floor":26,"key":"Letter Opener"},{"floor":38,"key":"Pocketwatch"},{"floor":40,"key":"Darkstone Periapt"},{"floor":45,"key":"Pear"},{"floor":47,"key":"Juzu Bracelet"}],"event_choices":[{"damage_healed":0,"gold_gain":0,"player_choice":"Trade","damage_taken":0,"relics_obtained":["SsserpentHead"],"max_hp_gain":0,"max_hp_loss":0,"event_name":"FaceTrader","floor":2,"gold_loss":0},{"damage_healed":0,"gold_gain":0,"cards_transformed":["Strike_G"],"player_choice":"Transformed","damage_taken":0,"max_hp_gain":0,"max_hp_loss":0,"event_name":"Transmorgrifier","floor":8,"gold_loss":0,"cards_obtained":["Burst"]},{"damage_healed":0,"gold_gain":0,"player_choice":"Relic","damage_taken":0,"max_hp_gain":0,"max_hp_loss":0,"event_name":"Wheel of Change","floor":19,"gold_loss":0},{"damage_healed":0,"gold_gain":99,"player_choice":"Stole From Cult","damage_taken":0,"max_hp_gain":0,"max_hp_loss":0,"event_name":"Nest","floor":25,"gold_loss":0},{"damage_healed":0,"gold_gain":0,"player_choice":"Got Potions","damage_taken":0,"max_hp_gain":0,"max_hp_loss":0,"event_name":"Lab","floor":36,"gold_loss":0},{"damage_healed":0,"gold_gain":0,"player_choice":"Fight","damage_taken":0,"max_hp_gain":0,"max_hp_loss":0,"event_name":"MindBloom","floor":38,"gold_loss":0},{"damage_healed":0,"gold_gain":0,"player_choice":"Embrace Madness","damage_taken":11,"max_hp_gain":0,"max_hp_loss":0,"event_name":"Winding Halls","floor":46,"gold_loss":0,"cards_obtained":["Madness","Madness"]}],"is_beta":false,"boss_relics":[{"not_picked":["Tiny House","Astrolabe"],"picked":"Pandora\u0027s Box"},{"not_picked":["Sozu","Snecko Eye"],"picked":"HoveringKite"}],"items_purged_floors":[21,30],"is_endless":false,"potions_floor_spawned":[6,11,16,18,23,33,35,39,40,47,48],"killed_by":"Time Eater","ascension_level":3}}