{"host":"vumwfieg2b2mnrfl","time":1609875958,"event":{"mods":["AchievementEnabler","BaseMod","Minty Spire (QoL Compilation)","Rare Cards Sparkle","Relic Stats"],"gold_per_floor":[109,109,119,137,147,172,172,200,270,270,288,298,312,41,41,115,115,130,130,145,145,145,175,175,175,175,175,175,175,208,221,221,221,221],"floor_reached":33,"playtime":1143,"items_purged":["Strike_G"],"score":516,"play_id":"64ea48c6-f20e-45d5-844b-7c6a49a07323","local_time":"20210105134558","is_ascension_mode":true,"campfire_choices":[{"floor":7.0,"key":"REST"},{"floor":10.0,"key":"REST"},{"data":"Well Laid Plans","floor":15.0,"key":"SMITH"},{"floor":25.0,"key":"REST"},{"floor":29,"key":"REST"},{"floor":32,"key":"REST"}],"circlet_count":0,"master_deck":["AscendersBane","Strike_G","Strike_G","Strike_G","Defend_G","Defend_G","Defend_G","Survivor","Neutralize","Skewer+1","Dagger Spray","Cloak And Dagger","Crippling Poison","Well Laid Plans+1","Bane","Blur","The Bomb","Malaise","Leg Sweep","PiercingWail+1","Heel Hook","Backflip","Noxious Fumes","Dagger Throw"],"relics":["Ring of the Snake","Letter Opener","StoneCalendar","Ninja Scroll","Cursed Key","PreservedInsect","White Beast Statue"],"acts_visited":["Exordium","TheCity"],"potions_floor_usage":[33,33],"damage_taken":[{"damage":3.0,"enemies":"Jaw Worm","floor":1.0,"turns":7.0},{"damage":1.0,"enemies":"Cultist","floor":3.0,"turns":3.0},{"damage":7.0,"enemies":"2 Louse","floor":4.0,"turns":2.0},{"damage":6.0,"enemies":"Exordium Wildlife","floor":5.0,"turns":3.0},{"damage":28.0,"enemies":"3 Sentries","floor":6.0,"turns":10.0},{"damage":15.0,"enemies":"Lagavulin","floor":8.0,"turns":5.0},{"damage":0.0,"enemies":"3 Louse","floor":11.0,"turns":2.0},{"damage":0.0,"enemies":"2 Fungi Beasts","floor":12.0,"turns":4.0},{"damage":3.0,"enemies":"Red Slaver","floor":13.0,"turns":5.0},{"damage":10.0,"enemies":"The Guardian","floor":16.0,"turns":10.0},{"damage":20.0,"enemies":"2 Thieves","floor":18.0,"turns":4.0},{"damage":5.0,"enemies":"Chosen","floor":20.0,"turns":7.0},{"damage":24.0,"enemies":"Slavers","floor":23.0,"turns":5.0},{"damage":35,"enemies":"Book of Stabbing","floor":30,"turns":6},{"damage":10,"enemies":"Snecko","floor":31,"turns":5},{"damage":38,"enemies":"Collector","floor":33,"turns":7}],"seed_played":"-6613623100114707317","potions_obtained":[{"floor":1.0,"key":"FearPotion"},{"floor":6.0,"key":"Energy Potion"},{"floor":12.0,"key":"Block Potion"},{"floor":13.0,"key":"LiquidBronze"},{"floor":30,"key":"Fire Potion"}],"is_trial":false,"path_per_floor":["M","?","M","M","M","E","R","E","T","R","M","M","M","$","R","B",null,"M","?","M","?","?","E","$","R","T","?","?","R","E","M","R","B"],"character_chosen":"THE_SILENT","items_purchased":["The Bomb"],"campfire_rested":5,"item_purchase_floors":[14],"current_hp_per_floor":[62,62,61,54,48,20,41,26,26,47,47,47,44,44,44,34,63,43,43,38,38,38,14,14,35,35,35,35,56,21,11,32,0,0],"gold":221,"neow_bonus":"TEN_PERCENT_HP_BONUS","is_daily":false,"chose_seed":false,"campfire_upgraded":1,"win_rate":0.0,"timestamp":1609875958,"path_taken":["M","?","M","M","?","E","R","E","T","R","M","M","M","$","R","BOSS","M","?","M","?","?","E","$","R","T","?","?","R","E","M","R","BOSS"],"items_purchased_type":["Card"],"build_version":"2020-12-22","purchased_purges":1,"victory":false,"max_hp_per_floor":[72,72,72,72,72,72,72,72,72,72,72,72,72,72,72,72,72,72,72,72,72,72,72,72,72,72,72,72,72,72,72,72,72,72],"relic_stats":{"counters":[16,85],"StoneCalendar":[105],"PreservedInsect":43,"Letter Opener":[106],"Cursed Key":0,"obtain_stats":[{"Ninja Scroll":9,"StoneCalendar":8,"PreservedInsect":23,"Letter Opener":6,"Cursed Key":17,"White Beast Statue":30,"Ring of the Snake":0},{"Ninja Scroll":6,"StoneCalendar":6,"PreservedInsect":13,"Letter Opener":5,"Cursed Key":10,"White Beast Statue":14,"Ring of the Snake":0},{"Ninja Scroll":30,"StoneCalendar":30,"PreservedInsect":67,"Letter Opener":25,"Cursed Key":51,"White Beast Statue":73,"Ring of the Snake":0}],"Ring of the Snake":[32]},"card_choices":[{"not_picked":["Quick Slash","Backflip"],"picked":"Skewer","floor":1.0},{"not_picked":["Sucker Punch","Choke"],"picked":"Dagger Spray","floor":3.0},{"not_picked":["Backflip","Dodge and Roll"],"picked":"Cloak And Dagger","floor":4.0},{"not_picked":["Eviscerate","Flechettes"],"picked":"Crippling Poison","floor":5.0},{"not_picked":["Acrobatics","Grand Finale"],"picked":"Well Laid Plans","floor":6.0},{"not_picked":["Dagger Spray","Slice"],"picked":"Bane","floor":8.0},{"not_picked":["Cloak And Dagger","Deflect"],"picked":"Blur","floor":11.0},{"not_picked":["Skewer","Setup","Blade Dance"],"picked":"SKIP","floor":12.0},{"not_picked":["Eviscerate","Concentrate","Underhanded Strike"],"picked":"SKIP","floor":13.0},{"not_picked":["Night Terror","Phantasmal Killer"],"picked":"Malaise","floor":16.0},{"not_picked":["Dagger Throw","Slice"],"picked":"Leg Sweep","floor":18.0},{"not_picked":["Masterful Stab","Quick Slash"],"picked":"PiercingWail+1","floor":20.0},{"not_picked":["Concentrate","Dodge and Roll+1"],"picked":"Noxious Fumes","floor":23.0},{"not_picked":["Blade Dance","Well Laid Plans","Masterful Stab+1"],"picked":"SKIP","floor":30},{"not_picked":["Slice","Distraction"],"picked":"Dagger Throw","floor":31}],"player_experience":367707,"relics_obtained":[{"floor":6.0,"key":"Letter Opener"},{"floor":8.0,"key":"StoneCalendar"},{"floor":9.0,"key":"Ninja Scroll"},{"floor":23.0,"key":"PreservedInsect"},{"floor":30,"key":"White Beast Statue"}],"event_choices":[{"damage_healed":0.0,"max_hp_gain":0.0,"max_hp_loss":0.0,"gold_gain":0.0,"event_name":"Upgrade Shrine","player_choice":"Upgraded","floor":2.0,"gold_loss":0.0,"damage_taken":0.0,"cards_upgraded":["Skewer"]},{"damage_healed":0.0,"max_hp_gain":0.0,"max_hp_loss":0.0,"gold_gain":0.0,"event_name":"The Mausoleum","player_choice":"Ignored","floor":19.0,"gold_loss":0.0,"damage_taken":0.0},{"damage_healed":0.0,"max_hp_gain":0.0,"max_hp_loss":0.0,"gold_gain":0.0,"event_name":"Cursed Tome","player_choice":"Ignored","floor":21.0,"gold_loss":0.0,"damage_taken":0.0},{"damage_healed":0.0,"max_hp_gain":0.0,"max_hp_loss":0.0,"gold_gain":0.0,"cards_transformed":["Defend_G","Strike_G"],"event_name":"Drug Dealer","player_choice":"Became Test Subject","floor":22.0,"gold_loss":0.0,"damage_taken":0.0,"cards_obtained":["Heel Hook","Backflip"]},{"cards_removed":["Defend_G"],"damage_healed":0,"gold_gain":0,"player_choice":"Elegance","damage_taken":0,"max_hp_gain":0,"max_hp_loss":0,"event_name":"Back to Basics","floor":27,"gold_loss":0},{"damage_healed":0,"gold_gain":0,"player_choice":"Ignored","damage_taken":0,"max_hp_gain":0,"max_hp_loss":0,"event_name":"Vampires","floor":28,"gold_loss":0}],"is_beta":false,"boss_relics":[{"not_picked":["Calling Bell","Ring of the Serpent"],"picked":"Cursed Key"}],"items_purged_floors":[14],"is_endless":false,"potions_floor_spawned":[1,6,12,13,16,20,30,31],"killed_by":"Collector","ascension_level":15}}