{"host":"a5lz0e76zb3fcwkm","time":1609834104,"event":{"mods":["AchievementEnabler","BaseMod","Colored Map","Colored Powertips","Minty Spire (QoL Compilation)","StSLib","SuperFastMode"],"gold_per_floor":[109,184,184,195,206,206,217,217,241,241,34,49,66,85,85,159,159,176,101,26,17,33,33,43,43,43,55,55,55],"floor_reached":28,"playtime":895,"items_purged":["Strike_R"],"score":428,"play_id":"512b9558-7b16-4273-92eb-4f8dcd801e12","local_time":"20210105170824","is_ascension_mode":true,"campfire_choices":[{"data":"Barricade","floor":6.0,"key":"SMITH"},{"data":"Entrench","floor":8.0,"key":"SMITH"},{"floor":10.0,"key":"REST"},{"floor":15.0,"key":"REST"},{"data":"Ghostly","floor":25.0,"key":"SMITH"}],"circlet_count":0,"master_deck":["AscendersBane","Strike_R","Strike_R","Defend_R","Defend_R","Defend_R","Defend_R","Bash","Barricade+1","Entrench+1","Entrench+1","Carnage","Power Through","Battle Trance","Fiend Fire","Shrug It Off","Ghostly+1","Ghostly","Ghostly","Seeing Red"],"relics":["Burning Blood","Potion Belt","DollysMirror","Snecko Eye"],"acts_visited":["Exordium","TheCity"],"potions_floor_usage":[27,27,27,27],"damage_taken":[{"damage":9.0,"enemies":"Jaw Worm","floor":1.0,"turns":4.0},{"damage":6.0,"enemies":"Cultist","floor":4.0,"turns":3.0},{"damage":3.0,"enemies":"2 Louse","floor":5.0,"turns":5.0},{"damage":10.0,"enemies":"2 Fungi Beasts","floor":7.0,"turns":4.0},{"damage":24.0,"enemies":"Exordium Wildlife","floor":12.0,"turns":9.0},{"damage":25.0,"enemies":"Exordium Thugs","floor":13.0,"turns":7.0},{"damage":7.0,"enemies":"Looter","floor":14.0,"turns":4.0},{"damage":38.0,"enemies":"Slime Boss","floor":16.0,"turns":57.0},{"damage":5.0,"enemies":"Chosen","floor":18.0,"turns":5.0},{"damage":11.0,"enemies":"2 Thieves","floor":21.0,"turns":4.0},{"damage":31.0,"enemies":"Snake Plant","floor":22.0,"turns":7.0},{"damage":0.0,"enemies":"Sentry and Sphere","floor":24.0,"turns":14.0},{"damage":14,"enemies":"3 Cultists","floor":27,"turns":10},{"damage":25,"enemies":"Slavers","floor":28,"turns":2}],"seed_played":"-7132064510771855752","potions_obtained":[{"floor":1.0,"key":"AttackPotion"},{"floor":4.0,"key":"Energy Potion"},{"floor":16.0,"key":"LiquidBronze"},{"floor":18.0,"key":"Dexterity Potion"},{"floor":22.0,"key":"DuplicationPotion"},{"floor":24.0,"key":"DuplicationPotion"}],"is_trial":false,"path_per_floor":["M","?","?","M","M","R","M","R","T","R","$","M","M","M","R","B",null,"M","$","?","M","M","?","M","R","T","M","E"],"character_chosen":"IRONCLAD","items_purchased":["DollysMirror","Carnage"],"campfire_rested":2,"item_purchase_floors":[11,11],"current_hp_per_floor":[65,54,54,54,57,57,53,53,53,68,68,50,31,30,50,18,56,57,57,57,52,27,27,33,33,33,25,0,0],"gold":55,"neow_bonus":"THREE_RARE_CARDS","is_daily":false,"chose_seed":false,"campfire_upgraded":3,"win_rate":0.0,"timestamp":1609834104,"path_taken":["M","?","?","M","?","R","M","R","T","R","?","M","M","M","R","BOSS","M","$","?","M","M","?","?","R","T","M","E"],"items_purchased_type":["Relic","Card"],"build_version":"2020-12-22","purchased_purges":1,"victory":false,"max_hp_per_floor":[68,68,68,68,68,68,68,68,68,68,68,68,68,68,68,68,68,68,68,68,68,68,34,34,34,34,34,34,34],"card_choices":[{"not_picked":["Corruption","Reaper"],"picked":"Barricade","floor":0.0},{"not_picked":["Inflame","Shrug It Off"],"picked":"Entrench","floor":1.0},{"not_picked":["Heavy Blade","Sword Boomerang","Blood for Blood"],"picked":"SKIP","floor":4.0},{"not_picked":["Iron Wave","Blood for Blood","Heavy Blade"],"picked":"SKIP","floor":5.0},{"not_picked":["Blood for Blood","Havoc","Feed"],"picked":"SKIP","floor":7.0},{"not_picked":["Infernal Blade","Bloodletting","Cleave"],"picked":"SKIP","floor":12.0},{"not_picked":["Infernal Blade","Havoc"],"picked":"Power Through","floor":13.0},{"not_picked":["Iron Wave","Shrug It Off"],"picked":"Battle Trance","floor":14.0},{"not_picked":["Corruption","Brutality"],"picked":"Fiend Fire","floor":16.0},{"not_picked":["Heavy Blade","Searing Blow+1"],"picked":"Shrug It Off","floor":18.0},{"not_picked":["Blood for Blood","Sever Soul","Heavy Blade"],"picked":"SKIP","floor":21.0},{"not_picked":["Warcry","Thunderclap","Flex"],"picked":"SKIP","floor":22.0},{"not_picked":["Clash","Anger+1","Clothesline"],"picked":"SKIP","floor":24.0},{"not_picked":["Anger","Searing Blow"],"picked":"Seeing Red","floor":27}],"player_experience":1671418,"relics_obtained":[{"floor":9.0,"key":"Potion Belt"}],"event_choices":[{"damage_healed":0.0,"max_hp_gain":0.0,"max_hp_loss":0.0,"gold_gain":75.0,"event_name":"World of Goop","player_choice":"Gather Gold","floor":2.0,"gold_loss":0.0,"damage_taken":11.0},{"cards_removed":["Strike_R"],"damage_healed":0.0,"max_hp_gain":0.0,"max_hp_loss":0.0,"gold_gain":0.0,"event_name":"Purifier","player_choice":"Purged","floor":3.0,"gold_loss":0.0,"damage_taken":0.0},{"cards_removed":["Strike_R"],"damage_healed":0.0,"max_hp_gain":0.0,"max_hp_loss":0.0,"gold_gain":0.0,"event_name":"Beggar","player_choice":"Gave Gold","floor":20.0,"gold_loss":75.0,"damage_taken":0.0},{"damage_healed":0.0,"max_hp_gain":0.0,"max_hp_loss":34.0,"gold_gain":0.0,"event_name":"Ghosts","player_choice":"Became a Ghost","floor":23.0,"gold_loss":0.0,"damage_taken":0.0,"cards_obtained":["Ghostly","Ghostly","Ghostly"]}],"is_beta":false,"boss_relics":[{"not_picked":["Empty Cage","Ectoplasm"],"picked":"Snecko Eye"}],"items_purged_floors":[19],"is_endless":false,"potions_floor_spawned":[1,4,16,18,22,24],"killed_by":"Slavers","ascension_level":20}}