{"host":"m8e7t7u4353tsza9","time":1609842541,"event":{"mods":["AchievementEnabler","BaseMod","BetterRewards","Block Reminder","Colored Map","Colored Powertips","DeckTracker","Highlight Path","Minty Spire (QoL Compilation)","Permanent Neow","Quick Restart","StSLib"],"gold_per_floor":[112,112,128,128,139,151,186,186,186,110,75,75,100,118,118,243,243,268,282,282,49,72,115,115,138,138,138,138,189,189,189,189,285,285,297,312,312,312,312,337,287,287,287,287,287,287,111,126,126,126],"floor_reached":51,"playtime":3055,"items_purged":["Strike_G","Strike_G","Strike_G"],"score":941,"play_id":"99b85276-c0a1-4018-a17d-6852948661f4","local_time":"20210105022901","is_ascension_mode":false,"campfire_choices":[{"data":"Caltrops","floor":12.0,"key":"SMITH"},{"floor":15.0,"key":"REST"},{"floor":24.0,"key":"REST"},{"data":"Burst","floor":27.0,"key":"SMITH"},{"floor":32.0,"key":"REST"},{"floor":46.0,"key":"REST"},{"data":"Burst","floor":49.0,"key":"SMITH"}],"circlet_count":0,"master_deck":["Strike_G","Strike_G","Defend_G","Defend_G","Defend_G","Defend_G","Defend_G","Survivor+1","Neutralize","Deadly Poison","Dagger Spray","Backstab+1","Poisoned Stab","Deflect","Poisoned Stab","Poisoned Stab","Dagger Throw","Terror","Burst+1","Caltrops+1","Caltrops","After Image","CurseOfTheBell","Catalyst+1","Night Terror","Backstab+1","Neutralize","Eviscerate","Panacea","Burst+1","Catalyst+1","Deep Breath","Sadistic Nature","Discovery","Bouncing Flask","Prepared"],"relics":["Ring of the Snake","Membership Card","Juzu Bracelet","Bloody Idol","Kunai","Orrery","Calling Bell","Orichalcum","Matryoshka","WingedGreaves","TwistedFunnel","HornCleat","StoneCalendar","Bronze Scales","Shovel","Pen Nib","Snake Skull","Blood Vial","Busted Crown","Omamori","Bottled Tornado","Ninja Scroll","Lee\u0027s Waffle"],"acts_visited":["Exordium","TheCity","TheBeyond"],"potions_floor_usage":[50,50],"damage_taken":[{"damage":0.0,"enemies":"2 Louse","floor":1.0,"turns":3.0},{"damage":6.0,"enemies":"Cultist","floor":3.0,"turns":4.0},{"damage":0.0,"enemies":"Small Slimes","floor":5.0,"turns":3.0},{"damage":0.0,"enemies":"Looter","floor":6.0,"turns":3.0},{"damage":18.0,"enemies":"Lagavulin","floor":7.0,"turns":7.0},{"damage":0.0,"enemies":"3 Louse","floor":13.0,"turns":2.0},{"damage":3.0,"enemies":"Blue Slaver","floor":14.0,"turns":3.0},{"damage":29.0,"enemies":"Hexaghost","floor":16.0,"turns":8.0},{"damage":12.0,"enemies":"3 Byrds","floor":18.0,"turns":6.0},{"damage":1.0,"enemies":"Chosen","floor":19.0,"turns":4.0},{"damage":6.0,"enemies":"Centurion and Healer","floor":22.0,"turns":6.0},{"damage":39.0,"enemies":"Slavers","floor":23.0,"turns":7.0},{"damage":0.0,"enemies":"Snake Plant","floor":25.0,"turns":3.0},{"damage":72.0,"enemies":"Automaton","floor":33.0,"turns":8.0},{"damage":35.0,"enemies":"3 Darklings","floor":35.0,"turns":5.0},{"damage":10.0,"enemies":"Orb Walker","floor":36.0,"turns":2.0},{"damage":34.0,"enemies":"Nemesis","floor":40.0,"turns":7.0},{"damage":4.0,"enemies":"Jaw Worm Horde","floor":48.0,"turns":3.0},{"damage":59,"enemies":"Donu and Deca","floor":50,"turns":7}],"seed_played":"1526116269258828468","potions_obtained":[{"floor":3.0,"key":"Strength Potion"},{"floor":13.0,"key":"SmokeBomb"},{"floor":16.0,"key":"FairyPotion"},{"floor":40.0,"key":"Poison Potion"},{"floor":48.0,"key":"BlessingOfTheForge"}],"is_trial":false,"path_per_floor":["M","?","M","?","M","M","E","?","T","$","?","R","M","M","R","B",null,"M","M","?","$","M","E","R","M","T","R","?","T","T","?","R","B",null,"M","M","?","?","?","E","$","?","T","T","?","R","$","M","R","B",null],"character_chosen":"THE_SILENT","items_purchased":["Membership Card","Deadly Poison","Orrery","TwistedFunnel","HornCleat","Bouncing Flask","Lee\u0027s Waffle"],"campfire_rested":4,"item_purchase_floors":[0,0,10,21,21,47,47],"current_hp_per_floor":[63,63,57,43,43,43,25,25,25,25,41,41,41,38,57,28,65,53,52,52,52,46,7,26,26,26,26,26,31,31,31,50,16,65,35,32,57,54,54,25,25,15,15,15,15,31,61,61,61,2],"gold":126,"neow_bonus":"","is_daily":false,"chose_seed":false,"campfire_upgraded":3,"win_rate":0.0,"timestamp":1609842541,"path_taken":["M","?","?","?","M","M","E","?","T","$","?","R","M","M","R","BOSS","M","M","?","$","M","E","R","M","T","R","?","?","?","?","R","BOSS","M","M","?","?","?","E","$","?","T","?","?","R","$","M","R","BOSS"],"items_purchased_type":["Relic","Card","Relic","Relic","Relic","Card","Relic"],"build_version":"2020-12-22","purchased_purges":3,"victory":true,"max_hp_per_floor":[70,70,70,70,70,70,70,65,65,65,65,65,65,65,65,65,65,65,65,65,65,65,65,65,65,65,65,65,65,65,65,65,65,65,65,65,57,54,54,54,54,54,54,54,54,54,61,61,61,61],"card_choices":[{"not_picked":["Flying Knee","Underhanded Strike"],"picked":"Dagger Spray","floor":1.0},{"not_picked":["Dagger Throw","Quick Slash"],"picked":"Backstab","floor":3.0},{"not_picked":["Flying Knee","Doppelganger"],"picked":"Poisoned Stab","floor":5.0},{"not_picked":["Blade Dance","Dodge and Roll"],"picked":"Deflect","floor":6.0},{"not_picked":["Endless Agony","Terror"],"picked":"Poisoned Stab","floor":7.0},{"not_picked":["Underhanded Strike","Outmaneuver"],"picked":"Poisoned Stab","floor":10.0},{"not_picked":["Reflex","Slice"],"picked":"Dagger Throw","floor":10.0},{"not_picked":["Slice","Blade Dance"],"picked":"Terror","floor":10.0},{"not_picked":["Deflect","Glass Knife"],"picked":"Burst","floor":10.0},{"not_picked":["Dodge and Roll","Underhanded Strike"],"picked":"Caltrops","floor":10.0},{"not_picked":["Prepared","Backflip","Tools of the Trade"],"picked":"SKIP","floor":13.0},{"not_picked":["Dagger Spray","Outmaneuver"],"picked":"Caltrops","floor":14.0},{"not_picked":["Bullet Time","Tools of the Trade"],"picked":"After Image","floor":16.0},{"not_picked":["Deflect","Bane+1"],"picked":"Catalyst+1","floor":18.0},{"not_picked":["Poisoned Stab","Expertise","Dodge and Roll"],"picked":"SKIP","floor":19.0},{"not_picked":["Backflip","Eviscerate"],"picked":"Night Terror","floor":22.0},{"not_picked":["Bane","Backflip"],"picked":"Backstab+1","floor":23.0},{"not_picked":["Tactician+1","Riddle With Holes+1","Underhanded Strike"],"picked":"SKIP","floor":25.0},{"not_picked":["Adrenaline","Glass Knife"],"picked":"Burst","floor":33.0},{"not_picked":["Calculated Gamble"],"picked":"SKIP","floor":35.0},{"not_picked":["Blade Dance"],"picked":"SKIP","floor":36.0},{"not_picked":["Dagger Throw"],"picked":"SKIP","floor":40.0},{"not_picked":[],"picked":"Deep Breath","floor":42.0},{"not_picked":[],"picked":"Sadistic Nature","floor":42.0},{"not_picked":[],"picked":"Discovery","floor":42.0},{"not_picked":[],"picked":"Prepared","floor":48.0}],"player_experience":61900,"relics_obtained":[{"floor":7.0,"key":"Juzu Bracelet"},{"floor":9.0,"key":"Kunai"},{"floor":17.0,"key":"Orichalcum"},{"floor":17.0,"key":"Matryoshka"},{"floor":17.0,"key":"WingedGreaves"},{"floor":23.0,"key":"StoneCalendar"},{"floor":26.0,"key":"Bronze Scales"},{"floor":26.0,"key":"Shovel"},{"floor":29.0,"key":"Pen Nib"},{"floor":29.0,"key":"Snake Skull"},{"floor":30.0,"key":"Blood Vial"},{"floor":40.0,"key":"Omamori"},{"floor":43.0,"key":"Bottled Tornado"},{"floor":44.0,"key":"Ninja Scroll"}],"event_choices":[{"damage_healed":0.0,"max_hp_gain":0.0,"max_hp_loss":0.0,"gold_gain":0.0,"event_name":"The Woman in Blue","player_choice":"Bought 0 Potions","floor":2.0,"gold_loss":0.0,"damage_taken":0.0},{"damage_healed":0.0,"max_hp_gain":0.0,"max_hp_loss":0.0,"gold_gain":0.0,"event_name":"Shining Light","player_choice":"Entered Light","floor":4.0,"gold_loss":0.0,"damage_taken":14.0,"cards_upgraded":["Backstab","Survivor"]},{"damage_healed":0.0,"max_hp_gain":0.0,"max_hp_loss":5.0,"gold_gain":0.0,"event_name":"Golden Idol","player_choice":"Lose Max HP","floor":8.0,"gold_loss":0.0,"damage_taken":0.0,"relics_obtained":["Golden Idol"]},{"damage_healed":16.0,"max_hp_gain":0.0,"max_hp_loss":0.0,"gold_gain":0.0,"event_name":"The Cleric","player_choice":"Healed","floor":11.0,"gold_loss":35.0,"damage_taken":0.0},{"damage_healed":0.0,"max_hp_gain":0.0,"max_hp_loss":0.0,"gold_gain":0.0,"event_name":"Ghosts","player_choice":"Ignored","floor":20.0,"gold_loss":0.0,"damage_taken":0.0},{"damage_healed":0.0,"max_hp_gain":0.0,"max_hp_loss":0.0,"gold_gain":0.0,"event_name":"Forgotten Altar","player_choice":"Gave Idol","floor":28.0,"relics_lost":["Golden Idol"],"gold_loss":0.0,"damage_taken":0.0,"relics_obtained":["Bloody Idol"]},{"damage_healed":0.0,"max_hp_gain":0.0,"max_hp_loss":0.0,"gold_gain":0.0,"event_name":"Match and Keep!","player_choice":"3 cards matched","floor":31.0,"gold_loss":0.0,"damage_taken":0.0,"cards_obtained":["Neutralize","Eviscerate","Panacea"]},{"damage_healed":57.0,"max_hp_gain":0.0,"max_hp_loss":8.0,"gold_gain":0.0,"event_name":"The Moai Head","player_choice":"Heal","floor":37.0,"gold_loss":0.0,"damage_taken":0.0},{"damage_healed":0.0,"max_hp_gain":0.0,"max_hp_loss":3.0,"gold_gain":0.0,"event_name":"Winding Halls","player_choice":"Max HP","floor":38.0,"gold_loss":0.0,"damage_taken":0.0},{"damage_healed":0.0,"max_hp_gain":0.0,"max_hp_loss":0.0,"gold_gain":0.0,"event_name":"Duplicator","player_choice":"Copied","floor":39.0,"gold_loss":0.0,"damage_taken":0.0,"cards_obtained":["Catalyst"]},{"damage_healed":0.0,"max_hp_gain":0.0,"max_hp_loss":0.0,"gold_gain":0.0,"event_name":"SensoryStone","player_choice":"Memory 3","floor":42.0,"gold_loss":0.0,"damage_taken":10.0},{"damage_healed":0.0,"max_hp_gain":0.0,"max_hp_loss":0.0,"gold_gain":0.0,"event_name":"Mysterious Sphere","player_choice":"Ignored","floor":45.0,"gold_loss":0.0,"damage_taken":0.0}],"is_beta":false,"boss_relics":[{"not_picked":["Velvet Choker","Astrolabe"],"picked":"Calling Bell"},{"not_picked":["HoveringKite","Snecko Eye"],"picked":"Busted Crown"}],"items_purged_floors":[21,41,47],"is_endless":false,"potions_floor_spawned":[3,13,16,23,25,40,48],"ascension_level":0}}