{"host":"00yob6u0fiu7ehgs","time":1609877510,"event":{"mods":["Act Like it!","Arknights The Spire","Art Attack!","BaseMod","Chen","Colored Powertips","Elementarium","Gensokyo","GifTheSpireLib","Infinite Spire","Jorbs\u0027s Wanderer Trilogy","Koishi","Marisa????????","Minty Spire (QoL Compilation)","Rare Cards Sparkle","Reimu??????","Remilia??????","Replay The Spire","StSLib","The Alterego","The Animator","The Cursed","The Forsaken","The Marked","The Servant 0.9.4","Wandering Minibosses","Yakumo Yukari mod"],"gold_per_floor":[116,133,208,168,168,168,196,196,219,278,278,294,342,357,357,452,502,521,481,481,396,410,444,234,253,280,280,280],"floor_reached":27,"playtime":1109,"items_purged":[],"score":259,"play_id":"d7fa03eb-b19c-4424-9d9f-4a278bca0b7a","local_time":"20210105131150","is_ascension_mode":false,"campfire_choices":[{"data":"theMarked:AttractMetal","floor":6,"key":"SMITH"},{"data":"theMarked:SoldierOfQuellstein","floor":8,"key":"SMITH"},{"data":"theMarked:SwordAndMagic","floor":11,"key":"SMITH"},{"data":"theMarked:ResourceFulStrike","floor":15,"key":"SMITH"}],"circlet_count":0,"master_deck":["theMarked:Strike","theMarked:Strike","theMarked:Strike","theMarked:Strike","theMarked:Defend+1","theMarked:Defend","theMarked:Defend","theMarked:Defend","theMarked:SoldierOfQuellstein+1","theMarked:ResourceFulStrike+1","theMarked:AttractMetal+1","theMarked:SwordAndMagic+1","ReplayTheSpireMod:Faulty Equipment","theMarked:ChainLightning","theMarked:RepellingDischarge+1","theMarked:Parkour","ReplayTheSpireMod:Splinters","theMarked:Overcharge+1","theMarked:ChainLightning","theMarked:SuspiciousRaven","theMarked:EnhanceMovement+1","theMarked:TwofoldDefense+1","theMarked:ReduceFriction","theMarked:HeritageOfTheMarked+1","theMarked:MaelstromOfLightning"],"relics":["theMarked:ArtifactOfAir","NeowsBlessing","PaintedHorse:ReiMu","PureWhite:ReiMu","ReplayTheSpireMod:CursedCoin","Bottled Flame","Tiny House","ZunR:ReiMu","Nilry\u0027s Codex","Dream Catcher","Red Mask","Blood Vial","War Paint"],"acts_visited":["Exordium","TheCity"],"potions_floor_usage":[12,13,14,22],"damage_taken":[{"damage":0,"enemies":"Small Slimes","floor":1,"turns":1},{"damage":0,"enemies":"Cultist","floor":2,"turns":1},{"damage":0,"enemies":"Gremlin Nob","floor":7,"turns":1},{"damage":2,"enemies":"2 Louse","floor":12,"turns":2},{"damage":5,"enemies":"Looter","floor":14,"turns":2},{"damage":38,"enemies":"Slime Boss","floor":16,"turns":11},{"damage":1,"enemies":"3 Byrds","floor":18,"turns":4},{"damage":38,"enemies":"2 Thieves","floor":22,"turns":6},{"damage":6,"enemies":"Masked Bandits","floor":23,"turns":4},{"damage":14,"enemies":"Centurion and Healer","floor":25,"turns":6},{"damage":15,"enemies":"Snake Plant","floor":27,"turns":4}],"seed_played":"3288660073080160526","potions_obtained":[{"floor":1,"key":"Explosive Potion"},{"floor":13,"key":"Fruit Juice"},{"floor":14,"key":"Fruit Juice"},{"floor":17,"key":"Fire Potion"},{"floor":23,"key":"SmokeBomb"}],"is_trial":false,"path_per_floor":["M","M","?","?","?","R","E","R","T","$","R","M","?","M","R","B",null,"M","?","?","?","M","?","$","M","T","M"],"character_chosen":"THE_DEFAULT","items_purchased":["ReplayTheSpireMod:CursedCoin","theMarked:ChainLightning","theMarked:RepellingDischarge+1","theMarked:MaelstromOfLightning","Blood Vial"],"campfire_rested":0,"item_purchase_floors":[10,10,10,24,24],"current_hp_per_floor":[70,70,59,59,52,52,52,52,52,52,52,50,55,55,55,17,85,84,84,68,68,30,24,24,12,12,0,0],"gold":280,"neow_bonus":"THREE_ENEMY_KILL","is_daily":false,"chose_seed":false,"campfire_upgraded":4,"win_rate":0.0,"timestamp":1609877510,"path_taken":["M","M","?","?","?","R","E","R","T","$","R","M","?","?","R","BOSS","M","?","?","?","M","?","?","M","T","?"],"items_purchased_type":["Relic","Card","Card","Card","Relic"],"build_version":"2020-12-22","purchased_purges":0,"victory":false,"max_hp_per_floor":[70,70,70,70,70,70,70,70,70,70,70,70,75,80,80,80,85,85,85,85,85,85,85,85,85,85,85,85],"card_choices":[{"not_picked":["theMarked:SelfDefenseTraining","theMarked:ReduceFriction"],"picked":"theMarked:ResourceFulStrike","floor":1},{"not_picked":["theMarked:ContemptForTheProud","theMarked:TakeCover"],"picked":"theMarked:AttractMetal","floor":2},{"not_picked":["theMarked:WardOff","theMarked:HeightenedSenses"],"picked":"theMarked:SwordAndMagic","floor":7},{"not_picked":["theMarked:BanishingStrike","theMarked:TwofoldDefense"],"picked":"theMarked:Parkour","floor":12},{"not_picked":["theMarked:WastefulAttack","theMarked:HeightenedSenses"],"picked":"theMarked:Overcharge","floor":13},{"not_picked":["theMarked:Vacuum","theMarked:Static"],"picked":"theMarked:ChainLightning","floor":14},{"not_picked":["theMarked:Vacuum","theMarked:ThrowWeapon"],"picked":"theMarked:SuspiciousRaven","floor":16},{"not_picked":["theMarked:SwordAndMagic","theMarked:MaelstromOfLightning"],"picked":"theMarked:EnhanceMovement","floor":17},{"not_picked":["theMarked:ResourceFulStrike","theMarked:Overthink+1"],"picked":"theMarked:TwofoldDefense+1","floor":18},{"not_picked":["theMarked:ElectricStrings","theMarked:HeightenedSenses+1"],"picked":"theMarked:ReduceFriction","floor":22},{"not_picked":["theMarked:Indomitable","theMarked:MysticalArsenal"],"picked":"theMarked:HeritageOfTheMarked+1","floor":23},{"not_picked":["theMarked:SelfDefenseTraining","theMarked:ShockingTouch","theMarked:Improvise"],"picked":"SKIP","floor":25}],"player_experience":355719,"relics_obtained":[{"floor":7,"key":"PureWhite:ReiMu"},{"floor":13,"key":"Bottled Flame"},{"floor":20,"key":"Nilry\u0027s Codex"},{"floor":23,"key":"Red Mask"},{"floor":26,"key":"War Paint"}],"event_choices":[{"damage_healed":0,"gold_gain":75,"player_choice":"Gather Gold","damage_taken":11,"max_hp_gain":0,"max_hp_loss":0,"event_name":"World of Goop","floor":3,"gold_loss":0},{"damage_healed":0,"gold_gain":0,"player_choice":"Donate","damage_taken":0,"relics_obtained":["PaintedHorse:ReiMu"],"max_hp_gain":0,"max_hp_loss":0,"event_name":"yidonshenshe","floor":4,"gold_loss":40},{"cards_removed":["theMarked:Strike"],"damage_healed":0,"gold_gain":0,"player_choice":"Card Removal","damage_taken":7,"max_hp_gain":0,"max_hp_loss":0,"event_name":"Golden Wing","floor":5,"gold_loss":0},{"damage_healed":0,"gold_gain":0,"player_choice":"Keep O-miki","damage_taken":0,"relics_obtained":["ZunR:ReiMu"],"max_hp_gain":0,"max_hp_loss":0,"event_name":"ZunEvent","floor":19,"gold_loss":40},{"damage_healed":0,"gold_gain":0,"player_choice":"Obtained Book","damage_taken":16,"max_hp_gain":0,"max_hp_loss":0,"event_name":"Cursed Tome","floor":20,"gold_loss":0},{"damage_healed":0,"gold_gain":0,"player_choice":"Obtained Relic","damage_taken":0,"relics_obtained":["Dream Catcher"],"max_hp_gain":0,"max_hp_loss":0,"event_name":"Addict","floor":21,"gold_loss":85},{"damage_healed":0,"gold_gain":0,"player_choice":"Fought Bandits","damage_taken":0,"max_hp_gain":0,"max_hp_loss":0,"event_name":"Masked Bandits","floor":23,"gold_loss":0}],"is_beta":false,"boss_relics":[{"not_picked":["Replay:Ancient Bell","Philosopher\u0027s Stone"],"picked":"Tiny House"}],"items_purged_floors":[],"is_endless":false,"potions_floor_spawned":[1,14,23],"killed_by":"Snake Plant","ascension_level":0}}