{"host":"ta9mufxydm4vkknf","time":1609855827,"event":{"mods":["AchievementEnabler","BaseMod","Minty Spire (QoL Compilation)","Quick Restart"],"gold_per_floor":[114,114,114,124,144,174,174,190,215,215,215,235,268,283,283,283,283],"floor_reached":16,"playtime":440,"items_purged":[],"score":127,"play_id":"47877274-d67e-431a-a49e-e73d8cff2a03","local_time":"20210105151027","is_ascension_mode":true,"campfire_choices":[{"data":"Cleave","floor":7,"key":"SMITH"},{"data":"Burning Pact","floor":11,"key":"SMITH"},{"data":"Power Through","floor":15,"key":"SMITH"}],"circlet_count":0,"master_deck":["Strike_R","Strike_R","Strike_R","Strike_R","Strike_R","Defend_R","Defend_R","Defend_R","Defend_R","Bash","Cleave+1","Pommel Strike","Burning Pact+1","Evolve","Wild Strike","Headbutt","Power Through+1"],"relics":["Burning Blood","NeowsBlessing","Tiny Chest","Art of War","Red Skull","Odd Mushroom","White Beast Statue"],"acts_visited":["Exordium"],"potions_floor_usage":[12],"damage_taken":[{"damage":0,"enemies":"2 Louse","floor":1,"turns":1},{"damage":0,"enemies":"Small Slimes","floor":4,"turns":1},{"damage":0,"enemies":"Cultist","floor":5,"turns":1},{"damage":32,"enemies":"Gremlin Nob","floor":6,"turns":4},{"damage":1,"enemies":"2 Fungi Beasts","floor":8,"turns":3},{"damage":15,"enemies":"The Mushroom Lair","floor":12,"turns":4},{"damage":15,"enemies":"3 Sentries","floor":13,"turns":6},{"damage":6,"enemies":"Looter","floor":14,"turns":2},{"damage":40,"enemies":"Hexaghost","floor":16,"turns":11}],"seed_played":"-8392556923703059936","potions_obtained":[{"floor":5,"key":"SpeedPotion"},{"floor":6,"key":"Swift Potion"},{"floor":13,"key":"SpeedPotion"},{"floor":14,"key":"SpeedPotion"}],"is_trial":false,"path_per_floor":["M","?","?","M","M","E","R","M","T","?","R","?","E","M","R","B"],"character_chosen":"IRONCLAD","items_purchased":[],"campfire_rested":0,"item_purchase_floors":[],"current_hp_per_floor":[80,85,85,85,85,59,59,64,64,52,52,43,34,34,34,0,0],"gold":283,"neow_bonus":"THREE_ENEMY_KILL","is_daily":false,"chose_seed":false,"campfire_upgraded":3,"win_rate":0.0,"timestamp":1609855827,"path_taken":["M","?","?","M","?","E","R","M","T","?","R","?","E","M","R","BOSS"],"items_purchased_type":[],"build_version":"2020-12-22","purchased_purges":0,"victory":false,"max_hp_per_floor":[80,85,85,85,85,85,85,85,85,85,85,85,85,85,85,85,85],"card_choices":[{"not_picked":["Armaments","Clash"],"picked":"Seeing Red","floor":1},{"not_picked":["Headbutt","Thunderclap"],"picked":"Cleave","floor":4},{"not_picked":["Havoc","Barricade"],"picked":"Pommel Strike","floor":5},{"not_picked":["Twin Strike","Clash"],"picked":"Burning Pact","floor":6},{"not_picked":["Ghostly Armor","Sword Boomerang"],"picked":"Evolve","floor":8},{"not_picked":["Evolve","Feel No Pain"],"picked":"Wild Strike","floor":12},{"not_picked":["Seeing Red","Body Slam"],"picked":"Headbutt","floor":13},{"not_picked":["Headbutt","Sword Boomerang"],"picked":"Power Through","floor":14}],"player_experience":220726,"relics_obtained":[{"floor":6,"key":"Tiny Chest"},{"floor":9,"key":"Art of War"},{"floor":12,"key":"Odd Mushroom"},{"floor":13,"key":"White Beast Statue"}],"event_choices":[{"damage_healed":0,"gold_gain":0,"player_choice":"Donut","damage_taken":0,"max_hp_gain":5,"max_hp_loss":0,"event_name":"Big Fish","floor":2,"gold_loss":0},{"cards_removed":["Seeing Red"],"damage_healed":0,"gold_gain":0,"player_choice":"Offered Uncommon","damage_taken":0,"max_hp_gain":0,"max_hp_loss":0,"event_name":"Bonfire Elementals","floor":3,"gold_loss":0},{"damage_healed":0,"gold_gain":0,"player_choice":"Success","damage_taken":12,"relics_obtained":["Red Skull"],"max_hp_gain":0,"max_hp_loss":0,"event_name":"Scrap Ooze","floor":10,"gold_loss":0},{"damage_healed":0,"gold_gain":0,"player_choice":"Fought Mushrooms","damage_taken":0,"max_hp_gain":0,"max_hp_loss":0,"event_name":"Mushrooms","floor":12,"gold_loss":0}],"is_beta":false,"boss_relics":[],"items_purged_floors":[],"is_endless":false,"potions_floor_spawned":[5,6,13,14],"killed_by":"Hexaghost","ascension_level":3}}