{"host":"m6aaltr68g9tvoay","time":1609826979,"event":{"mods":["AchievementEnabler","BaseMod","Colored Map","Minty Spire (QoL Compilation)","StSLib"],"gold_per_floor":[118,136,211,224,224,224,239,239,266,102,118,118,129,145,145,220,220,240,250,267,267,267],"floor_reached":21,"playtime":697,"items_purged":[],"score":333,"play_id":"b663685f-021d-41dd-b207-a08636722067","local_time":"20210104220939","is_ascension_mode":true,"campfire_choices":[{"data":"Whirlwind","floor":6.0,"key":"SMITH"},{"data":"Flex","floor":8.0,"key":"SMITH"},{"data":"Wild Strike","floor":12.0,"key":"SMITH"},{"data":"True Grit","floor":15.0,"key":"SMITH"}],"circlet_count":0,"master_deck":["AscendersBane","Strike_R","Strike_R","Strike_R","Strike_R","Strike_R","Defend_R+1","Defend_R","Defend_R+1","Defend_R","Bash","Wild Strike+1","Flex+1","Whirlwind+1","Shrug It Off","True Grit+1","Reaper","Carnage+1"],"relics":["Burning Blood","War Paint","Chemical X","Black Star"],"acts_visited":["Exordium","TheCity"],"potions_floor_usage":[21],"damage_taken":[{"damage":19.0,"enemies":"Jaw Worm","floor":1.0,"turns":4.0},{"damage":2.0,"enemies":"2 Louse","floor":2.0,"turns":3.0},{"damage":6.0,"enemies":"Cultist","floor":4.0,"turns":3.0},{"damage":11.0,"enemies":"Blue Slaver","floor":7.0,"turns":3.0},{"damage":3.0,"enemies":"Large Slime","floor":11.0,"turns":3.0},{"damage":4.0,"enemies":"2 Fungi Beasts","floor":13.0,"turns":2.0},{"damage":0.0,"enemies":"Blue Slaver","floor":14.0,"turns":3.0},{"damage":38.0,"enemies":"Hexaghost","floor":16.0,"turns":12.0},{"damage":25.0,"enemies":"Spheric Guardian","floor":18.0,"turns":4.0},{"damage":1,"enemies":"3 Byrds","floor":19,"turns":6},{"damage":59,"enemies":"Cultist and Chosen","floor":20,"turns":5},{"damage":36,"enemies":"Sentry and Sphere","floor":21,"turns":6}],"seed_played":"-2132810733964376701","potions_obtained":[{"floor":7.0,"key":"Block Potion"},{"floor":11.0,"key":"PowerPotion"},{"floor":16.0,"key":"Fire Potion"}],"is_trial":false,"path_per_floor":["M","M","?","M","?","R","M","R","T","$","M","R","M","M","R","B",null,"M","M","M","M"],"character_chosen":"IRONCLAD","items_purchased":["Chemical X"],"campfire_rested":0,"item_purchase_floors":[10],"current_hp_per_floor":[62,66,55,55,55,55,50,50,50,50,53,53,55,61,61,29,69,50,61,24,0,0],"gold":267,"neow_bonus":"TEN_PERCENT_HP_BONUS","is_daily":false,"chose_seed":false,"campfire_upgraded":4,"win_rate":0.0,"timestamp":1609826979,"path_taken":["M","M","?","M","?","R","M","R","T","?","M","R","M","M","R","BOSS","M","M","M","?"],"items_purchased_type":["Relic"],"build_version":"2020-12-22","purchased_purges":0,"victory":false,"max_hp_per_floor":[82,82,82,82,82,82,82,82,82,82,82,82,82,82,82,82,82,82,82,82,82,82],"card_choices":[{"not_picked":["Shrug It Off","Second Wind"],"picked":"Wild Strike","floor":1.0},{"not_picked":["Heavy Blade","Thunderclap"],"picked":"Flex","floor":2.0},{"not_picked":["Havoc","Pommel Strike"],"picked":"Whirlwind","floor":4.0},{"not_picked":["Cleave","Headbutt","Perfected Strike"],"picked":"SKIP","floor":7.0},{"not_picked":["Whirlwind","Combust","Headbutt"],"picked":"SKIP","floor":11.0},{"not_picked":["Feel No Pain","Blood for Blood"],"picked":"Shrug It Off","floor":13.0},{"not_picked":["Sever Soul","Bloodletting"],"picked":"True Grit","floor":14.0},{"not_picked":["Exhume","Fiend Fire"],"picked":"Reaper","floor":16.0},{"not_picked":["Wild Strike","True Grit","Iron Wave"],"picked":"SKIP","floor":18.0},{"not_picked":["Hemokinesis","Blood for Blood"],"picked":"Carnage+1","floor":19},{"not_picked":["Iron Wave","Wild Strike","Sever Soul"],"picked":"SKIP","floor":20}],"player_experience":1339244,"relics_obtained":[{"floor":9.0,"key":"War Paint"}],"event_choices":[{"damage_healed":0.0,"max_hp_gain":0.0,"max_hp_loss":0.0,"gold_gain":75.0,"event_name":"World of Goop","player_choice":"Gather Gold","floor":3.0,"gold_loss":0.0,"damage_taken":11.0},{"damage_healed":0.0,"max_hp_gain":0.0,"max_hp_loss":0.0,"gold_gain":0.0,"event_name":"Liars Game","player_choice":"Ignored","floor":5.0,"gold_loss":0.0,"damage_taken":0.0}],"is_beta":false,"boss_relics":[{"not_picked":["Cursed Key","SlaversCollar"],"picked":"Black Star"}],"items_purged_floors":[],"is_endless":false,"potions_floor_spawned":[7,11,16],"killed_by":"Sentry and Sphere","ascension_level":18}}