{"host":"hfxp6ue4pvwo3fit","time":1609831566,"event":{"mods":["AchievementEnabler","BaseMod","Colored Map","Colored Powertips","Highlight Path","Minty Spire (QoL Compilation)","Relic Stats","StSLib","SuperFastMode"],"gold_per_floor":[111,122,138,63,63,63,95,110,110,136,29,29,49,60,60,135,135,153,153,172,222,222,222],"floor_reached":22,"playtime":715,"items_purged":[],"score":392,"play_id":"000e97d8-dbe1-4607-9f1a-65116344eae9","local_time":"20210105012606","is_ascension_mode":true,"campfire_choices":[{"data":"Bash","floor":6,"key":"SMITH"},{"floor":12,"key":"REST"},{"floor":15,"key":"REST"}],"circlet_count":0,"master_deck":["AscendersBane","Strike_R","Strike_R","Strike_R","Strike_R","Defend_R","Defend_R","Defend_R","Defend_R","Bash+1","Anger","Clothesline","Dropkick","Exhume","Inflame","Cleave","Shrug It Off","Inflame","Armaments","Burning Pact","Offering","Armaments+1"],"relics":["Mark of Pain","Tiny Chest","Letter Opener","Ice Cream","Cursed Key"],"acts_visited":["Exordium","TheCity"],"potions_floor_usage":[7,10,16,22],"damage_taken":[{"damage":9,"enemies":"Jaw Worm","floor":1,"turns":4},{"damage":0,"enemies":"2 Louse","floor":2,"turns":3},{"damage":7,"enemies":"Small Slimes","floor":3,"turns":3},{"damage":6,"enemies":"Gremlin Nob","floor":7,"turns":3},{"damage":6,"enemies":"Red Slaver","floor":8,"turns":3},{"damage":15,"enemies":"Lagavulin","floor":10,"turns":6},{"damage":10,"enemies":"Exordium Wildlife","floor":13,"turns":3},{"damage":7,"enemies":"Exordium Thugs","floor":14,"turns":5},{"damage":64,"enemies":"Slime Boss","floor":16,"turns":12},{"damage":27,"enemies":"3 Byrds","floor":18,"turns":4},{"damage":17,"enemies":"Shell Parasite","floor":20,"turns":3},{"damage":24,"enemies":"Chosen and Byrds","floor":22,"turns":5}],"seed_played":"3046993261486646461","potions_obtained":[{"floor":1,"key":"Fire Potion"},{"floor":3,"key":"FairyPotion"},{"floor":8,"key":"ElixirPotion"},{"floor":10,"key":"SteroidPotion"},{"floor":14,"key":"ElixirPotion"},{"floor":18,"key":"AttackPotion"},{"floor":20,"key":"SpeedPotion"}],"is_trial":false,"path_per_floor":["M","M","M","?","?","R","E","M","T","E","$","R","M","M","R","B",null,"M","?","M","?","M"],"character_chosen":"IRONCLAD","items_purchased":["Shrug It Off","Inflame"],"campfire_rested":2,"item_purchase_floors":[11,11],"current_hp_per_floor":[59,59,52,52,57,57,51,45,45,30,30,54,44,37,61,24,66,39,39,22,22,0,0],"gold":222,"neow_bonus":"BOSS_RELIC","is_daily":false,"chose_seed":false,"campfire_upgraded":1,"win_rate":0.0,"timestamp":1609831566,"path_taken":["M","M","M","?","?","R","E","M","T","E","$","R","M","M","R","BOSS","M","?","?","?","M"],"items_purchased_type":["Card","Card"],"build_version":"2020-12-22","purchased_purges":0,"victory":false,"max_hp_per_floor":[75,75,75,75,80,80,80,80,80,80,80,80,80,80,80,80,80,80,80,80,80,80,80],"relic_stats":{"counters":[12,54],"Tiny Chest":0,"Letter Opener":[60],"Cursed Key":0,"obtain_stats":[{"Ice Cream":10,"Tiny Chest":7,"Mark of Pain":0,"Letter Opener":9,"Cursed Key":17,"Burning Blood":0},{"Ice Cream":6,"Tiny Chest":4,"Mark of Pain":0,"Letter Opener":5,"Cursed Key":9,"Burning Blood":0},{"Ice Cream":22,"Tiny Chest":13,"Mark of Pain":0,"Letter Opener":16,"Cursed Key":42,"Burning Blood":0}]},"card_choices":[{"not_picked":["Dual Wield","Wild Strike"],"picked":"Anger","floor":1},{"not_picked":["True Grit","Anger"],"picked":"Clothesline","floor":2},{"not_picked":["Clash","Wild Strike"],"picked":"Dropkick","floor":3},{"not_picked":["Seeing Red","Twin Strike"],"picked":"Exhume","floor":7},{"not_picked":["Clothesline","Seeing Red"],"picked":"Inflame","floor":8},{"not_picked":["Rupture","Carnage"],"picked":"Cleave","floor":10},{"not_picked":["Body Slam","Thunderclap"],"picked":"Armaments","floor":13},{"not_picked":["Dropkick","Warcry"],"picked":"Burning Pact","floor":14},{"not_picked":["Impervious","Bludgeon"],"picked":"Offering","floor":16},{"not_picked":["Sever Soul","Perfected Strike"],"picked":"Armaments+1","floor":18},{"not_picked":["Body Slam","Clothesline","Carnage"],"picked":"SKIP","floor":20}],"player_experience":474581,"relics_obtained":[{"floor":7,"key":"Tiny Chest"},{"floor":9,"key":"Letter Opener"},{"floor":10,"key":"Ice Cream"}],"event_choices":[{"cards_removed":["Strike_R"],"damage_healed":0,"gold_gain":0,"player_choice":"Card Removal","damage_taken":0,"max_hp_gain":0,"max_hp_loss":0,"event_name":"The Cleric","floor":4,"gold_loss":75},{"damage_healed":0,"gold_gain":0,"player_choice":"Donut","damage_taken":0,"max_hp_gain":5,"max_hp_loss":0,"event_name":"Big Fish","floor":5,"gold_loss":0},{"damage_healed":0,"gold_gain":0,"player_choice":"0 cards matched","damage_taken":0,"max_hp_gain":0,"max_hp_loss":0,"event_name":"Match and Keep!","floor":19,"gold_loss":0,"cards_obtained":[]},{"damage_healed":0,"gold_gain":50,"player_choice":"Pray","damage_taken":0,"max_hp_gain":0,"max_hp_loss":0,"event_name":"Golden Shrine","floor":21,"gold_loss":0}],"is_beta":false,"boss_relics":[{"not_picked":["Black Star","Runic Dome"],"picked":"Cursed Key"}],"items_purged_floors":[],"is_endless":false,"potions_floor_spawned":[1,3,8,10,14,18,20],"killed_by":"Chosen and Byrds","ascension_level":20}}