{"host":"hjw1ay65n7jm40lc","time":1609874571,"event":{"mods":["AchievementEnabler","BaseMod","Block Reminder","Colored Map","Colored Powertips","Curses Come First","Googly Eyes","Hermit","Highlight Path","Minty Spire (QoL Compilation)","Quick Restart","Relic Stats","StSLib"],"gold_per_floor":[109,128,147,147,147,147,178,178,205,250,262,290,317,348,360,498,510,535,547,572,584,289,323,323,366,366,382,126,126,149,170,170,299,299,319,319,335,335,348,348,386,3,55,74,74,89,122,137,137,137,137,137,37,78,78],"floor_reached":56,"playtime":5291,"items_purged":[],"score":1546,"play_id":"1bed92e0-40c3-4091-a7bf-89b495326164","local_time":"20210105142251","is_ascension_mode":true,"campfire_choices":[{"data":"hermit:Roughhouse","floor":6.0,"key":"SMITH"},{"data":"hermit:LoneWolf","floor":8.0,"key":"SMITH"},{"data":"hermit:Quickdraw","floor":11.0,"key":"SMITH"},{"data":"hermit:FlashPowder","floor":15.0,"key":"SMITH"},{"data":"hermit:FatalDesire","floor":24.0,"key":"SMITH"},{"data":"hermit:DeadMansHand","floor":29.0,"key":"SMITH"},{"data":"hermit:Combo","floor":32.0,"key":"SMITH"},{"floor":40.0,"key":"RECALL"},{"data":"1","floor":49,"key":"LIFT"},{"data":"2","floor":52,"key":"LIFT"}],"circlet_count":0,"master_deck":["hermit:Defend_Hermit","hermit:Defend_Hermit","hermit:Defend_Hermit","hermit:Defend_Hermit","hermit:Snapshot","hermit:Covet","Clumsy","hermit:Roughhouse+1","hermit:LoneWolf+1","hermit:Quickdraw+1","Injury","hermit:FlashPowder+1","hermit:FatalDesire+1","hermit:DeadMansHand+1","hermit:BodyArmor","hermit:Combo+1","hermit:Reprieve","hermit:Magnum+1","hermit:HeroicBravado","hermit:Snipe+1","hermit:Determination","Shame","hermit:DeadMansHand+1"],"relics":["hermit:Momento","Golden Idol","Anchor","MawBank","PreservedInsect","Cursed Key","TungstenRod","Molten Egg 2","Letter Opener","Fusion Hammer","Darkstone Periapt","Girya","Pantograph","Nunchaku"],"acts_visited":["Exordium","TheCity","TheBeyond","TheEnding"],"potions_floor_usage":[46,47,47,55,55,55],"damage_taken":[{"damage":5.0,"enemies":"2 Louse","floor":1.0,"turns":2.0},{"damage":8.0,"enemies":"Small Slimes","floor":2.0,"turns":3.0},{"damage":0.0,"enemies":"Jaw Worm","floor":3.0,"turns":4.0},{"damage":1.0,"enemies":"Gremlin Nob","floor":7.0,"turns":4.0},{"damage":5.0,"enemies":"3 Sentries","floor":10.0,"turns":6.0},{"damage":8.0,"enemies":"Exordium Wildlife","floor":12.0,"turns":3.0},{"damage":11.0,"enemies":"Exordium Thugs","floor":13.0,"turns":5.0},{"damage":0.0,"enemies":"2 Fungi Beasts","floor":14.0,"turns":4.0},{"damage":18.0,"enemies":"The Guardian","floor":16.0,"turns":14.0},{"damage":9.0,"enemies":"Chosen","floor":18.0,"turns":5.0},{"damage":0.0,"enemies":"Spheric Guardian","floor":20.0,"turns":4.0},{"damage":15.0,"enemies":"Book of Stabbing","floor":23.0,"turns":5.0},{"damage":0.0,"enemies":"Slavers","floor":25.0,"turns":5.0},{"damage":0.0,"enemies":"Chosen and Byrds","floor":27.0,"turns":5.0},{"damage":0.0,"enemies":"3 Cultists","floor":30.0,"turns":4.0},{"damage":0.0,"enemies":"Snecko","floor":31.0,"turns":4.0},{"damage":0.0,"enemies":"Champ","floor":33.0,"turns":7.0},{"damage":9.0,"enemies":"3 Darklings","floor":35.0,"turns":4.0},{"damage":0.0,"enemies":"3 Shapes","floor":37.0,"turns":6.0},{"damage":0.0,"enemies":"Maw","floor":39.0,"turns":6.0},{"damage":0.0,"enemies":"Nemesis","floor":41.0,"turns":3.0},{"damage":4.0,"enemies":"3 Darklings","floor":44.0,"turns":5.0},{"damage":46,"enemies":"4 Shapes","floor":46,"turns":6},{"damage":9,"enemies":"Reptomancer","floor":47,"turns":7},{"damage":0,"enemies":"Writhing Mass","floor":48,"turns":5},{"damage":80,"enemies":"Donu and Deca","floor":50,"turns":11},{"damage":51,"enemies":"Shield and Spear","floor":54,"turns":6},{"damage":37,"enemies":"The Heart","floor":55,"turns":9}],"seed_played":"8314994492295309461","potions_obtained":[{"floor":2.0,"key":"PowerPotion"},{"floor":3.0,"key":"hermit:Tonic"},{"floor":14.0,"key":"hermit:BlackBile"},{"floor":23.0,"key":"ColorlessPotion"},{"floor":27.0,"key":"GamblersBrew"},{"floor":31.0,"key":"BlessingOfTheForge"},{"floor":35.0,"key":"EssenceOfSteel"},{"floor":37.0,"key":"Block Potion"},{"floor":46,"key":"Ancient Potion"}],"is_trial":false,"path_per_floor":["M","M","M","?","?","R","E","R","T","E","R","M","M","M","R","B",null,"M","?","M","?","$","E","R","E","T","M","$","R","M","M","R","B",null,"M","?","M","$","M","R","E","$","T","M","?","M","E","M","R","B",null,"R","$","E","B",null],"character_chosen":"HERMIT","items_purchased":["hermit:Combo","hermit:Reprieve","PowerPotion","DistilledChaos","Letter Opener","hermit:Determination","Girya","EntropicBrew"],"campfire_rested":0,"item_purchase_floors":[22,22,22,22,28,42,42,53],"current_hp_per_floor":[70,62,62,62,62,62,61,61,61,56,56,48,37,37,37,19,75,66,66,66,66,66,51,51,59,59,75,75,75,75,75,75,75,75,73,71,71,71,71,71,71,71,77,73,73,31,38,50,50,19,77,77,77,42,40],"gold":78,"neow_bonus":"THREE_RARE_CARDS","is_daily":false,"chose_seed":false,"campfire_upgraded":7,"win_rate":0.0,"timestamp":1609874571,"path_taken":["M","M","M","?","?","R","E","R","T","E","R","M","M","M","R","BOSS","M","?","M","?","?","E","R","E","T","?","$","R","M","M","R","BOSS","M","?","M","$","M","R","E","$","T","M","?","M","E","M","R","BOSS","R","$","E","BOSS"],"items_purchased_type":["Card","Card","Potion","Potion","Relic","Card","Relic","Potion"],"build_version":"2020-12-22","purchased_purges":0,"victory":true,"max_hp_per_floor":[75,75,75,75,75,75,75,75,75,75,75,75,75,75,75,75,75,75,75,75,75,75,75,75,75,75,75,75,75,75,75,75,75,75,75,71,71,71,71,71,71,71,77,77,77,77,77,77,77,77,77,77,77,77,77],"relic_stats":{"Darkstone Periapt":6,"Nunchaku":[1],"counters":[28,152],"Golden Idol":200,"Pantograph":50,"PreservedInsect":251,"Letter Opener":[327],"MawBank":156,"Cursed Key":1,"obtain_stats":[{"Darkstone Periapt":41,"Girya":42,"Golden Idol":5,"PreservedInsect":10,"Letter Opener":28,"MawBank":9,"Cursed Key":17,"Anchor":7,"Nunchaku":54,"Pantograph":47,"Molten Egg 2":25,"Fusion Hammer":34,"hermit:Momento":0,"TungstenRod":23},{"Darkstone Periapt":21,"Girya":21,"Golden Idol":3,"PreservedInsect":5,"Letter Opener":14,"MawBank":4,"Cursed Key":9,"Anchor":4,"Nunchaku":27,"Pantograph":24,"Molten Egg 2":13,"Fusion Hammer":17,"hermit:Momento":0,"TungstenRod":12},{"Darkstone Periapt":103,"Girya":103,"Golden Idol":9,"PreservedInsect":19,"Letter Opener":69,"MawBank":13,"Cursed Key":45,"Anchor":13,"Nunchaku":143,"Pantograph":121,"Molten Egg 2":64,"Fusion Hammer":84,"hermit:Momento":0,"TungstenRod":59}],"TungstenRod":72},"card_choices":[{"not_picked":["hermit:Purgatory","hermit:OverwhelmingPower"],"picked":"hermit:Roughhouse","floor":0.0},{"not_picked":["hermit:Snipe","hermit:Desperado","hermit:Showdown"],"picked":"SKIP","floor":1.0},{"not_picked":["hermit:Manifest","hermit:Vantage","hermit:HoleUp"],"picked":"SKIP","floor":2.0},{"not_picked":["hermit:HoleUp","hermit:Feint"],"picked":"hermit:LoneWolf","floor":3.0},{"not_picked":["hermit:Shortfuse","hermit:SprayPray","hermit:Headshot"],"picked":"SKIP","floor":7.0},{"not_picked":["hermit:Ricochet","hermit:FromBeyond","hermit:Roulette"],"picked":"SKIP","floor":10.0},{"not_picked":["hermit:Dive","hermit:Maintenance","hermit:Glare"],"picked":"SKIP","floor":12.0},{"not_picked":["hermit:LowProfile","hermit:HoleUp","hermit:Headshot"],"picked":"SKIP","floor":13.0},{"not_picked":["hermit:Coalescence","hermit:EyeOfTheStorm"],"picked":"hermit:FlashPowder","floor":14.0},{"not_picked":["hermit:Roughhouse","hermit:Purgatory"],"picked":"hermit:FatalDesire","floor":16.0},{"not_picked":["hermit:Feint+1","hermit:HighCaliber+1","hermit:Headshot"],"picked":"SKIP","floor":18.0},{"not_picked":["hermit:CalledShot","hermit:Manifest","hermit:HoleUp"],"picked":"SKIP","floor":20.0},{"not_picked":["hermit:Ricochet","hermit:Desperado+1","hermit:Manifest"],"picked":"SKIP","floor":23.0},{"not_picked":["hermit:Dive","hermit:FromBeyond"],"picked":"hermit:Magnum+1","floor":25.0},{"not_picked":["hermit:Ricochet+1","hermit:CursedWeapon+1","hermit:Midnight"],"picked":"SKIP","floor":27.0},{"not_picked":["hermit:Enervate+1","hermit:CursedWeapon+1","hermit:Brawl"],"picked":"SKIP","floor":30.0},{"not_picked":["hermit:LowProfile","hermit:TrackingShot+1","hermit:Horror"],"picked":"SKIP","floor":31.0},{"not_picked":["hermit:Dissolve","hermit:RoundhouseKick+1"],"picked":"hermit:HeroicBravado","floor":33.0},{"not_picked":["hermit:ItchyTrigger+1","hermit:Shortfuse+1"],"picked":"hermit:Snipe+1","floor":35.0},{"not_picked":["hermit:Vantage","hermit:Roulette+1","hermit:Showdown+1"],"picked":"SKIP","floor":37.0},{"not_picked":["hermit:FullyLoaded+1","hermit:Desperado+1","hermit:TrackingShot+1"],"picked":"SKIP","floor":39.0},{"not_picked":["hermit:BodyArmor","hermit:TrackingShot+1","hermit:Misfire+1"],"picked":"SKIP","floor":41.0},{"not_picked":["hermit:WideOpen+1","hermit:LowProfile+1","hermit:LoneWolf+1"],"picked":"SKIP","floor":44.0},{"not_picked":["hermit:HighCaliber+1","hermit:Glare","hermit:Quickdraw+1"],"picked":"SKIP","floor":46},{"not_picked":["hermit:EternalForm","hermit:SprayPray+1","hermit:FullyLoaded"],"picked":"SKIP","floor":47},{"not_picked":["hermit:GoldenBullet+1","hermit:Malice+1","hermit:TakeCover+1"],"picked":"SKIP","floor":48},{"not_picked":["hermit:ItchyTrigger+1","hermit:WideOpen+1"],"picked":"hermit:DeadMansHand+1","floor":54}],"player_experience":425794,"relics_obtained":[{"floor":7.0,"key":"Anchor"},{"floor":9.0,"key":"MawBank"},{"floor":10.0,"key":"PreservedInsect"},{"floor":23.0,"key":"TungstenRod"},{"floor":25.0,"key":"Molten Egg 2"},{"floor":41.0,"key":"Darkstone Periapt"},{"floor":47,"key":"Pantograph"},{"floor":54,"key":"Nunchaku"}],"event_choices":[{"damage_healed":0.0,"max_hp_gain":0.0,"max_hp_loss":0.0,"gold_gain":0.0,"cards_transformed":["hermit:Strike_Hermit"],"event_name":"Living Wall","player_choice":"Change","floor":4.0,"gold_loss":0.0,"damage_taken":0.0,"cards_obtained":["hermit:Quickdraw"]},{"damage_healed":0.0,"max_hp_gain":0.0,"max_hp_loss":0.0,"gold_gain":0.0,"event_name":"Golden Idol","player_choice":"Take Wound","floor":5.0,"gold_loss":0.0,"damage_taken":0.0,"relics_obtained":["Golden Idol"],"cards_obtained":["Injury"]},{"damage_healed":0.0,"max_hp_gain":0.0,"max_hp_loss":0.0,"gold_gain":0.0,"cards_transformed":["hermit:Strike_Hermit","hermit:Strike_Hermit"],"event_name":"Drug Dealer","player_choice":"Became Test Subject","floor":19.0,"gold_loss":0.0,"damage_taken":0.0,"cards_obtained":["hermit:DeadMansHand","hermit:BodyArmor"]},{"damage_healed":0.0,"max_hp_gain":0.0,"max_hp_loss":0.0,"gold_gain":0.0,"event_name":"Vampires","player_choice":"Ignored","floor":21.0,"gold_loss":0.0,"damage_taken":0.0},{"damage_healed":0.0,"max_hp_gain":0.0,"max_hp_loss":4.0,"gold_gain":0.0,"event_name":"Winding Halls","player_choice":"Max HP","floor":36.0,"gold_loss":0.0,"damage_taken":0.0},{"cards_removed":["hermit:Strike_Hermit"],"damage_healed":0.0,"max_hp_gain":0.0,"max_hp_loss":0.0,"gold_gain":0.0,"event_name":"Falling","player_choice":"Removed Attack","floor":45.0,"gold_loss":0.0,"damage_taken":0.0}],"is_beta":false,"boss_relics":[{"not_picked":["Pandora\u0027s Box","Runic Dome"],"picked":"Cursed Key"},{"not_picked":["Velvet Choker","hermit:ClaspedLocket"],"picked":"Fusion Hammer"}],"items_purged_floors":[],"is_endless":false,"potions_floor_spawned":[2,3,14,23,27,31,35,37,46],"ascension_level":4}}