{"host":"w9yruvs4bqht6bhw","time":1609808795,"event":{"mods":["BaseMod","Colored Powertips","Minty Spire (QoL Compilation)"],"gold_per_floor":[114,126,146,164,164,190,190,216,216,216,227,227,253,225,225,225,225],"floor_reached":16,"playtime":452,"items_purged":[],"score":228,"play_id":"69d83204-4edb-4806-bda0-4fd4ea871f80","local_time":"20210104200635","is_ascension_mode":true,"campfire_choices":[{"floor":7,"key":"REST"},{"data":"Heavy Blade","floor":12,"key":"SMITH"},{"data":"Thunderclap","floor":15,"key":"SMITH"}],"circlet_count":0,"master_deck":["Strike_R","Strike_R+1","Strike_R","Strike_R","Strike_R","Defend_R","Defend_R","Defend_R","Defend_R","Bash+1","Feed+1","Spot Weakness","Heavy Blade+1","Thunderclap+1","Iron Wave"],"relics":["Burning Blood","PreservedInsect","Champion Belt","Pear","The Courier"],"acts_visited":["Exordium"],"potions_floor_usage":[4,6,8],"damage_taken":[{"damage":3,"enemies":"2 Louse","floor":1,"turns":4},{"damage":19,"enemies":"Jaw Worm","floor":2,"turns":8},{"damage":0,"enemies":"Small Slimes","floor":3,"turns":3},{"damage":0,"enemies":"2 Fungi Beasts","floor":4,"turns":2},{"damage":48,"enemies":"Gremlin Nob","floor":6,"turns":4},{"damage":0,"enemies":"3 Sentries","floor":8,"turns":3},{"damage":8,"enemies":"Looter","floor":11,"turns":2},{"damage":20,"enemies":"Lagavulin","floor":13,"turns":5},{"damage":54,"enemies":"Hexaghost","floor":16,"turns":9}],"seed_played":"7786415827995778099","potions_obtained":[{"floor":1,"key":"AttackPotion"},{"floor":4,"key":"LiquidBronze"},{"floor":6,"key":"DistilledChaos"}],"is_trial":false,"path_per_floor":["M","M","M","M","?","E","R","E","T","?","M","R","E","?","R","B"],"character_chosen":"IRONCLAD","items_purchased":[],"campfire_rested":1,"item_purchase_floors":[],"current_hp_per_floor":[78,68,77,86,68,26,53,59,69,69,67,67,53,53,53,0,0],"gold":225,"neow_bonus":"ONE_RANDOM_RARE_CARD","is_daily":false,"chose_seed":false,"campfire_upgraded":2,"win_rate":0.0,"timestamp":1609808795,"path_taken":["M","M","M","M","?","E","R","E","T","?","M","R","E","?","R","BOSS"],"items_purchased_type":[],"build_version":"2020-12-22","purchased_purges":0,"victory":false,"max_hp_per_floor":[83,86,89,92,92,92,92,92,102,102,102,102,102,102,102,102,102],"card_choices":[{"not_picked":["Rupture","Heavy Blade","Metallicize"],"picked":"SKIP","floor":1},{"not_picked":["Heavy Blade","Rupture"],"picked":"Spot Weakness","floor":2},{"not_picked":["Dark Embrace","Twin Strike"],"picked":"Heavy Blade","floor":3},{"not_picked":["Pommel Strike","Intimidate"],"picked":"Thunderclap","floor":4},{"not_picked":["True Grit","Reckless Charge","Warcry"],"picked":"SKIP","floor":6},{"not_picked":["Perfected Strike","Reckless Charge","Blood for Blood"],"picked":"SKIP","floor":8},{"not_picked":["Feel No Pain","True Grit","Perfected Strike"],"picked":"SKIP","floor":11},{"not_picked":["Sword Boomerang","Shrug It Off"],"picked":"Iron Wave","floor":13}],"player_experience":325202,"relics_obtained":[{"floor":6,"key":"PreservedInsect"},{"floor":8,"key":"Champion Belt"},{"floor":9,"key":"Pear"},{"floor":13,"key":"The Courier"}],"event_choices":[{"damage_healed":0,"gold_gain":0,"player_choice":"Entered Light","damage_taken":18,"max_hp_gain":0,"max_hp_loss":0,"event_name":"Shining Light","floor":5,"gold_loss":0,"cards_upgraded":["Bash","Strike_R"]},{"damage_healed":0,"gold_gain":0,"player_choice":"Grow","damage_taken":0,"max_hp_gain":0,"max_hp_loss":0,"event_name":"Living Wall","floor":10,"gold_loss":0,"cards_upgraded":["Feed"]},{"damage_healed":0,"gold_gain":0,"player_choice":"Left Gold","damage_taken":0,"max_hp_gain":0,"max_hp_loss":0,"event_name":"World of Goop","floor":14,"gold_loss":28}],"is_beta":false,"boss_relics":[],"items_purged_floors":[],"is_endless":false,"potions_floor_spawned":[1,4,6],"killed_by":"Hexaghost","ascension_level":8}}