{"host":"hszimsrtxxc2k25w","time":1609843647,"event":{"mods":["AchievementEnabler","BaseMod","Colored Map","DeckTracker","Minty Spire (QoL Compilation)","Rare Cards Sparkle","SuperFastMode"],"gold_per_floor":[118,118,43,57,57,92,105,105,132,166,166,180,200,225,225,225,225],"floor_reached":16,"playtime":360,"items_purged":["Strike_R"],"score":274,"play_id":"0f26224c-5305-45ec-9c9b-b1045421876a","local_time":"20210105194727","is_ascension_mode":true,"campfire_choices":[{"data":"Bash","floor":15,"key":"SMITH"}],"circlet_count":0,"master_deck":["AscendersBane","Strike_R","Strike_R","Strike_R","Defend_R","Defend_R","Defend_R","Defend_R","Bash+1","Clothesline","Battle Trance","Twin Strike","Hemokinesis","Evolve","Dropkick"],"relics":["Burning Blood","NeowsBlessing","Bag of Preparation","Golden Idol","Anchor","MealTicket"],"acts_visited":["Exordium"],"potions_floor_usage":[12,14,16],"damage_taken":[{"damage":0.0,"enemies":"2 Louse","floor":1.0,"turns":1.0},{"damage":0,"enemies":"Cultist","floor":4,"turns":1},{"damage":0,"enemies":"Lagavulin","floor":6,"turns":1},{"damage":11,"enemies":"Jaw Worm","floor":7,"turns":4},{"damage":69,"enemies":"3 Sentries","floor":10,"turns":13},{"damage":0,"enemies":"2 Fungi Beasts","floor":12,"turns":3},{"damage":4,"enemies":"3 Louse","floor":13,"turns":4},{"damage":2,"enemies":"Red Slaver","floor":14,"turns":3},{"damage":23,"enemies":"The Guardian","floor":16,"turns":5}],"seed_played":"-4340172306365011244","potions_obtained":[{"floor":2,"key":"LiquidMemories"},{"floor":2,"key":"LiquidBronze"},{"floor":12,"key":"Fire Potion"},{"floor":14,"key":"SkillPotion"}],"is_trial":false,"path_per_floor":["M","?","$","M","?","E","M","?","T","E","?","M","M","M","R","B"],"character_chosen":"IRONCLAD","items_purchased":[],"campfire_rested":0,"item_purchase_floors":[],"current_hp_per_floor":[74,74,74,75,80,80,75,72,72,9,9,15,17,21,21,0,0],"gold":225,"neow_bonus":"THREE_ENEMY_KILL","is_daily":false,"chose_seed":false,"campfire_upgraded":1,"win_rate":0.0,"timestamp":1609843647,"path_taken":["M","?","$","?","?","E","M","?","T","E","?","?","M","M","R","BOSS"],"items_purchased_type":[],"build_version":"2020-12-22","purchased_purges":1,"victory":false,"max_hp_per_floor":[75,75,75,75,80,80,80,72,72,72,72,72,72,72,72,72,72],"card_choices":[{"not_picked":["Headbutt","Warcry"],"picked":"Clothesline","floor":1},{"not_picked":["Iron Wave","Heavy Blade"],"picked":"Battle Trance","floor":4},{"not_picked":["Combust","Iron Wave","Clash"],"picked":"SKIP","floor":6},{"not_picked":["Havoc","Body Slam","Clothesline"],"picked":"SKIP","floor":7},{"not_picked":["Rupture","Clash"],"picked":"Twin Strike","floor":10},{"not_picked":["Clash","Armaments"],"picked":"Hemokinesis","floor":12},{"not_picked":["Searing Blow","Pummel"],"picked":"Evolve","floor":13},{"not_picked":["Seeing Red","Spot Weakness"],"picked":"Dropkick","floor":14}],"player_experience":603601,"relics_obtained":[{"floor":6,"key":"Bag of Preparation"},{"floor":9,"key":"Anchor"},{"floor":10,"key":"MealTicket"}],"event_choices":[{"damage_healed":0,"gold_gain":0,"player_choice":"Got Potions","damage_taken":0,"max_hp_gain":0,"max_hp_loss":0,"event_name":"Lab","floor":2,"gold_loss":0},{"damage_healed":0,"gold_gain":0,"player_choice":"Donut","damage_taken":0,"max_hp_gain":5,"max_hp_loss":0,"event_name":"Big Fish","floor":5,"gold_loss":0},{"damage_healed":0,"gold_gain":0,"player_choice":"Lose Max HP","damage_taken":0,"relics_obtained":["Golden Idol"],"max_hp_gain":0,"max_hp_loss":8,"event_name":"Golden Idol","floor":8,"gold_loss":0},{"cards_removed":["Strike_R"],"damage_healed":0,"gold_gain":0,"player_choice":"Offered Basic","damage_taken":0,"max_hp_gain":0,"max_hp_loss":0,"event_name":"Bonfire Elementals","floor":11,"gold_loss":0}],"is_beta":false,"boss_relics":[],"items_purged_floors":[3],"is_endless":false,"potions_floor_spawned":[7,10,12,14],"killed_by":"The Guardian","ascension_level":20}}