{"host":"ig7tc0uedzltt2sr","time":1609830365,"event":{"mods":["BaseMod","Better Twitch Integration","Block Reminder","Colored Map","Colored Powertips","Communication Mod","Current Relic Mod","GifTheSpireLib","HexUI Lib","Minty Spire (QoL Compilation)","Quick Restart","Random Character Button","Rare Cards Sparkle","Relic Sorter","Relic Stats","Slay the Relics Exporter","StSLib","SuperFastMode","Synergy Search","Twitch Decklist","Twitch Utils","everything is the same but u backflip on backflip","slay the spire mod where everything is the same but ironclad has a cowboy hat"],"gold_per_floor":[109,284,284,284,300,317,272,272,272,286,286,318,318,336,336,336,336],"floor_reached":16,"playtime":100,"items_purged":[],"score":100,"play_id":"60387563-69cc-40a9-9cf3-4c9f854c0863","local_time":"20210104230605","is_ascension_mode":false,"campfire_choices":[{"floor":11,"key":"REST"},{"floor":15,"key":"REST"}],"circlet_count":0,"master_deck":["Strike_R","Strike_R","Strike_R","Strike_R","Strike_R","Defend_R","Defend_R","Defend_R","Defend_R","Bash","Rupture","Doubt","Rampage","Battle Trance","Rampage","Intimidate","Metallicize","Clash"],"relics":["Burning Blood","NeowsBlessing","StrikeDummy","Letter Opener"],"acts_visited":["Exordium"],"potions_floor_usage":[],"damage_taken":[{"damage":0,"enemies":"Jaw Worm","floor":1,"turns":2},{"damage":0,"enemies":"2 Louse","floor":5,"turns":1},{"damage":0,"enemies":"Cultist","floor":6,"turns":1},{"damage":22,"enemies":"Looter","floor":7,"turns":5},{"damage":32,"enemies":"2 Fungi Beasts","floor":10,"turns":6},{"damage":54,"enemies":"Lagavulin","floor":12,"turns":9},{"damage":21,"enemies":"3 Louse","floor":14,"turns":4},{"damage":56,"enemies":"Slime Boss","floor":16,"turns":12}],"seed_played":"1163758092457355608","potions_obtained":[{"floor":1,"key":"ElixirPotion"},{"floor":10,"key":"AttackPotion"},{"floor":14,"key":"Weak Potion"}],"is_trial":false,"path_per_floor":["M","?","$","?","M","M","M","?","T","M","R","E","?","M","R","B"],"character_chosen":"IRONCLAD","items_purchased":[],"campfire_rested":2,"item_purchase_floors":[],"current_hp_per_floor":[80,80,80,80,80,80,64,64,64,38,62,14,40,25,49,0,0],"gold":336,"neow_bonus":"THREE_ENEMY_KILL","is_daily":false,"chose_seed":false,"campfire_upgraded":0,"win_rate":0.0,"timestamp":1609830365,"path_taken":["M","?","$","?","M","M","?","?","T","M","R","E","?","M","R","BOSS"],"items_purchased_type":[],"build_version":"2020-12-22","purchased_purges":0,"victory":false,"max_hp_per_floor":[80,80,80,80,80,80,80,80,80,80,80,80,80,80,80,80,80],"relic_stats":{"counters":[8,40],"Letter Opener":[26],"obtain_stats":[{"NeowsBlessing":0,"Letter Opener":12,"StrikeDummy":9,"Burning Blood":0},{"NeowsBlessing":0,"Letter Opener":6,"StrikeDummy":4,"Burning Blood":0},{"NeowsBlessing":0,"Letter Opener":24,"StrikeDummy":9,"Burning Blood":0}],"Burning Blood":24},"card_choices":[{"not_picked":["Anger","Flex"],"picked":"Rupture","floor":1},{"not_picked":["Headbutt","Reckless Charge"],"picked":"Rampage","floor":5},{"not_picked":["Perfected Strike","Warcry"],"picked":"Battle Trance","floor":6},{"not_picked":["Carnage","Reckless Charge"],"picked":"Rampage","floor":7},{"not_picked":["Sword Boomerang","Havoc"],"picked":"Intimidate","floor":10},{"not_picked":["Anger","Fire Breathing"],"picked":"Metallicize","floor":12},{"not_picked":["Heavy Blade","Wild Strike"],"picked":"Clash","floor":14}],"player_experience":1430087,"relics_obtained":[{"floor":9,"key":"StrikeDummy"},{"floor":12,"key":"Letter Opener"}],"event_choices":[{"damage_healed":0,"gold_gain":175,"player_choice":"AGREE","damage_taken":0,"max_hp_gain":0,"max_hp_loss":0,"event_name":"Liars Game","floor":2,"gold_loss":0,"cards_obtained":["Doubt"]},{"damage_healed":0,"gold_gain":0,"player_choice":"Ignored","damage_taken":0,"max_hp_gain":0,"max_hp_loss":0,"event_name":"Upgrade Shrine","floor":4,"gold_loss":0},{"damage_healed":0,"gold_gain":0,"player_choice":"Ignored","damage_taken":0,"max_hp_gain":0,"max_hp_loss":0,"event_name":"Golden Idol","floor":8,"gold_loss":0},{"damage_healed":26,"gold_gain":0,"player_choice":"Banana","damage_taken":0,"max_hp_gain":0,"max_hp_loss":0,"event_name":"Big Fish","floor":13,"gold_loss":0}],"is_beta":false,"boss_relics":[],"items_purged_floors":[],"is_endless":false,"potions_floor_spawned":[1,10,14],"killed_by":"Slime Boss","ascension_level":0}}