{"host":"kq2g769nefmuyn7c","time":1609842897,"event":{"mods":["ATMod(°¢èªMod)","Act Like it!","BaseMod","Gensokyo","Koishi","Marisa£¨ìFÓê¡¡Ä§ÀíÉ³£©","Minty Spire (QoL Compilation)","Replay The Spire","StSLib"],"gold_per_floor":[110,110,183,43,63,63,1,18,43,43,71,91,91,91],"floor_reached":13,"playtime":611,"items_purged":[],"score":94,"play_id":"84571008-108c-4c70-a212-26e61f5c27e8","local_time":"20210105183457","is_ascension_mode":true,"campfire_choices":[{"data":"AT_CelerityRune","floor":6.0,"key":"SMITH"},{"data":"Koishi:Heartbroken","floor":10,"key":"SMITH"}],"circlet_count":1,"master_deck":["Koishi:BasicStrike","Koishi:BasicStrike","Koishi:BasicStrike","Koishi:BasicStrike","Koishi:BasicDefend+1","Koishi:BasicDefend","Koishi:BasicDefend","Koishi:BasicDefend","Koishi:Provoke","Koishi:HauntingSlash","Koishi:Heartbroken+1","AT_CelerityRune+1","Koishi:IdleWhim","Koishi:HeartAttack","Koishi:ReflexRadar","Koishi:ApparitionsStalkTheNight+1","Koishi:RorschachInDanmaku","Koishi:TerrifyingSpectre","Koishi:CatchAndRose"],"relics":["Koishi:ImaginaryFriend","AT_ATBox","Smiling Mask","Circlet","War Paint","Vajra"],"acts_visited":["Gensokyo:Gensokyo"],"potions_floor_usage":[12],"damage_taken":[{"damage":12.0,"enemies":"Gensokyo:Python","floor":1.0,"turns":6.0},{"damage":6.0,"enemies":"Gensokyo:3_Fairies","floor":5.0,"turns":4.0},{"damage":4,"enemies":"Gensokyo:2_Kodama","floor":8,"turns":4},{"damage":10,"enemies":"Gensokyo:Mamizou","floor":11,"turns":9},{"damage":26,"enemies":"Gensokyo:Gryphon_and_Rabbit","floor":12,"turns":7},{"damage":24,"enemies":"Gensokyo:Cirno","floor":13,"turns":6}],"seed_played":"-7717142845668536030","potions_obtained":[{"floor":1.0,"key":"LiquidMemories"},{"floor":8,"key":"FearPotion"},{"floor":11,"key":"Strength Potion"}],"is_trial":false,"path_per_floor":["M","?","?","?","M","R","?","M","T","R","E","M","E"],"character_chosen":"KOISHI","items_purchased":[],"campfire_rested":0,"item_purchase_floors":[],"current_hp_per_floor":[50,50,35,35,29,29,60,57,57,57,49,23,0,0],"gold":91,"neow_bonus":"ONE_RANDOM_RARE_CARD","is_daily":false,"chose_seed":false,"campfire_upgraded":2,"win_rate":0.0,"timestamp":1609842897,"path_taken":["M","?","?","?","?","R","?","M","T","R","E","M","E"],"items_purchased_type":[],"build_version":"2020-12-22","purchased_purges":0,"victory":false,"max_hp_per_floor":[60,60,60,60,60,60,60,60,60,60,60,60,60,60],"card_choices":[{"not_picked":["Koishi:UnansweredLove","Koishi:Prune"],"picked":"Koishi:IdleWhim","floor":1.0},{"not_picked":["Koishi:FleetingPhantom","Koishi:ApparitionsStalkTheNight"],"picked":"Koishi:HeartAttack","floor":3.0},{"not_picked":["Koishi:ParalyzingFear","Koishi:Prune"],"picked":"Koishi:ReflexRadar","floor":3.0},{"not_picked":["Koishi:Vanish","Koishi:RacingHeart"],"picked":"Koishi:ApparitionsStalkTheNight","floor":5.0},{"not_picked":["Koishi:SubconsciousSweep","Koishi:UnansweredLove"],"picked":"Koishi:RorschachInDanmaku","floor":8},{"not_picked":["Koishi:EmbersOfLove","Koishi:TraumaticStroke"],"picked":"Koishi:TerrifyingSpectre","floor":11},{"not_picked":["Koishi:SpiritedAway","Koishi:Catatonia"],"picked":"Koishi:CatchAndRose","floor":12}],"player_experience":128060,"relics_obtained":[{"floor":3.0,"key":"Smiling Mask"},{"floor":9,"key":"War Paint"},{"floor":11,"key":"Vajra"}],"event_choices":[],"is_beta":false,"boss_relics":[],"items_purged_floors":[],"is_endless":false,"potions_floor_spawned":[1,8,11],"killed_by":"Gensokyo:Cirno","ascension_level":3}}