{"host":"61ejhfsushs0xmcl","time":1609863451,"event":{"mods":["ATMod(阿瑾Mod)","Act Like it!","BaseMod","Colored Map","Gensokyo","Gold Saver","Koishi","Minty Spire (QoL Compilation)","MostiFishMod","Pale of the Ancients","Reimu（博丽灵梦）","Spicy Shops","StSLib","TestMod","Waifu the Spire","【遗物卡牌】REMEMod","篝火指南"],"gold_per_floor":[2844,2844,2857,2871,2310,2339,1946,1078,1102,1131,906,920,954,954,512,587,587,603,616,629,389,1009,535,546,10,21,655,1281,3104,2577,3189,2886,2956,2956,4769,4769,4769,4818,4886,5510,5060,6994,7019,8907,8039,9917,9353,9991,9991,10043,11381,12715,12762,12762,12033,1669,1791,1566,1328,1328,1512],"floor_reached":62,"playtime":3073,"items_purged":["Defend_B","Defend_B","Strike_B","Zap","Dualcast","Shame","Strike_B","Defend_B","Strike_B","Strike_B","AT_BreakingExtremeWeapon","REME_DataAnalysis","Gash+1","testmod-Illusory+1","AT_Homeward","testmod-PerfectCombo","REME_BuildACard+1"],"score":4101,"play_id":"09d94d05-1f41-4662-b0c2-88d6a188361d","local_time":"20210106001731","is_ascension_mode":true,"campfire_choices":[{"floor":49.0,"key":"RECALL"}],"circlet_count":0,"master_deck":["MostiFishMod:Culaccino+1","Seek+1","MostiFishMod:DeathFromBelow+1","MostiFishMod:InterfaceCompatibility+1","REME_MawOfCthun+1","MostiFishMod:IntelligentEquipment+1","DeusExMachina+1","Coolheaded+1","Skim+1","testmod-ShutDown+1","REME_HeartOfCthun+1","Master of Strategy+1","testmod-DisillusionmentEcho+1","Purity","Blind","MostiFishMod:SupremeArchaeology+1","MostiFishMod:StoryBook+1","testmod-Mystery","Discovery","Flash of Steel","testmod-HeadAttack","Enlightenment","testmod-TaurusBlackCat+1","Purity+1","Swift Strike","testmod-DeathImprint","MostiFishMod:ElfcollectionBox+1","PanicButton","testmod-Reverberation+1","testmod-HeadAttack","testmod-RepeatForm+1","testmod-ConditionedReflex+1","Dramatic Entrance+1","testmod-Bloodthirsty","Apotheosis+1","REME_ShortnessOfBreath","AT_PowerWithin+1","Panache+1","HandOfGreed+1","Secret Technique+1","Mind Blast","testmod-LimitFlipper","AT_LightSaberMaster+1","AT_EmpoweredMortalDraw+1","Master of Strategy+1","testmod-AutoReboundSystem+1","testmod-LimitFlipper","Forethought","Good Instincts","Enlightenment","testmod-RabbitOfFibonacci","Flash of Steel","Finesse","MostiFishMod:ButterFly","Panacea","REME_MagicPocketWatch","testmod-LimitFlipper","AT_LightSaberMaster+1","testmod-Automaton","REME_FirmDetermination+1","testmod-AutoReboundSystem+1","Panacea","testmod-EternalityOfKhronos+1","Deep Breath","testmod-TradeIn+1","Metamorphosis+1","testmod-TemporaryDeletion+1","AT_PowerWithin+1","testmod-TreasureHunter+1","MostiFishMod:ButterFly","Master of Strategy+1","REME_FirmDetermination+1","testmod-WeaknessCounterattack","REME_ShortnessOfBreath","testmod-TemporaryDeletion+1","Dark Shackles","AT_CelerityRune+1","HandOfGreed+1","Bandage Up","Forethought","REME_BattleFury+1","Purity","Swift Strike","Impatience","Violence+1","testmod-PerfectCombo","REME_FirmDetermination+1","testmod-HandmadeProducts","REME_TwoStrings","testmod-DeathImprint","testmod-Collector","testmod-Reproduce+1","testmod-ConditionedReflex+1","Bandage Up","testmod-HandmadeProducts","MostiFishMod:SupremeArchaeology","testmod-ChaoticCore+1","REME_TheoryOfElimination","Trip","AT_TearsDenial+1","REME_ShortnessOfBreath","Purity","Finesse","testmod-Automaton","testmod-Bloodthirsty","REME_ShortnessOfBreath","MostiFishMod:Awakening+1","testmod-BloodShelter+1","testmod-LifeRuler","Forethought","testmod-PocketStoneCalender","Sadistic Nature+1","Trip","testmod-Librarian+1","AT_EmpoweredMortalDraw+1","testmod-HeadAttack","The Bomb+1","REME_FirmDetermination+1","MostiFishMod:SupremeArchaeology","Madness","MostiFishMod:KingOfFree+1","testmod-Reverberation+1","Enlightenment","Blind","MostiFishMod:ButterFly","testmod-HandmadeProducts","MostiFishMod:ButterFly","Dark Shackles","testmod-WeaknessCounterattack","REME_BodyOfCthun+1","Finesse","Flash of Steel","testmod-LifeRuler","AT_Homeward","Impatience","Good Instincts","testmod-Collector","testmod-BackupPower","testmod-HeadAttack","REME_FirmDetermination+1","Trip","Magnetism+1","REME_FirmDetermination+1","testmod-PerfectCombo","Magnetism+1","Violence+1","testmod-RabbitOfFibonacci","REME_TwoStrings","Master of Strategy+1","Bandage Up","Mind Blast","Impatience","Bandage Up","testmod-Collector","Swift Strike","testmod-Collector","Dark Shackles","testmod-CardIndex+1","REME_TheoryOfElimination","AT_CelerityRune+1","Flash of Steel","Mayhem+1","testmod-BloodShelter+1","PanicButton","testmod-PowerStrike+1","REME_TwoStrings","Enlightenment","testmod-ComboMaster","Apotheosis+1","Thinking Ahead+1","Jack Of All Trades","testmod-Collector","Panache+1","MostiFishMod:Awakening+1","Deep Breath","Flash of Steel","Jack Of All Trades","Dark Shackles","Swift Strike","Deep Breath","testmod-TradeIn+1","testmod-Mystery","testmod-TreasureHunter+1","testmod-SubstituteBySubterfuge","Jack Of All Trades","Finesse","REME_TwoStrings","testmod-SubstituteBySubterfuge","testmod-PulseDistributor+1","REME_ShortnessOfBreath","testmod-Recap+1","Blind","REME_MagicPocketWatch","testmod-HeadAttack","testmod-LimitFlipper","Panacea","Impatience","testmod-TaurusBlackCat+1","testmod-WeaknessCounterattack","testmod-AssimilatedRune+1","REME_ShortnessOfBreath","testmod-Recap+1","testmod-SubstituteBySubterfuge","Madness","REME_TwoStrings","testmod-SubstituteBySubterfuge","Discovery","Madness","testmod-ComboMaster","testmod-TemporaryDeletion+1","Magnetism+1","MostiFishMod:ElfcollectionBox+1","MostiFishMod:Kaleido+1","testmod-LifeRuler","Metamorphosis+1","REME_EyeOfCthun+1","Sadistic Nature+1"],"relics":["FrozenCore","testmod-TestBox","AT_ATBox","REME_ComplimentaryCards","testmod-PortableAltar","ExusiaiGun","SynthV:TestCard","DaveBox","Nloth\u0027s Gift","AT_SeraphEmbrace","Mastiff:ReiMu","Lee\u0027s Waffle","Art of War","Medical Kit","The Courier","testmod-ArcanaOfDestiny","AT_ArcaneBoots","BrkXgEgg","Vajra","Regal Pillow","War Paint","AT_BellDemon","testmod-AssaultLearning","Centennial Puzzle","AT_TrinityForce","RuthlessExorcism:ReiMu","testmod-CasingShield","DataDisk","Blue Candle","testmod-Charity","Frozen Egg 2","MawBank","Mummified Hand","testmod-IndustrialRevolution","Sundial","testmod-OneHitWonder","White Beast Statue","Tiny Chest","Membership Card","Bag of Preparation","Juzu Bracelet","AT_ForceNature","Oddly Smooth Stone","Orrery","Pear","Singing Bowl","Bronze Scales","HornCleat","OriginationStaff","AT_ChloranthyRing","PreservedInsect","REME_CardOfGreed","AT_MibuBalloonWealth","Happy Flower","Nunchaku","Ancient Tea Set","testmod-InjuryResistance","Omamori","testmod-TurbochargingSystem","TheAbacus","testmod-Maize","Blood Vial","AT_DeathDance","Peace Pipe","AT_ImmortalShieldbow","AT_SilvercatRing","AT_RedTearstoneRing","Ornamental Fan","Pantograph","REME_ArchaeologicalTools","paleoftheancients:Timepiece","paleoftheancients:KeyRelic","Anchor","Ice Cream","Gremlin Horn","Cables","Dodecahedron","Unceasing Top","CrazyTorch:ReiMu","TungstenRod","BionicSphere","FossilizedHelix","testmod-Fortitude","Thread and Needle"],"acts_visited":["Exordium","TheCity","TheBeyond","TheBeyond"],"potions_floor_usage":[61,61],"damage_taken":[{"damage":10.0,"enemies":"2 Louse","floor":1.0,"turns":2.0},{"damage":1.0,"enemies":"Jaw Worm","floor":3.0,"turns":1.0},{"damage":1.0,"enemies":"Cultist","floor":4.0,"turns":1.0},{"damage":2.0,"enemies":"Lagavulin","floor":6.0,"turns":3.0},{"damage":0.0,"enemies":"Gremlin Nob","floor":10.0,"turns":1.0},{"damage":3.0,"enemies":"Gremlin Gang","floor":12.0,"turns":5.0},{"damage":2.0,"enemies":"3 Sentries","floor":13.0,"turns":4.0},{"damage":2.0,"enemies":"Hexaghost","floor":16.0,"turns":5.0},{"damage":0.0,"enemies":"3 Byrds","floor":18.0,"turns":2.0},{"damage":1.0,"enemies":"2 Thieves","floor":19.0,"turns":4.0},{"damage":0.0,"enemies":"Centurion and Healer","floor":20.0,"turns":5.0},{"damage":0.0,"enemies":"Snecko","floor":22.0,"turns":2.0},{"damage":0.0,"enemies":"Book of Stabbing","floor":27.0,"turns":1.0},{"damage":0.0,"enemies":"Chosen and Byrds","floor":28.0,"turns":3.0},{"damage":7.0,"enemies":"3 Cultists","floor":29.0,"turns":3.0},{"damage":0.0,"enemies":"Snake Plant","floor":31.0,"turns":1.0},{"damage":0.0,"enemies":"Champ","floor":33.0,"turns":1.0},{"damage":0.0,"enemies":"3 Shapes","floor":35.0,"turns":3.0},{"damage":0.0,"enemies":"Reptomancer","floor":40.0,"turns":1.0},{"damage":0.0,"enemies":"3 Darklings","floor":42.0,"turns":1.0},{"damage":0.0,"enemies":"Jaw Worm Horde","floor":44.0,"turns":1.0},{"damage":0.0,"enemies":"Sphere and 2 Shapes","floor":46.0,"turns":1.0},{"damage":0.0,"enemies":"Spire Growth","floor":48.0,"turns":1.0},{"damage":0.0,"enemies":"Time Eater","floor":50.0,"turns":1.0},{"damage":0.0,"enemies":"Awakened One","floor":51.0,"turns":2.0},{"damage":0.0,"enemies":"Awakened One","floor":52.0,"turns":2.0},{"damage":0.0,"enemies":"Awakened One","floor":53.0,"turns":1.0},{"damage":0,"enemies":"Awakened One","floor":57,"turns":4},{"damage":0,"enemies":"paleoftheancients:N","floor":61,"turns":2}],"seed_played":"-4763394995432358225","potions_obtained":[{"floor":1.0,"key":"GrandPatriotsElixir:ReiMu"},{"floor":3.0,"key":"BlessingOfTheForge"},{"floor":14.0,"key":"testmod-TestPotion"},{"floor":14.0,"key":"LiquidMemories"},{"floor":19.0,"key":"MagicPotion:ReiMu"},{"floor":27.0,"key":"Swift Potion"},{"floor":31.0,"key":"Explosive Potion"},{"floor":33.0,"key":"Strength Potion"},{"floor":40.0,"key":"Energy Potion"}],"is_trial":false,"path_per_floor":["M","?","M","M","$","E","$","R","T","E","R","M","E","?","R","B",null,"M","M","M","$","M","R","?","R","T","E","M","M","$","M","R","B",null,"M","?","T","?","T","E","R","M","T","M","$","M","$","M","R","B","B","M","M","?","$","R","M","R","$","?","B",null],"character_chosen":"DEFECT","items_purchased":["AT_ArchangelStaff","Mastiff:ReiMu","Lee\u0027s Waffle","Medical Kit","The Courier","testmod-ArcanaOfDestiny","AT_SpeedBoots","BrkXgEgg","Regal Pillow","AT_BellDemon","testmod-AssaultLearning","REME_MawOfCthun+1","testmod-Charity","Frozen Egg 2","MawBank","DistilledChaos","Mummified Hand","testmod-IndustrialRevolution","Membership Card","Bag of Preparation","Juzu Bracelet","AT_ForceNature","testmod-SpacePotion","Swift Potion","testmod-SpacePotion","LiquidMemories","Orrery","PreservedInsect","REME_CardOfGreed","AT_MibuBalloonWealth","Happy Flower","Nunchaku","Omamori","testmod-TurbochargingSystem","TheAbacus","testmod-Maize","Blood Vial","AT_DeathDance","Peace Pipe","AT_ImmortalShieldbow","AT_SilvercatRing","AT_RedTearstoneRing","Ornamental Fan","Pantograph","testmod-Illusory+1","testmod-ShutDown+1","REME_HeartOfCthun+1","Dodecahedron","Unceasing Top","CrazyTorch:ReiMu","Master of Strategy+1","testmod-DisillusionmentEcho+1","Purity","Blind","MostiFishMod:SupremeArchaeology","MostiFishMod:StoryBook+1","REME_BuildACard+1","testmod-Mystery","Discovery","Flash of Steel","testmod-HeadAttack","Enlightenment","testmod-TaurusBlackCat+1","Purity","Swift Strike","testmod-DeathImprint","MostiFishMod:ElfcollectionBox+1","PanicButton","testmod-Reverberation+1","testmod-HeadAttack","testmod-RepeatForm+1","testmod-ConditionedReflex+1","Dramatic Entrance","testmod-Bloodthirsty","Apotheosis+1","REME_ShortnessOfBreath","testmod-PerfectCombo","AT_PowerWithin+1","Panache+1","HandOfGreed+1","Secret Technique+1","Mind Blast","testmod-LimitFlipper","AT_LightSaberMaster+1","AT_EmpoweredMortalDraw+1","Master of Strategy+1","testmod-AutoReboundSystem+1","testmod-LimitFlipper","Forethought","Good Instincts","Enlightenment","testmod-RabbitOfFibonacci","Flash of Steel","Finesse","MostiFishMod:ButterFly","Panacea","REME_MagicPocketWatch","testmod-LimitFlipper","AT_LightSaberMaster+1","testmod-Automaton","REME_FirmDetermination+1","AT_Homeward","testmod-AutoReboundSystem+1","Panacea","testmod-EternalityOfKhronos+1","Deep Breath","testmod-TradeIn+1","Metamorphosis+1","testmod-TemporaryDeletion+1","AT_PowerWithin+1","testmod-TreasureHunter+1","MostiFishMod:ButterFly","Master of Strategy+1","REME_FirmDetermination+1","testmod-WeaknessCounterattack","REME_ShortnessOfBreath","testmod-TemporaryDeletion+1","Dark Shackles","AT_CelerityRune+1","HandOfGreed+1","Bandage Up","Forethought","REME_BattleFury+1","Purity","Swift Strike","Impatience","Violence+1","testmod-PerfectCombo","REME_FirmDetermination+1","testmod-HandmadeProducts","REME_TwoStrings","testmod-DeathImprint","testmod-Collector","testmod-Reproduce+1","testmod-ConditionedReflex+1","Bandage Up","testmod-HandmadeProducts","MostiFishMod:SupremeArchaeology","testmod-ChaoticCore+1","REME_TheoryOfElimination","Trip","AT_TearsDenial+1","REME_ShortnessOfBreath","Purity","Finesse","testmod-Automaton","testmod-Bloodthirsty","REME_ShortnessOfBreath","MostiFishMod:Awakening+1","testmod-BloodShelter+1","testmod-LifeRuler","Forethought","testmod-PocketStoneCalender","Sadistic Nature+1","Trip","testmod-Librarian+1","AT_EmpoweredMortalDraw+1","testmod-HeadAttack","The Bomb+1","REME_FirmDetermination+1","MostiFishMod:SupremeArchaeology","Madness","MostiFishMod:KingOfFree+1","testmod-Reverberation+1","Enlightenment","Blind","MostiFishMod:ButterFly","testmod-HandmadeProducts","MostiFishMod:ButterFly","Dark Shackles","testmod-WeaknessCounterattack","REME_BodyOfCthun+1","Finesse","Flash of Steel","testmod-LifeRuler","AT_Homeward","Impatience","Good Instincts","testmod-Collector","testmod-BackupPower","testmod-HeadAttack","REME_FirmDetermination+1","Trip","Magnetism+1","REME_FirmDetermination+1","testmod-PerfectCombo","Magnetism+1","Violence+1","testmod-RabbitOfFibonacci","REME_TwoStrings","Master of Strategy+1","Bandage Up","Mind Blast","Impatience","Bandage Up","testmod-Collector","Swift Strike","testmod-Collector","Dark Shackles","testmod-CardIndex+1","REME_TheoryOfElimination","AT_CelerityRune+1","Flash of Steel","Mayhem+1","testmod-BloodShelter+1","PanicButton","testmod-PowerStrike+1","REME_TwoStrings","Enlightenment","testmod-ComboMaster","Apotheosis+1","Thinking Ahead+1","Jack Of All Trades","testmod-Collector","Panache+1","MostiFishMod:Awakening+1","Deep Breath","Flash of Steel","Jack Of All Trades","Dark Shackles","Swift Strike","Deep Breath","testmod-TradeIn+1","testmod-Mystery","testmod-TreasureHunter+1","testmod-SubstituteBySubterfuge","Jack Of All Trades","Finesse","REME_TwoStrings","testmod-SubstituteBySubterfuge","testmod-PulseDistributor+1","REME_ShortnessOfBreath","testmod-Recap+1","Blind","REME_MagicPocketWatch","testmod-HeadAttack","testmod-LimitFlipper","Panacea","Impatience","testmod-TaurusBlackCat+1","testmod-WeaknessCounterattack","testmod-AssimilatedRune+1","REME_ShortnessOfBreath","testmod-Recap+1","testmod-SubstituteBySubterfuge","Madness","REME_TwoStrings","testmod-SubstituteBySubterfuge","Discovery","Madness","testmod-ComboMaster","testmod-TemporaryDeletion+1","Magnetism+1","MostiFishMod:ElfcollectionBox+1","MostiFishMod:Kaleido+1","testmod-LifeRuler","Metamorphosis+1","REME_EyeOfCthun+1","Sadistic Nature+1","TungstenRod","BionicSphere","FossilizedHelix","testmod-Fortitude"],"campfire_rested":0,"item_purchase_floors":[5,5,5,7,8,8,8,8,11,15,15,21,23,23,23,23,25,25,30,30,30,30,30,30,32,32,32,41,41,41,41,41,45,45,45,45,45,45,45,45,47,47,47,47,55,55,55,55,55,55,56,56,56,56,56,56,56,56,56,56,56,56,56,56,56,56,56,56,56,56,56,56,56,56,56,56,56,56,56,56,56,56,56,56,56,56,56,56,56,56,56,56,56,56,56,56,56,56,56,56,56,56,56,56,56,56,56,56,56,56,56,56,56,56,56,56,56,56,56,56,56,56,56,56,56,56,56,56,56,56,56,56,56,56,56,56,56,56,56,56,56,56,56,56,56,56,56,56,56,56,56,56,56,56,56,56,56,56,56,56,56,56,56,56,56,56,56,56,56,56,56,56,56,56,56,56,56,56,56,56,56,56,56,56,56,56,56,56,56,56,56,56,56,56,56,56,56,56,56,56,56,56,56,56,56,56,56,56,56,56,56,56,56,56,56,56,56,56,56,56,56,56,56,56,56,56,56,56,56,56,56,56,56,56,56,56,56,56,56,56,56,56,56,56,56,56,56,56,56,56,56,56,56,56,56,56,56,56,56,56,56,56,56],"current_hp_per_floor":[36,36,35,34,73,70,70,70,69,68,67,63,61,61,61,59,61,60,58,58,57,56,55,55,55,55,57,59,56,57,59,59,70,72,77,76,75,75,75,78,77,87,87,95,94,102,101,105,104,118,134,145,152,161,160,159,204,203,202,201,237],"gold":1512,"neow_bonus":"THREE_RARE_CARDS","is_daily":false,"chose_seed":false,"campfire_upgraded":0,"win_rate":0.0,"timestamp":1609863451,"path_taken":["M","?","M","M","$","E","$","R","T","E","R","M","E","?","R","BOSS","M","?","?","$","M","R","?","R","T","E","M","M","$","M","R","BOSS","M","?","?","?","?","E","R","M","T","M","$","M","$","M","R","BOSS","BOSS","M","M","?","$","R","M","R","$","?","BOSS"],"items_purchased_type":["Relic","Relic","Relic","Relic","Relic","Relic","Relic","Relic","Relic","Relic","Relic","Card","Relic","Relic","Relic","Potion","Relic","Relic","Relic","Relic","Relic","Relic","Potion","Potion","Potion","Potion","Relic","Relic","Relic","Relic","Relic","Relic","Relic","Relic","Relic","Relic","Relic","Relic","Relic","Relic","Relic","Relic","Relic","Relic","Card","Card","Card","Relic","Relic","Relic","Card","Card","Card","Card","Card","Card","Card","Card","Card","Card","Card","Card","Card","Card","Card","Card","Card","Card","Card","Card","Card","Card","Card","Card","Card","Card","Card","Card","Card","Card","Card","Card","Card","Card","Card","Card","Card","Card","Card","Card","Card","Card","Card","Card","Card","Card","Card","Card","Card","Card","Card","Card","Card","Card","Card","Card","Card","Card","Card","Card","Card","Card","Card","Card","Card","Card","Card","Card","Card","Card","Card","Card","Card","Card","Card","Card","Card","Card","Card","Card","Card","Card","Card","Card","Card","Card","Card","Card","Card","Card","Card","Card","Card","Card","Card","Card","Card","Card","Card","Card","Card","Card","Card","Card","Card","Card","Card","Card","Card","Card","Card","Card","Card","Card","Card","Card","Card","Card","Card","Card","Card","Card","Card","Card","Card","Card","Card","Card","Card","Card","Card","Card","Card","Card","Card","Card","Card","Card","Card","Card","Card","Card","Card","Card","Card","Card","Card","Card","Card","Card","Card","Card","Card","Card","Card","Card","Card","Card","Card","Card","Card","Card","Card","Card","Card","Card","Card","Card","Card","Card","Card","Card","Card","Card","Card","Card","Card","Card","Card","Card","Card","Card","Card","Card","Card","Card","Card","Card","Card","Card","Card","Card","Card","Card","Card","Card","Card","Card","Card","Card","Card","Card","Card","Card","Card","Card","Card","Card","Card","Relic","Relic","Relic","Relic"],"build_version":"2020-12-22","purchased_purges":17,"victory":true,"max_hp_per_floor":[70,69,68,67,73,72,71,70,69,68,67,66,65,64,63,62,61,60,59,58,57,56,55,55,55,55,57,59,63,63,64,63,73,72,77,76,75,75,75,78,77,87,87,95,94,102,101,105,104,118,134,145,152,161,160,159,204,203,202,201,237],"card_choices":[{"not_picked":["Creative AI","MostiFishMod:Prepare"],"picked":"MostiFishMod:Culaccino","floor":0.0},{"not_picked":["AT_WarpDrive","Reprogram"],"picked":"REME_DataAnalysis","floor":1.0},{"not_picked":["MostiFishMod:Culaccino","Auto Shields","Conserve Battery","Stack","Gash"],"picked":"SKIP","floor":3.0},{"not_picked":["MostiFishMod:PushDownKick","Leap","Defragment","Fission","Rebound"],"picked":"SKIP","floor":4.0},{"not_picked":["Ball Lightning","MostiFishMod:PushDownKick","Streamline","Conserve Battery","Coolheaded"],"picked":"SKIP","floor":6.0},{"not_picked":["Ball Lightning","Sunder","MostiFishMod:PushDownKick","Gash"],"picked":"Buffer+1","floor":10.0},{"not_picked":["Biased Cognition+1","Steam","Go for the Eyes","Stack"],"picked":"Seek+1","floor":12.0},{"not_picked":["MostiFishMod:TalkingToTheRain+1","Thunder Strike+1","Redo","Beam Cell","Coolheaded"],"picked":"SKIP","floor":13.0},{"not_picked":["MostiFishMod:Culaccino+1","Seek+1","REME_Shoggoth+1","MostiFishMod:ATRI+1"],"picked":"MostiFishMod:DeathFromBelow+1","floor":16.0},{"not_picked":["Streamline","Turbo","Coolheaded","Ball Lightning","Stack"],"picked":"SKIP","floor":18.0},{"not_picked":["Barrage","REME_Whirling","Gash","Chill+1","Coolheaded"],"picked":"SKIP","floor":19.0},{"not_picked":["Aggregate","AT_DarkMatter","Sunder+1","Consume"],"picked":"MostiFishMod:InterfaceCompatibility+1","floor":20.0},{"not_picked":["AT_HeatAcrobatics","AT_ThunderBolt","Stack","Hologram","Force Field+1"],"picked":"SKIP","floor":22.0},{"not_picked":["Compile Driver","Gash","AT_WaterDrop+1","Hologram","BootSequence"],"picked":"SKIP","floor":27.0},{"not_picked":["Steam Power","Streamline","Consume","Redo","Leap+1"],"picked":"SKIP","floor":28.0},{"not_picked":["AT_RobotInSpace","Sweeping Beam","Reprogram","MostiFishMod:FluxCapactior"],"picked":"Gash+1","floor":29.0},{"not_picked":["Glacier","Gash","AT_WarpDrive","Leap+1","All For One+1"],"picked":"SKIP","floor":31.0},{"not_picked":["Steam","Defragment+1","AT_EMC2","Steam Power"],"picked":"Coolheaded+1","floor":32.0},{"not_picked":["MostiFishMod:IntelligentEquipment+1","Streamline","Tempest","MostiFishMod:PushDownKick"],"picked":"Skim","floor":32.0},{"not_picked":["AT_ThreeBodyProblem+1","MostiFishMod:PushDownKick","Undo","MostiFishMod:ActiveDefenseSystem+1","Barrage"],"picked":"Singing Bowl","floor":35.0},{"not_picked":["MostiFishMod:LinkProtocol","FTL","Consume","Steam Power","Auto Shields+1"],"picked":"Singing Bowl","floor":40.0},{"not_picked":["White Noise+1","Hello World+1","Sweeping Beam","Gash","Ball Lightning"],"picked":"Singing Bowl","floor":42.0},{"not_picked":["Conserve Battery","AT_ThreeBodyProblem+1","Heatsinks+1","Ball Lightning","Aggregate"],"picked":"Singing Bowl","floor":44.0},{"not_picked":["Redo+1","FTL","Compile Driver","MostiFishMod:Tomorrow+1","Undo"],"picked":"Singing Bowl","floor":46.0},{"not_picked":["Consume","Undo","MostiFishMod:IntelligentEquipment+1","Gash","Ball Lightning+1"],"picked":"Singing Bowl","floor":48.0},{"not_picked":["Force Field","AT_HeatAcrobatics","Ball Lightning","Reprogram+1","Consume"],"picked":"Singing Bowl","floor":52.0},{"not_picked":["Force Field+1","Doom and Gloom","AT_StudyProgram+1","REME_Compress","MostiFishMod:SeaWaves+1"],"picked":"Singing Bowl","floor":53.0},{"not_picked":["Barrage","MostiFishMod:PushDownKick","Compile Driver","Reprogram+1","Redo+1"],"picked":"Singing Bowl","floor":57}],"player_experience":813962,"relics_obtained":[{"floor":1.0,"key":"SynthV:TestCard"},{"floor":6.0,"key":"Art of War"},{"floor":10.0,"key":"Vajra"},{"floor":13.0,"key":"War Paint"},{"floor":16.0,"key":"Centennial Puzzle"},{"floor":18.0,"key":"RuthlessExorcism:ReiMu"},{"floor":19.0,"key":"testmod-CasingShield"},{"floor":20.0,"key":"DataDisk"},{"floor":22.0,"key":"Blue Candle"},{"floor":26.0,"key":"Sundial"},{"floor":27.0,"key":"testmod-OneHitWonder"},{"floor":28.0,"key":"White Beast Statue"},{"floor":29.0,"key":"Tiny Chest"},{"floor":31.0,"key":"Oddly Smooth Stone"},{"floor":33.0,"key":"Pear"},{"floor":35.0,"key":"Singing Bowl"},{"floor":37.0,"key":"Bronze Scales"},{"floor":39.0,"key":"HornCleat"},{"floor":40.0,"key":"OriginationStaff"},{"floor":40.0,"key":"AT_ChloranthyRing"},{"floor":43.0,"key":"Ancient Tea Set"},{"floor":44.0,"key":"testmod-InjuryResistance"},{"floor":48.0,"key":"REME_ArchaeologicalTools"},{"floor":52.0,"key":"Cables"},{"floor":57,"key":"Thread and Needle"}],"event_choices":[{"damage_healed":0.0,"max_hp_gain":0.0,"max_hp_loss":0.0,"gold_gain":0.0,"event_name":"给自己的盒子","player_choice":"Swap Relic","floor":2.0,"relics_lost":["DaveBox"],"gold_loss":0.0,"damage_taken":0.0,"relics_obtained":["DaveBox"]},{"damage_healed":0.0,"max_hp_gain":0.0,"max_hp_loss":0.0,"gold_gain":0.0,"event_name":"Lab","player_choice":"Got Potions","floor":14.0,"gold_loss":0.0,"damage_taken":0.0},{"damage_healed":0.0,"max_hp_gain":0.0,"max_hp_loss":0.0,"gold_gain":0.0,"event_name":"The Library","player_choice":"Read","floor":24.0,"gold_loss":0.0,"damage_taken":0.0,"cards_obtained":["MostiFishMod:IntelligentEquipment"]},{"cards_removed":["Defend_B"],"damage_healed":0.0,"max_hp_gain":0.0,"max_hp_loss":0.0,"gold_gain":0.0,"event_name":"Falling","player_choice":"Removed Skill","floor":36.0,"gold_loss":0.0,"damage_taken":0.0},{"damage_healed":0.0,"max_hp_gain":0.0,"max_hp_loss":0.0,"gold_gain":50.0,"event_name":"Golden Shrine","player_choice":"Pray","floor":38.0,"gold_loss":0.0,"damage_taken":0.0},{"cards_removed":["Buffer"],"damage_healed":0.0,"max_hp_gain":10.0,"max_hp_loss":0.0,"gold_gain":0.0,"event_name":"Bonfire Elementals","player_choice":"Offered Rare","floor":54.0,"gold_loss":0.0,"damage_taken":0.0}],"is_beta":false,"boss_relics":[{"not_picked":["SynthV:MejaisSoulstealer","testmod-Nine"],"picked":"AT_TrinityForce"},{"not_picked":["REME_DemonsWealth","testmod-BatchProcessingSystem"],"picked":"FrozenCore"}],"items_purged_floors":[5,7,7,8,8,11,15,25,30,32,41,45,47,55,56,58,59],"is_endless":false,"potions_floor_spawned":[1,3,4,10,19,20,27,28,29,31,33,35,40,42,44,46,48,52,53,57],"ascension_level":20}}