{"host":"9oysz4knkucnjyyz","time":1609816051,"event":{"mods":["100% Spire Juice","2.2 Compatiblity","Act Like it!","BaseMod","Better Altar","Better Match","Better Note","Better Sensory Stone","Better Skull","Better Third Choice","BetterRewards","Displayed Cursed Tome","Downfall","Friendly Minions","Googly Eyes","GungeonMod","Hallownest","Hermit","Lobotomy","LobotomyExtend","Minty Spire (QoL Compilation)","Spicy Shops","Spire Birthday Party","StSLib","The Bug Knight","everything is the same but u backflip on backflip","slay the spire mod where everything is the same but ironclad has a cowboy hat"],"gold_per_floor":[111,9,29,45,63,63,78,78,155,155,155,155,170,180,60,157,37,53,69,69,69],"floor_reached":20,"playtime":785,"items_purged":[],"score":172,"play_id":"398ecbf8-c8ed-4e48-a84c-1c2bbfa8384f","local_time":"20210104220731","is_ascension_mode":false,"campfire_choices":[{"data":"Moonworks:IndiscriminateFireSupport","floor":6,"key":"SMITH"},{"data":"Moonworks:SubspaceTunnel","floor":8,"key":"SMITH"},{"data":"Moonworks:Heat300Percent","floor":10,"key":"SMITH"},{"data":"Moonworks:RedAndBlue","floor":15,"key":"SMITH"}],"circlet_count":0,"master_deck":["Moonworks:Strike","Moonworks:Strike","Moonworks:Strike","Moonworks:Strike","Moonworks:Defend","Moonworks:Defend","Moonworks:Defend","Moonworks:Defend","Moonworks:Ambush","Moonworks:LongDistanceShot","Moonworks:IndiscriminateFireSupport+1","Moonworks:LuckyCharm+1","Moonworks:Heat300Percent+1","Moonworks:NicePresent","Moonworks:SubspaceTunnel+1","Moonworks:RedAndBlue+1","Moonworks:Accelerator","Moonworks:CloudOfSeagulls+1"],"relics":["Moonworks:BrokenBomb","Moonworks:Homemark","LetterFromLob","HollowMod:StagPassRelic","Cursed Key"],"acts_visited":["Exordium","TheCity"],"potions_floor_usage":[1,12],"damage_taken":[{"damage":6,"enemies":"Jaw Worm","floor":1,"turns":3},{"damage":6,"enemies":"Cultist","floor":2,"turns":3},{"damage":0,"enemies":"Small Slimes","floor":3,"turns":1},{"damage":0,"enemies":"2 Fungi Beasts","floor":4,"turns":3},{"damage":0,"enemies":"3 Louse","floor":5,"turns":2},{"damage":10,"enemies":"Exordium Thugs","floor":7,"turns":3},{"damage":0,"enemies":"Lots of Slimes","floor":12,"turns":1},{"damage":0,"enemies":"Red Slaver","floor":13,"turns":2},{"damage":0,"enemies":"Blue Slaver","floor":14,"turns":3},{"damage":16,"enemies":"The Guardian","floor":16,"turns":6},{"damage":0,"enemies":"Chosen","floor":18,"turns":2},{"damage":6,"enemies":"Snake Plant","floor":19,"turns":2}],"seed_played":"-4404426315321207899","potions_obtained":[{"floor":0,"key":"SmokeBomb"},{"floor":0,"key":"AttackPotion"},{"floor":0,"key":"EntropicBrew"},{"floor":2,"key":"Guardian:BlockOnCardUsePotion"},{"floor":14,"key":"sneckomod:MuddlingPotion"},{"floor":16,"key":"DuplicationPotion"}],"is_trial":false,"path_per_floor":["M","M","M","M","M","R","M","R","T","R","?","M","M","M","R","B",null,"M","M","M"],"character_chosen":"THE_STARBREAKER","items_purchased":[],"campfire_rested":0,"item_purchase_floors":[],"current_hp_per_floor":[54,48,48,48,48,48,38,38,38,38,38,38,38,38,38,22,60,60,54,0,0],"gold":69,"neow_bonus":"THREE_SMALL_POTIONS","is_daily":false,"chose_seed":false,"campfire_upgraded":4,"win_rate":0.0,"timestamp":1609816051,"path_taken":["M","M","M","M","M","R","M","R","T","R","?","M","M","?","R","BOSS","M","M","M"],"items_purchased_type":[],"build_version":"2020-12-22","purchased_purges":0,"victory":false,"max_hp_per_floor":[60,60,60,60,60,60,60,60,60,60,60,60,60,60,60,60,60,60,60,60,60],"card_choices":[{"not_picked":["Moonworks:LulusLuckyEgg","Moonworks:ReproductionOfRecords"],"picked":"Moonworks:IndiscriminateFireSupport","floor":1},{"not_picked":["Moonworks:CloudOfSeagulls","Moonworks:DeployBits"],"picked":"Moonworks:LuckyCharm","floor":2},{"not_picked":["Moonworks:IndiscriminateFireSupport","Moonworks:JonathanRush"],"picked":"Moonworks:Heat300Percent","floor":3},{"not_picked":["Moonworks:AngelHand","Moonworks:JonathanRush"],"picked":"Moonworks:NicePresent","floor":4},{"not_picked":["Moonworks:ImOnFire","Moonworks:NicePresent"],"picked":"Moonworks:SubspaceTunnel","floor":5},{"not_picked":["Moonworks:EvilSpyWorkPreparation","Moonworks:WindyEnchantment"],"picked":"Moonworks:RedAndBlue","floor":7},{"not_picked":["Moonworks:IndiscriminateFireSupport","Moonworks:WindyEnchantment","Moonworks:DeployBits"],"picked":"SKIP","floor":13},{"not_picked":["Moonworks:BigMagnum","Moonworks:Bloodlust","Moonworks:IndiscriminateFireSupport"],"picked":"SKIP","floor":14},{"not_picked":["Moonworks:StarBlastingFuse","Moonworks:MeltingMemories"],"picked":"Moonworks:Accelerator","floor":16},{"not_picked":["Moonworks:BigMagnum","Moonworks:WindyEnchantment","Moonworks:ImOnFire"],"picked":"SKIP","floor":18},{"not_picked":["Moonworks:RagingMadness","Moonworks:AngelHand"],"picked":"Moonworks:CloudOfSeagulls+1","floor":19}],"player_experience":341682,"relics_obtained":[{"floor":1,"key":"LetterFromLob"},{"floor":9,"key":"HollowMod:StagPassRelic"}],"event_choices":[{"damage_healed":0,"gold_gain":0,"player_choice":"Forge","damage_taken":0,"max_hp_gain":0,"max_hp_loss":0,"event_name":"Accursed Blacksmith","floor":11,"gold_loss":0,"cards_upgraded":["Moonworks:LuckyCharm"]}],"is_beta":false,"boss_relics":[{"not_picked":["Empty Cage","Velvet Choker"],"picked":"Cursed Key"}],"items_purged_floors":[],"is_endless":false,"potions_floor_spawned":[2,5,12,14,16],"ascension_level":0}}