{"host":"x7n7968bn9ekn290","time":1609874803,"event":{"mods":["AchievementEnabler","BaseMod","Colored Map","Minty Spire (QoL Compilation)","Relic Stats"],"gold_per_floor":[116,127,138,158,110,110,120,136,136,147,181,181,199,103,103,208,208,218,133,147,167,181,214,214,232,309,309,324,324,55,55,55,160,160,178,192,208,208,219,219,219,219],"floor_reached":41,"playtime":1997,"items_purged":["Pain"],"score":446,"play_id":"4a2f4085-8722-46c8-afdc-24735590974e","local_time":"20210105112643","is_ascension_mode":false,"campfire_choices":[{"data":"Backstab","floor":6,"key":"SMITH"},{"floor":15,"key":"REST"},{"floor":24,"key":"REST"},{"floor":29,"key":"REST"},{"data":"Endless Agony","floor":32,"key":"SMITH"},{"floor":40,"key":"REST"}],"circlet_count":0,"master_deck":["Strike_G","Strike_G","Strike_G","Strike_G","Strike_G","Defend_G","Defend_G","Defend_G","Defend_G","Defend_G","Survivor","Neutralize","Bandage Up","Deadly Poison","Backstab+1","Infinite Blades","Sucker Punch","Endless Agony+1","Noxious Fumes","Dagger Throw+1","Die Die Die+1","Dagger Spray+1","Leg Sweep","Envenom","Blur+1","PiercingWail","PiercingWail","Crippling Poison","Bullet Time","Dodge and Roll","Terror","Adrenaline","PiercingWail","Riddle With Holes+1","Poisoned Stab+1","Slice+1"],"relics":["Ring of the Snake","Molten Egg 2","Ancient Tea Set","Bottled Tornado","Velvet Choker","Mercury Hourglass","Nunchaku","Darkstone Periapt","WarpedTongs","Pen Nib"],"acts_visited":["Exordium","TheCity","TheBeyond"],"potions_floor_usage":[11,11,16,22,23,23,23,33,37,41],"damage_taken":[{"damage":3,"enemies":"2 Louse","floor":1,"turns":4},{"damage":0,"enemies":"Jaw Worm","floor":2,"turns":5},{"damage":1,"enemies":"Cultist","floor":3,"turns":4},{"damage":15,"enemies":"Exordium Thugs","floor":4,"turns":7},{"damage":8,"enemies":"2 Fungi Beasts","floor":7,"turns":4},{"damage":0,"enemies":"Blue Slaver","floor":8,"turns":3},{"damage":7,"enemies":"Large Slime","floor":10,"turns":5},{"damage":9,"enemies":"Lagavulin","floor":11,"turns":5},{"damage":8,"enemies":"Red Slaver","floor":13,"turns":3},{"damage":35,"enemies":"Hexaghost","floor":16,"turns":10},{"damage":18,"enemies":"Shell Parasite","floor":18,"turns":5},{"damage":0,"enemies":"Chosen","floor":20,"turns":4},{"damage":11,"enemies":"Shelled Parasite and Fungi","floor":21,"turns":7},{"damage":0,"enemies":"Snake Plant","floor":22,"turns":4},{"damage":24,"enemies":"Slavers","floor":23,"turns":6},{"damage":17,"enemies":"Chosen and Byrds","floor":25,"turns":5},{"damage":12,"enemies":"Centurion and Healer","floor":28,"turns":6},{"damage":51,"enemies":"Automaton","floor":33,"turns":10},{"damage":2,"enemies":"Orb Walker","floor":35,"turns":3},{"damage":19,"enemies":"3 Darklings","floor":36,"turns":6},{"damage":19,"enemies":"Spire Growth","floor":37,"turns":4},{"damage":30,"enemies":"Transient","floor":39,"turns":5},{"damage":59,"enemies":"Reptomancer","floor":41,"turns":2}],"seed_played":"7593651612716243257","potions_obtained":[{"floor":1,"key":"Weak Potion"},{"floor":2,"key":"Block Potion"},{"floor":10,"key":"Poison Potion"},{"floor":13,"key":"Regen Potion"},{"floor":20,"key":"Poison Potion"},{"floor":21,"key":"Block Potion"},{"floor":22,"key":"Poison Potion"},{"floor":28,"key":"Fire Potion"},{"floor":33,"key":"BlessingOfTheForge"},{"floor":35,"key":"DuplicationPotion"},{"floor":37,"key":"BlessingOfTheForge"}],"is_trial":false,"path_per_floor":["M","M","M","M","?","R","M","M","T","M","E","T","M","$","R","B",null,"M","?","M","M","M","E","R","M","T","?","M","R","$","?","R","B",null,"M","M","M","?","M","R","E"],"character_chosen":"THE_SILENT","items_purchased":["Dagger Spray+1","Leg Sweep","Pen Nib","BlessingOfTheForge"],"campfire_rested":4,"item_purchase_floors":[14,14,30,30],"current_hp_per_floor":[70,70,70,59,59,59,55,59,59,56,51,51,47,47,68,45,70,56,56,60,53,57,37,58,45,45,51,43,65,65,65,65,18,76,76,61,48,48,24,46,0,0],"gold":219,"neow_bonus":"RANDOM_COLORLESS","is_daily":false,"chose_seed":false,"campfire_upgraded":2,"win_rate":0.0,"timestamp":1609874803,"path_taken":["M","M","M","M","?","R","M","M","T","M","E","?","M","?","R","BOSS","M","?","M","M","M","E","R","M","T","?","?","R","?","?","R","BOSS","M","M","M","?","M","R","E"],"items_purchased_type":["Card","Card","Relic","Potion"],"build_version":"2020-12-22","purchased_purges":1,"victory":false,"max_hp_per_floor":[70,70,70,70,70,70,70,70,70,70,70,70,70,70,70,70,70,70,70,70,70,70,70,70,70,70,76,76,76,76,76,76,76,76,76,76,76,76,76,76,76,76],"relic_stats":{"Darkstone Periapt":6,"Nunchaku":[9],"counters":[23,115],"Pen Nib":[7],"obtain_stats":[{"Darkstone Periapt":26,"Nunchaku":23,"Velvet Choker":17,"Molten Egg 2":9,"Pen Nib":30,"Bottled Tornado":12,"Ancient Tea Set":11,"Ring of the Snake":0,"Mercury Hourglass":19,"WarpedTongs":27},{"Darkstone Periapt":16,"Nunchaku":15,"Velvet Choker":10,"Molten Egg 2":6,"Pen Nib":17,"Bottled Tornado":8,"Ancient Tea Set":8,"Ring of the Snake":0,"Mercury Hourglass":11,"WarpedTongs":16},{"Darkstone Periapt":80,"Nunchaku":75,"Velvet Choker":50,"Molten Egg 2":27,"Pen Nib":85,"Bottled Tornado":37,"Ancient Tea Set":37,"Ring of the Snake":0,"Mercury Hourglass":55,"WarpedTongs":80}],"Ring of the Snake":[48],"Mercury Hourglass":[255],"WarpedTongs":[35]},"card_choices":[{"not_picked":["Madness","Panacea"],"picked":"Bandage Up","floor":0},{"not_picked":["Dagger Throw","All Out Attack"],"picked":"Deadly Poison","floor":1},{"not_picked":["Prepared","Deadly Poison"],"picked":"Backstab","floor":2},{"not_picked":["Dodge and Roll","Outmaneuver"],"picked":"Infinite Blades","floor":3},{"not_picked":["Dodge and Roll","Underhanded Strike"],"picked":"Sucker Punch","floor":4},{"not_picked":["Quick Slash","Flying Knee"],"picked":"Endless Agony","floor":7},{"not_picked":["Expertise","Unload","Choke"],"picked":"SKIP","floor":8},{"not_picked":["Sucker Punch+1","Poisoned Stab+1"],"picked":"Noxious Fumes","floor":10},{"not_picked":["Underhanded Strike+1","Dagger Spray+1"],"picked":"Dagger Throw+1","floor":11},{"not_picked":["Skewer+1","Slice+1"],"picked":"Die Die Die+1","floor":13},{"not_picked":["Wraith Form v2","After Image"],"picked":"Envenom","floor":16},{"not_picked":["Deflect","Deadly Poison"],"picked":"Blur+1","floor":18},{"not_picked":["Noxious Fumes","Dagger Throw+1"],"picked":"PiercingWail","floor":20},{"not_picked":["Backflip","Flechettes+1"],"picked":"PiercingWail","floor":21},{"not_picked":["Poisoned Stab+1","Expertise+1"],"picked":"Crippling Poison","floor":22},{"not_picked":["Underhanded Strike+1","Distraction"],"picked":"Bullet Time","floor":23},{"not_picked":["Deadly Poison","Prepared"],"picked":"Dodge and Roll","floor":25},{"not_picked":["Reflex+1","Bouncing Flask"],"picked":"Terror","floor":28},{"not_picked":["A Thousand Cuts","Malaise"],"picked":"Adrenaline","floor":33},{"not_picked":["Blade Dance","Tactician+1"],"picked":"PiercingWail","floor":35},{"not_picked":["Crippling Poison","Infinite Blades+1"],"picked":"Riddle With Holes+1","floor":36},{"not_picked":["Sucker Punch+1","Blur+1"],"picked":"Poisoned Stab+1","floor":37},{"not_picked":["Acrobatics","Backflip"],"picked":"Slice+1","floor":39}],"player_experience":8167,"relics_obtained":[{"floor":9,"key":"Molten Egg 2"},{"floor":11,"key":"Ancient Tea Set"},{"floor":12,"key":"Bottled Tornado"},{"floor":23,"key":"Nunchaku"},{"floor":26,"key":"Darkstone Periapt"}],"event_choices":[{"damage_healed":0,"gold_gain":0,"player_choice":"Left Gold","damage_taken":0,"max_hp_gain":0,"max_hp_loss":0,"event_name":"World of Goop","floor":5,"gold_loss":48},{"damage_healed":0,"gold_gain":0,"player_choice":"Obtained Relic","damage_taken":0,"relics_obtained":["Mercury Hourglass"],"max_hp_gain":0,"max_hp_loss":0,"event_name":"Addict","floor":19,"gold_loss":85},{"damage_healed":0,"gold_gain":0,"player_choice":"Rummage","damage_taken":0,"relics_obtained":["WarpedTongs"],"max_hp_gain":0,"max_hp_loss":0,"event_name":"Accursed Blacksmith","floor":27,"gold_loss":0,"cards_obtained":["Pain"]},{"damage_healed":0,"gold_gain":0,"player_choice":"Ignored","damage_taken":0,"max_hp_gain":0,"max_hp_loss":0,"event_name":"The Mausoleum","floor":31,"gold_loss":0},{"damage_healed":0,"gold_gain":0,"player_choice":"Ignored","damage_taken":0,"max_hp_gain":0,"max_hp_loss":0,"event_name":"Tomb of Lord Red Mask","floor":38,"gold_loss":0}],"is_beta":false,"boss_relics":[{"not_picked":["Astrolabe","Cursed Key"],"picked":"Velvet Choker"},{"not_picked":["Coffee Dripper","HoveringKite","Philosopher\u0027s Stone"]}],"items_purged_floors":[30],"is_endless":false,"potions_floor_spawned":[1,2,10,13,20,21,22,28,33,35,37],"killed_by":"Reptomancer","ascension_level":0}}