{"host":"cv77zuuuekizn3ic","time":1609854612,"event":{"mods":["AchievementEnabler","BaseMod","Marisa£®ÏF”Í°°ƒß¿Ì…≥£©","Minty Spire (QoL Compilation)","StSLib","Waifu the Spire","everything is the same but u backflip on backflip","slay the spire mod where everything is the same but ironclad has a cowboy hat"],"gold_per_floor":[117,132,2,19,94,127,127,147,171,189,2,2,21,2,2,79,79,146,158,199,24,24,55,95,122,122,122,1,1,29,67,67,169,169,204,110,110,110,160,225,267,328,328,328,373,416,473,473,473,503,533,533,533,222,283,313],"floor_reached":57,"playtime":3312,"items_purged":["Defend_P","Strike_P","Decay","Strike_P","Parasite"],"score":3204,"play_id":"4d65ae62-7359-4e1b-b024-4fec2ffec491","local_time":"20210105215012","is_ascension_mode":true,"campfire_choices":[{"floor":12.0,"key":"REST"},{"data":"Meditate","floor":15.0,"key":"SMITH"},{"floor":27.0,"key":"REST"},{"floor":32.0,"key":"REST"},{"floor":49.0,"key":"RECALL"},{"data":"MentalFortress","floor":53.0,"key":"SMITH"}],"circlet_count":0,"master_deck":["AscendersBane","Eruption+1","Vigilance+1","Tantrum+1","Meditate+1","Adaptation+1","Tantrum+1","BowlingBash+1","Adaptation+1","InnerPeace+1","Wish+1","Indignation+1","Scrawl+1","DeusExMachina+1","MentalFortress+1","Vault+1","TalkToTheHand+1","Madness+1","Madness+1","MentalFortress+1"],"relics":["PureWater","Toy Ornithopter","Bag of Preparation","Membership Card","Astrolabe","Happy Flower","Pocketwatch","CultistMask","Vajra","VioletLotus","Mark of the Bloom","Calipers","Turnip","Nunchaku","Centennial Puzzle","Bottled Tornado","Strawberry"],"acts_visited":["Exordium","TheCity","TheBeyond","TheEnding"],"potions_floor_usage":[56],"damage_taken":[{"damage":2.0,"enemies":"Cultist","floor":1.0,"turns":3.0},{"damage":2.0,"enemies":"Jaw Worm","floor":2.0,"turns":3.0},{"damage":9.0,"enemies":"2 Louse","floor":4.0,"turns":3.0},{"damage":10.0,"enemies":"3 Sentries","floor":6.0,"turns":6.0},{"damage":22.0,"enemies":"Lots of Slimes","floor":8.0,"turns":3.0},{"damage":0.0,"enemies":"3 Louse","floor":10.0,"turns":2.0},{"damage":0.0,"enemies":"Large Slime","floor":13.0,"turns":3.0},{"damage":17.0,"enemies":"The Guardian","floor":16.0,"turns":8.0},{"damage":6.0,"enemies":"Chosen","floor":18.0,"turns":5.0},{"damage":0.0,"enemies":"Spheric Guardian","floor":19.0,"turns":2.0},{"damage":30.0,"enemies":"Centurion and Healer","floor":20.0,"turns":5.0},{"damage":11.0,"enemies":"Slavers","floor":23.0,"turns":3.0},{"damage":18.0,"enemies":"Cultist and Chosen","floor":24.0,"turns":5.0},{"damage":2.0,"enemies":"Gremlin Leader","floor":25.0,"turns":5.0},{"damage":12.0,"enemies":"Book of Stabbing","floor":30.0,"turns":4.0},{"damage":11.0,"enemies":"Snake Plant","floor":31.0,"turns":3.0},{"damage":15.0,"enemies":"Collector","floor":33.0,"turns":3.0},{"damage":0.0,"enemies":"Orb Walker","floor":35.0,"turns":3.0},{"damage":0.0,"enemies":"3 Shapes","floor":39.0,"turns":3.0},{"damage":0.0,"enemies":"Reptomancer","floor":40.0,"turns":3.0},{"damage":0.0,"enemies":"Writhing Mass","floor":41.0,"turns":3.0},{"damage":0.0,"enemies":"Nemesis","floor":42.0,"turns":4.0},{"damage":0.0,"enemies":"Maw","floor":45.0,"turns":3.0},{"damage":0.0,"enemies":"Spire Growth","floor":46.0,"turns":3.0},{"damage":0.0,"enemies":"Giant Head","floor":47.0,"turns":2.0},{"damage":0.0,"enemies":"Donu and Deca","floor":50.0,"turns":2.0},{"damage":0.0,"enemies":"Awakened One","floor":51.0,"turns":3.0},{"damage":0,"enemies":"Shield and Spear","floor":55,"turns":2},{"damage":20,"enemies":"The Heart","floor":56,"turns":7}],"seed_played":"-7705357634511911602","potions_obtained":[{"floor":6.0,"key":"GamblersBrew"},{"floor":8.0,"key":"Explosive Potion"},{"floor":10.0,"key":"Block Potion"},{"floor":16.0,"key":"DuplicationPotion"},{"floor":18.0,"key":"Swift Potion"},{"floor":19.0,"key":"Explosive Potion"},{"floor":23.0,"key":"Dexterity Potion"},{"floor":30.0,"key":"Dexterity Potion"}],"is_trial":false,"path_per_floor":["M","M","$","M","?","E","?","M","T","M","$","R","M","$","R","B",null,"M","M","M","$","?","E","M","E","T","R","$","?","E","M","R","B",null,"M","$","?","?","M","E","M","E","T","?","M","M","E","?","R","B","B",null,"R","$","E","B",null],"character_chosen":"WATCHER","items_purchased":["PowerPotion","Membership Card","LikeWater","InnerPeace","DeusExMachina","MentalFortress","FairyPotion","TalkToTheHand","Centennial Puzzle","Bottled Tornado"],"campfire_rested":3,"item_purchase_floors":[3,11,11,14,21,21,28,36,54,54],"current_hp_per_floor":[59,57,57,48,37,27,27,10,10,10,10,28,33,33,33,16,51,55,60,30,30,30,24,6,9,9,27,27,27,15,4,22,7,48,48,48,37,37,37,37,37,37,37,37,37,37,37,37,37,37,37,37,37,37,37,17],"gold":313,"neow_bonus":"REMOVE_TWO","is_daily":false,"chose_seed":false,"campfire_upgraded":2,"win_rate":0.0,"timestamp":1609854612,"path_taken":["M","M","?","M","?","E","?","M","T","?","$","R","M","?","R","BOSS","M","M","M","$","?","E","M","E","T","R","$","?","E","M","R","BOSS","M","$","?","?","M","E","M","E","T","?","?","M","E","?","R","BOSS","BOSS","R","$","E","BOSS"],"items_purchased_type":["Potion","Relic","Card","Card","Card","Card","Potion","Card","Relic","Relic"],"build_version":"2020-12-22","purchased_purges":5,"victory":true,"max_hp_per_floor":[62,62,62,62,62,62,62,62,62,62,62,62,62,62,62,62,62,62,62,62,62,62,62,62,62,62,62,62,62,62,62,62,62,62,62,62,62,62,62,62,62,62,62,72,72,72,72,72,72,72,72,72,72,69,76,76],"card_choices":[{"not_picked":["PathToVictory","CrushJoints"],"picked":"Tantrum","floor":1.0},{"not_picked":["ThirdEye","EmptyFist"],"picked":"CarveReality","floor":2.0},{"not_picked":["DeceiveReality","FlyingSleeves"],"picked":"Meditate","floor":4.0},{"not_picked":["CutThroughFate","LessonLearned"],"picked":"Adaptation","floor":6.0},{"not_picked":["Study","JustLucky"],"picked":"BowlingBash","floor":8.0},{"not_picked":["FlyingSleeves","Evaluate"],"picked":"Adaptation","floor":10.0},{"not_picked":["SandsOfTime","JustLucky","Evaluate"],"picked":"SKIP","floor":13.0},{"not_picked":["Alpha","LessonLearned"],"picked":"Wish","floor":16.0},{"not_picked":["EmptyBody+1","JustLucky","FlyingSleeves"],"picked":"SKIP","floor":18.0},{"not_picked":["CrushJoints+1","ClearTheMind","Meditate"],"picked":"SKIP","floor":19.0},{"not_picked":["EmptyBody","PathToVictory","Wireheading"],"picked":"SKIP","floor":20.0},{"not_picked":["Consecrate","DevaForm","Study"],"picked":"SKIP","floor":23.0},{"not_picked":["FlurryOfBlows","Indignation","CutThroughFate"],"picked":"SKIP","floor":24.0},{"not_picked":["Halt","Protect+1","FollowUp"],"picked":"SKIP","floor":25.0},{"not_picked":["Crescendo","Tantrum","Halt"],"picked":"SKIP","floor":30.0},{"not_picked":["Consecrate","Protect","CrushJoints+1"],"picked":"SKIP","floor":31.0},{"not_picked":["SpiritShield","Omniscience"],"picked":"Vault","floor":33.0},{"not_picked":["SashWhip","Protect","SignatureMove"],"picked":"SKIP","floor":35.0},{"not_picked":["CutThroughFate","Perseverance"],"picked":"MentalFortress","floor":39.0},{"not_picked":["Study+1","WheelKick","Prostrate"],"picked":"SKIP","floor":40.0},{"not_picked":["SashWhip","BattleHymn","Conclude"],"picked":"SKIP","floor":41.0},{"not_picked":["Halt","WindmillStrike","Swivel"],"picked":"SKIP","floor":42.0},{"not_picked":["FlyingSleeves","MentalFortress","ReachHeaven"],"picked":"SKIP","floor":45.0},{"not_picked":["WaveOfTheHand","Alpha","EmptyFist"],"picked":"SKIP","floor":46.0},{"not_picked":["Judgement","CrushJoints","Swivel"],"picked":"SKIP","floor":47.0},{"not_picked":["FollowUp","CarveReality","BowlingBash"],"picked":"SKIP","floor":55}],"player_experience":752117,"relics_obtained":[{"floor":6.0,"key":"Toy Ornithopter"},{"floor":9.0,"key":"Bag of Preparation"},{"floor":23.0,"key":"Happy Flower"},{"floor":25.0,"key":"Pocketwatch"},{"floor":30.0,"key":"Vajra"},{"floor":40.0,"key":"Calipers"},{"floor":42.0,"key":"Turnip"},{"floor":43.0,"key":"Nunchaku"},{"floor":55,"key":"Strawberry"}],"event_choices":[{"damage_healed":0.0,"max_hp_gain":0.0,"max_hp_loss":0.0,"gold_gain":75.0,"event_name":"World of Goop","player_choice":"Gather Gold","floor":5.0,"gold_loss":0.0,"damage_taken":11.0},{"damage_healed":0.0,"max_hp_gain":0.0,"max_hp_loss":0.0,"gold_gain":0.0,"cards_transformed":["CarveReality"],"event_name":"Transmorgrifier","player_choice":"Transformed","floor":7.0,"gold_loss":0.0,"damage_taken":0.0,"cards_obtained":["Tantrum"]},{"damage_healed":0.0,"max_hp_gain":0.0,"max_hp_loss":0.0,"gold_gain":0.0,"event_name":"Forgotten Altar","player_choice":"Smashed Altar","floor":22.0,"gold_loss":0.0,"damage_taken":0.0,"cards_obtained":["Decay"]},{"damage_healed":0.0,"max_hp_gain":0.0,"max_hp_loss":0.0,"gold_gain":0.0,"event_name":"FaceTrader","player_choice":"Trade","floor":29.0,"gold_loss":0.0,"damage_taken":0.0,"relics_obtained":["CultistMask"]},{"damage_healed":0.0,"max_hp_gain":0.0,"max_hp_loss":0.0,"gold_gain":0.0,"event_name":"Winding Halls","player_choice":"Embrace Madness","floor":37.0,"gold_loss":0.0,"damage_taken":11.0,"cards_obtained":["Madness","Madness"]},{"damage_healed":0.0,"max_hp_gain":0.0,"max_hp_loss":0.0,"gold_gain":0.0,"event_name":"MindBloom","player_choice":"Upgrade","floor":38.0,"gold_loss":0.0,"damage_taken":0.0,"cards_upgraded":["Eruption","Vigilance","Tantrum","Adaptation","Tantrum","BowlingBash","Adaptation","LikeWater","InnerPeace","Wish","DeusExMachina","MentalFortress","Vault","TalkToTheHand","Madness","Madness"],"relics_obtained":["Mark of the Bloom"]},{"cards_removed":["ConjureBlade"],"damage_healed":25.0,"max_hp_gain":10.0,"max_hp_loss":0.0,"gold_gain":0.0,"event_name":"Bonfire Elementals","player_choice":"Offered Rare","floor":44.0,"gold_loss":0.0,"damage_taken":0.0},{"cards_removed":["LikeWater"],"damage_healed":0.0,"max_hp_gain":0.0,"max_hp_loss":0.0,"gold_gain":0.0,"event_name":"Falling","player_choice":"Removed Power","floor":48.0,"gold_loss":0.0,"damage_taken":0.0}],"is_beta":false,"boss_relics":[{"not_picked":["SlaversCollar","Runic Pyramid"],"picked":"Astrolabe"},{"not_picked":["HolyWater","Coffee Dripper"],"picked":"VioletLotus"}],"items_purged_floors":[3,21,28,36,54],"is_endless":false,"potions_floor_spawned":[6,8,10,16,18,19,23,30,39,40,46],"ascension_level":20}}