{"host":"yecadp3kwkksam5a","time":1609831756,"event":{"mods":["BaseMod","Minty Spire (QoL Compilation)","Replay The Spire","StSLib","The Jungle"],"gold_per_floor":[414,431,148,162,178,213,213,248,274,299,23,23,33,51,51,130,130,148,233,62,62,62,91,91,125,171,199,199,225,49,49,49,126,126,145,95,95,95,95,122,147,147,147,77,77,77,111,0,0,74,150,150,161,161,31,31,31,67,85,119,163,163,163,176,176,176],"floor_reached":65,"playtime":4852,"items_purged":["Expertise"],"score":2489,"play_id":"6d61a2b5-19ef-4f4f-9127-518fcf2fefef","local_time":"20210105162916","daily_mods":["Draft","Diverse","Heirloom","Flight"],"is_ascension_mode":true,"campfire_choices":[{"floor":7.0,"key":"REST"},{"floor":15.0,"key":"REST"},{"floor":24.0,"key":"REST"},{"floor":32.0,"key":"DIG"},{"data":"DevaForm","floor":42.0,"key":"SMITH"},{"data":"Echo Form","floor":46.0,"key":"SMITH"},{"data":"Twin Strike","floor":49.0,"key":"PURGE"},{"floor":62,"key":"REST"},{"data":"Feel No Pain","floor":63,"key":"SMITH"}],"circlet_count":0,"master_deck":["Demon Form","Wraith Form v2","Echo Form+1","DevaForm+1","AscendersBane","Evaluate","BootSequence","Armaments+1","Dagger Throw","Headbutt","Bouncing Flask","Headbutt","Ball Lightning","Hidden Blade","Crescendo","Self Repair","SandsOfTime","Aggregate","Eviscerate","FearNoEvil","Acrobatics+1","EmptyFist","TalkToTheHand+1","DeceiveReality","Ball Lightning","Hologram","Electrodynamics+1","Go for the Eyes+1","Stack+1","Coolheaded","Adrenaline","Dark Embrace","Burst","Sword Boomerang+1","Fusion+1","Dual Wield+1","Stack+1","FTL+1","Feel No Pain+1","Replay:Cycle","Acrobatics+1","Hidden Blade","ReplayTheSpireMod:Private Reserves","Thinking Ahead","Vault","Meteor Strike+1","DeceiveReality","Deflect","FearNoEvil","Sword Boomerang"],"relics":["Unceasing Top","Old Coin","Prayer Wheel","Replay:Rubber Ducky","DataDisk","Nunchaku","Strawberry","Replay:Bottled Eggs","Ring of Chaos","ReplayTheSpireMod:Lightbulb","Omamori","theJungle:BirthdayCakeSlice","theJungle:SneckoAutograph","Dream Catcher","Blood Vial","MealTicket","Pet Ghost","Toy Ornithopter","Replay:Wax Seal","StoneCalendar","Astrolabe","Orrery","Bag of Preparation","Lizard Tail","Geode","Bronze Scales","StrikeDummy","The Courier","Bag of Marbles","ReplayTheSpireMod:ShopPack","Calling Bell","ReplayFunnel","Darkstone Periapt","Mango","Golden Idol","Guide Book","Bottled Tornado"],"acts_visited":["Exordium","theJungle:Jungle","TheBeyond","Exordium"],"potions_floor_usage":[],"damage_taken":[{"damage":2.0,"enemies":"Jaw Worm","floor":1.0,"turns":3.0},{"damage":12.0,"enemies":"Cultist","floor":2.0,"turns":4.0},{"damage":0.0,"enemies":"Small Slimes","floor":4.0,"turns":3.0},{"damage":18.0,"enemies":"Looter","floor":5.0,"turns":5.0},{"damage":32.0,"enemies":"Gremlin Nob","floor":6.0,"turns":4.0},{"damage":0.0,"enemies":"Lagavulin","floor":8.0,"turns":5.0},{"damage":34.0,"enemies":"3 Sentries","floor":10.0,"turns":7.0},{"damage":0.0,"enemies":"3 Louse","floor":13.0,"turns":3.0},{"damage":9.0,"enemies":"2 Fungi Beasts","floor":14.0,"turns":3.0},{"damage":0.0,"enemies":"Slime Boss","floor":16.0,"turns":7.0},{"damage":4.0,"enemies":"theJungle:GiantWrat","floor":18.0,"turns":4.0},{"damage":45.0,"enemies":"theJungle:Cassacara","floor":23.0,"turns":7.0},{"damage":7.0,"enemies":"theJungle:2_Phrogs","floor":25.0,"turns":6.0},{"damage":7.0,"enemies":"theJungle:Cassacara","floor":27.0,"turns":6.0},{"damage":0.0,"enemies":"theJungle:2_Phrogs","floor":29.0,"turns":6.0},{"damage":59.0,"enemies":"theJungle:TotemBoss","floor":33.0,"turns":8.0},{"damage":11.0,"enemies":"Orb Walker","floor":35.0,"turns":4.0},{"damage":0.0,"enemies":"R_Hoarder","floor":40.0,"turns":6.0},{"damage":0.0,"enemies":"Reptomancer","floor":41.0,"turns":2.0},{"damage":0.0,"enemies":"Nemesis","floor":44.0,"turns":5.0},{"damage":0.0,"enemies":"R_Hoarder","floor":47.0,"turns":6.0},{"damage":38.0,"enemies":"Time Eater","floor":50.0,"turns":10.0},{"damage":66.0,"enemies":"Replay:Hell Engine","floor":51.0,"turns":9.0},{"damage":19.0,"enemies":"2 Louse","floor":53.0,"turns":3.0},{"damage":0.0,"enemies":"Lagavulin","floor":58.0,"turns":6.0},{"damage":0.0,"enemies":"Jaw Worm","floor":59.0,"turns":4.0},{"damage":14.0,"enemies":"3 Sentries","floor":60.0,"turns":3.0},{"damage":3,"enemies":"Gremlin Nob","floor":61,"turns":4},{"damage":0,"enemies":"Small Slimes","floor":64,"turns":4},{"damage":0,"enemies":"3 Sentries","floor":65,"turns":1}],"seed_played":"-627096892236739631","potions_obtained":[{"floor":5.0,"key":"Toxic Potion"},{"floor":6.0,"key":"Block Potion"}],"is_trial":true,"path_per_floor":["M","M","$","M","M","E","R","E","T","E","$","?","M","M","R","B",null,"M","?","$","?","?","E","R","E","T","E","?","E","$","?","R","B",null,"M","$","?","T","?","E","E","R","T","E","?","R","E","$","R","B","B",null,"M","?","$","?","?","E","M","E","E","R","R","M","E"],"character_chosen":"DEFECT","items_purchased":["Fasting2","Aggregate","Eviscerate","Replay:Bottled Eggs","Omamori","Dark Embrace","Replay:Wax Seal","Bag of Preparation","Feel No Pain","ReplayTheSpireMod:ShopPack","Guide Book"],"campfire_rested":4,"item_purchase_floors":[3,3,3,11,20,30,30,36,36,48,55],"current_hp_per_floor":[62,57,57,64,53,21,42,49,49,22,22,22,22,13,36,50,71,67,67,67,72,72,37,61,64,64,69,69,78,83,83,83,24,68,66,81,79,79,79,79,79,79,79,79,79,79,79,79,79,48,25,80,70,38,53,46,18,27,29,17,16,43,43,52,54,54],"gold":176,"neow_bonus":"","is_daily":false,"chose_seed":false,"campfire_upgraded":3,"win_rate":0.0,"timestamp":1609831756,"path_taken":["M","M","$","M","M","E","R","E","T","E","$","?","?","M","R","BOSS","M","?","$","?","?","E","R","E","T","E","?","E","$","?","R","BOSS","M","$","?","?","?","E","E","R","T","E","?","R","E","$","R","BOSS","BOSS","M","?","$","?","?","E","?","E","E","R","R","?","E"],"items_purchased_type":["Card","Card","Card","Relic","Relic","Card","Relic","Relic","Card","Relic","Relic"],"build_version":"2020-12-22","purchased_purges":1,"victory":false,"max_hp_per_floor":[71,71,71,71,71,71,71,71,71,78,78,78,78,78,78,78,78,78,78,78,83,83,83,83,83,83,83,83,83,83,83,83,83,83,83,83,79,79,79,79,79,79,79,79,79,79,79,79,79,79,79,93,93,93,93,93,93,93,93,93,93,93,93,93,93,93],"card_choices":[{"not_picked":["Blade Dance","JustLucky"],"picked":"Evaluate","floor":0.0},{"not_picked":["Infinite Blades","Wallop"],"picked":"Loop","floor":0.0},{"not_picked":["Draining Mist","Dash"],"picked":"BootSequence","floor":0.0},{"not_picked":["Defy Death","Outmaneuver"],"picked":"Armaments","floor":0.0},{"not_picked":["Catalyst","Replay:Battleflow"],"picked":"Dagger Throw","floor":0.0},{"not_picked":["Pray","Barrage"],"picked":"Headbutt","floor":0.0},{"not_picked":["Compile Driver","Iron Wave"],"picked":"Bouncing Flask","floor":0.0},{"not_picked":["Redo","Replay:BluntJabs"],"picked":"Headbutt","floor":0.0},{"not_picked":["True Grit","Replay:BluntJabs"],"picked":"MentalFortress","floor":0.0},{"not_picked":["Havoc","Replay:Undeath\u0027s Touch"],"picked":"Ball Lightning","floor":0.0},{"not_picked":["Capacitor","Thunderclap"],"picked":"Hidden Blade","floor":0.0},{"not_picked":["ReplayTheSpireMod:Reroute Power","CrushJoints"],"picked":"Twin Strike","floor":0.0},{"not_picked":["Replay:BluntJabs","FlyingSleeves"],"picked":"Expertise","floor":0.0},{"not_picked":["CrushJoints","Halt"],"picked":"Crescendo","floor":0.0},{"not_picked":["Replay:Undeath\u0027s Touch","Conserve Battery"],"picked":"Self Repair","floor":0.0},{"not_picked":["CutThroughFate","BasicCrystalCard"],"picked":"SandsOfTime","floor":1.0},{"not_picked":["Flex","Entrench","FollowUp"],"picked":"SKIP","floor":2.0},{"not_picked":["Replay:Undeath\u0027s Touch","EmptyFist"],"picked":"ReplayTheSpireMod:Fabricate Wheel","floor":4.0},{"not_picked":["Go for the Eyes","Compile Driver"],"picked":"FearNoEvil","floor":5.0},{"not_picked":["Undo","Catalyst"],"picked":"Acrobatics","floor":5.0},{"not_picked":["Thunderclap","ClearTheMind","Time Bomb"],"picked":"SKIP","floor":6.0},{"not_picked":["FlyingSleeves","Auto Shields"],"picked":"EmptyFist","floor":8.0},{"not_picked":["Buffer","Gash"],"picked":"TalkToTheHand","floor":10.0},{"not_picked":["Body Slam","Choke"],"picked":"DeceiveReality","floor":13.0},{"not_picked":["ReplayTheSpireMod:Strike From Hell","Metallicize"],"picked":"Ball Lightning","floor":13.0},{"not_picked":["Crescendo","Gash"],"picked":"Hologram","floor":14.0},{"not_picked":["Weave","ReachHeaven","Rip and Tear"],"picked":"SKIP","floor":14.0},{"not_picked":["Venomology","Double Tap"],"picked":"Electrodynamics","floor":16.0},{"not_picked":["Anger+1","Heel Hook"],"picked":"Go for the Eyes+1","floor":18.0},{"not_picked":["Protect","Leap","Underhanded Strike"],"picked":"SKIP","floor":18.0},{"not_picked":["Protect","Leap","Underhanded Strike"],"picked":"SKIP","floor":18.0},{"not_picked":["Defragment","Weave","Streamline"],"picked":"SKIP","floor":23.0},{"not_picked":["Underhanded Strike","Inflame"],"picked":"Stack+1","floor":24.0},{"not_picked":["PiercingWail","ReplayTheSpireMod:The Works"],"picked":"Coolheaded","floor":25.0},{"not_picked":["Sever Soul","Conserve Battery"],"picked":"Adrenaline","floor":27.0},{"not_picked":["Reflex","SignatureMove+1","Seeing Red"],"picked":"SKIP","floor":29.0},{"not_picked":["Limit Break","Phantasmal Killer"],"picked":"Burst","floor":33.0},{"not_picked":["All Out Attack","Dagger Spray"],"picked":"CutThroughFate+1","floor":35.0},{"not_picked":["ReplayTheSpireMod:Limb From Limb","CutThroughFate"],"picked":"Stack","floor":35.0},{"not_picked":["A Thousand Cuts","Dodge and Roll"],"picked":"InnerPeace","floor":36.0},{"not_picked":["Feel No Pain","Evaluate"],"picked":"FTL+1","floor":36.0},{"not_picked":["Panic Button","Gash","Hemogenesis"],"picked":"SKIP","floor":40.0},{"not_picked":["Fusion","Panic Button"],"picked":"Replay:Cycle","floor":41.0},{"not_picked":["BowlingBash","Halt"],"picked":"Acrobatics","floor":44.0},{"not_picked":["Stack","Eclipse"],"picked":"Hidden Blade","floor":47.0},{"not_picked":["ReplayTheSpireMod:Uncanny Aura","ReplayUltimateDefense"],"picked":"ReplayTheSpireMod:Private Reserves","floor":48.0},{"not_picked":["ReplayUltimateDefense","ReplayTheSpireMod:Necrogeddon"],"picked":"Thinking Ahead","floor":48.0},{"not_picked":["Eclipse","Brutality"],"picked":"Vault","floor":50.0},{"not_picked":["A Thousand Cuts","Fission"],"picked":"Meteor Strike","floor":51.0},{"not_picked":["Time Bomb","Crescendo","WheelKick"],"picked":"SKIP","floor":53.0},{"not_picked":["Crescendo","Sentinel","Acrobatics"],"picked":"SKIP","floor":53.0},{"not_picked":["Alpha","Blade Dance","Barrage"],"picked":"SKIP","floor":58.0},{"not_picked":["Chill","Catalyst"],"picked":"DeceiveReality","floor":59.0},{"not_picked":["ReplayGash","Steam","ThirdEye"],"picked":"SKIP","floor":59.0},{"not_picked":["Amplify","Reflex","Deflect"],"picked":"SKIP","floor":60.0},{"not_picked":["Amplify","Reflex"],"picked":"Deflect","floor":60.0},{"not_picked":["Blade Dance","Weave","SandsOfTime"],"picked":"SKIP","floor":61},{"not_picked":["Pray","Abandon"],"picked":"FearNoEvil","floor":62},{"not_picked":["Consecrate","PathToVictory"],"picked":"Sword Boomerang","floor":64},{"not_picked":["Headbutt","FlurryOfBlows","FearNoEvil"],"picked":"SKIP","floor":64}],"player_experience":362470,"relics_obtained":[{"floor":6.0,"key":"Replay:Rubber Ducky"},{"floor":8.0,"key":"DataDisk"},{"floor":9.0,"key":"Nunchaku"},{"floor":10.0,"key":"Strawberry"},{"floor":19.0,"key":"ReplayTheSpireMod:Lightbulb"},{"floor":23.0,"key":"Dream Catcher"},{"floor":25.0,"key":"Blood Vial"},{"floor":26.0,"key":"MealTicket"},{"floor":27.0,"key":"Pet Ghost"},{"floor":29.0,"key":"Toy Ornithopter"},{"floor":32.0,"key":"StoneCalendar"},{"floor":38.0,"key":"Lizard Tail"},{"floor":39.0,"key":"ReplayTheSpireMod:Ring of Sloth"},{"floor":40.0,"key":"Geode"},{"floor":41.0,"key":"Bronze Scales"},{"floor":43.0,"key":"StrikeDummy"},{"floor":44.0,"key":"The Courier"},{"floor":47.0,"key":"Bag of Marbles"},{"floor":52.0,"key":"ReplayFunnel"},{"floor":52.0,"key":"Darkstone Periapt"},{"floor":52.0,"key":"Mango"}],"event_choices":[{"damage_healed":0.0,"max_hp_gain":0.0,"max_hp_loss":0.0,"gold_gain":0.0,"event_name":"Upgrade Shrine","player_choice":"Upgraded","floor":12.0,"gold_loss":0.0,"damage_taken":0.0,"cards_upgraded":["Armaments"]},{"damage_healed":0.0,"max_hp_gain":0.0,"max_hp_loss":4.0,"gold_gain":0.0,"event_name":"Winding Halls","player_choice":"Max HP","floor":37.0,"gold_loss":0.0,"damage_taken":0.0},{"cards_removed":["CutThroughFate"],"damage_healed":0.0,"max_hp_gain":0.0,"max_hp_loss":0.0,"gold_gain":0.0,"event_name":"Falling","player_choice":"Removed Attack","floor":45.0,"gold_loss":0.0,"damage_taken":0.0},{"damage_healed":0.0,"max_hp_gain":0.0,"max_hp_loss":0.0,"gold_gain":0.0,"event_name":"Golden Idol","player_choice":"Take Damage","floor":54.0,"gold_loss":0.0,"damage_taken":32.0,"relics_obtained":["Golden Idol"]},{"cards_removed":["InnerPeace"],"damage_healed":0.0,"max_hp_gain":0.0,"max_hp_loss":0.0,"gold_gain":0.0,"event_name":"Golden Wing","player_choice":"Card Removal","floor":56.0,"gold_loss":0.0,"damage_taken":7.0},{"damage_healed":0.0,"max_hp_gain":0.0,"max_hp_loss":0.0,"gold_gain":0.0,"event_name":"Shining Light","player_choice":"Entered Light","floor":57.0,"gold_loss":0.0,"damage_taken":28.0,"cards_upgraded":["TalkToTheHand","Stack"]}],"is_beta":false,"boss_relics":[{"not_picked":["ChewingGum","Velvet Choker"],"picked":"Ring of Chaos"},{"not_picked":["Runic Dome","Honey Jar"],"picked":"Astrolabe"},{"not_picked":["ReplayTheSpireMod:DimensionalGlitch","Sozu"],"picked":"Calling Bell"}],"items_purged_floors":[3],"is_endless":true,"potions_floor_spawned":[5,6,13,14,23,29,35,40,44,50,51,53,64],"killed_by":"3 Sentries","ascension_level":20}}