{"host":"1kq2ingo3j45gyyp","time":1609886923,"event":{"mods":["BaseMod","Better Note","Better Third Choice","Downfall","Minty Spire (QoL Compilation)","StSLib"],"gold_per_floor":[99,114,289,289,17,44,44,55,87,105,131,158,83,102,112,208,208,208,220,239,239,239,255,300,225,325,325,354,368,381,400,417,514,514,439,459,474,77,94,112,135,154,154,154,172,172,186,223,234,234],"floor_reached":51,"playtime":2564,"items_purged":["Doubt"],"score":850,"play_id":"f6cb2762-95ea-4b85-a76c-49fb01a5c847","local_time":"20210105174843","is_ascension_mode":false,"campfire_choices":[{"floor":1,"key":"RECALL"},{"data":"Guardian:Emergency","floor":13,"key":"SMITH"},{"floor":18,"key":"REST"},{"floor":25,"key":"REST"},{"floor":35,"key":"REST"},{"floor":43,"key":"REST"},{"floor":46,"key":"REST"}],"circlet_count":0,"master_deck":["Guardian:Strike_Guardian","Guardian:Strike_Guardian","Guardian:Strike_Guardian","Guardian:Strike_Guardian","Guardian:Defend_Guardian","Guardian:Defend_Guardian","Guardian:Defend_Guardian","Guardian:Defend_Guardian","Guardian:CurlUp+1","Guardian:TwinSlam","Guardian:ShieldCharger","Guardian:Suspension+1","Guardian:FierceBash","Guardian:TemporalStrike","Guardian:Preprogram","Guardian:TemporalStrike","Guardian:Emergency+1","Guardian:FastForward","Guardian:TemporalShield","Guardian:FloatingOrbs","Guardian:FierceBash","Guardian:ChargeUp","Guardian:TimeSifter","Guardian:TemporalShield","Guardian:TimeBomb+1","Parasite","Guardian:PolyBeam"],"relics":["Guardian:ModeShifter","Bag of Preparation","Centennial Puzzle","Letter Opener","Shuriken","Art of War","Lantern","Ancient Tea Set","downfall:HeartBlessingRed","Fusion Hammer","downfall:HeartBlessingBlue","Toy Ornithopter","Torii","Busted Crown","downfall:HeartBlessingGreen","War Paint","Pen Nib","Anchor","CeramicFish"],"acts_visited":["Exordium","TheCity","TheBeyond"],"potions_floor_usage":[16,33,48],"damage_taken":[{"damage":3,"enemies":"Jaw Worm","floor":2,"turns":3},{"damage":0,"enemies":"downfall:FleeingMerchant","floor":5,"turns":4},{"damage":2,"enemies":"Gremlin Nob","floor":6,"turns":5},{"damage":0,"enemies":"Cultist","floor":8,"turns":4},{"damage":10,"enemies":"3 Sentries","floor":9,"turns":7},{"damage":0,"enemies":"2 Louse","floor":10,"turns":2},{"damage":18,"enemies":"Lagavulin","floor":12,"turns":6},{"damage":5,"enemies":"Large Slime","floor":14,"turns":4},{"damage":0,"enemies":"2 Fungi Beasts","floor":15,"turns":2},{"damage":23,"enemies":"downfall:Defect","floor":16,"turns":5},{"damage":0,"enemies":"Spheric Guardian","floor":19,"turns":1},{"damage":10,"enemies":"Chosen","floor":20,"turns":3},{"damage":15,"enemies":"Snecko","floor":23,"turns":6},{"damage":15,"enemies":"downfall:LadyInBlue","floor":26,"turns":8},{"damage":0,"enemies":"Gremlin Leader","floor":28,"turns":5},{"damage":11,"enemies":"3 Cultists","floor":29,"turns":4},{"damage":14,"enemies":"Centurion and Healer","floor":30,"turns":5},{"damage":7,"enemies":"Shelled Parasite and Fungi","floor":31,"turns":3},{"damage":1,"enemies":"Snake Plant","floor":32,"turns":3},{"damage":17,"enemies":"downfall:Watcher","floor":33,"turns":6},{"damage":9,"enemies":"3 Darklings","floor":36,"turns":5},{"damage":6,"enemies":"3 Shapes","floor":37,"turns":3},{"damage":0,"enemies":"downfall:FleeingMerchant","floor":38,"turns":4},{"damage":32,"enemies":"Writhing Mass","floor":39,"turns":4},{"damage":16,"enemies":"Maw","floor":40,"turns":6},{"damage":0,"enemies":"4 Shapes","floor":42,"turns":3},{"damage":0,"enemies":"Jaw Worm Horde","floor":45,"turns":2},{"damage":9,"enemies":"Maw","floor":47,"turns":5},{"damage":18,"enemies":"Nemesis","floor":48,"turns":5},{"damage":0,"enemies":"Transient","floor":49,"turns":5},{"damage":22,"enemies":"downfall:Silent","floor":50,"turns":5}],"seed_played":"1595789224226149116","potions_obtained":[{"floor":8,"key":"ColorlessPotion"},{"floor":10,"key":"ColorlessPotion"},{"floor":12,"key":"DistilledChaos"},{"floor":14,"key":"Guardian:BlockOnCardUsePotion"},{"floor":23,"key":"DistilledChaos"},{"floor":26,"key":"CultistPotion"},{"floor":33,"key":"Ancient Potion"},{"floor":37,"key":"EssenceOfSteel"},{"floor":48,"key":"AttackPotion"},{"floor":49,"key":"CultistPotion"}],"is_trial":false,"path_per_floor":["R","M","?","?","$","E","T","M","E","M","T","E","R","M","M","B",null,"R","M","M","?","?","M","T","R","?","?","E","M","M","M","M","B",null,"R","M","M","$","M","M","T","M","R","?","M","R","M","E","M","B",null],"character_chosen":"GUARDIAN","items_purchased":["Guardian:FierceBash","Guardian:TemporalStrike","Guardian:Preprogram","War Paint","Pen Nib"],"campfire_rested":5,"item_purchase_floors":[5,5,5,38,38],"current_hp_per_floor":[80,77,77,77,77,75,75,75,65,65,65,47,47,42,42,19,80,80,80,70,70,70,55,55,90,75,75,75,64,50,43,42,30,90,90,81,75,75,43,27,27,27,54,54,54,81,72,59,59,37],"gold":234,"neow_bonus":"RANDOM_COMMON_RELIC","is_daily":false,"chose_seed":false,"campfire_upgraded":1,"win_rate":0.0,"timestamp":1609886923,"path_taken":["R","M","?","?","$","E","T","M","E","M","?","E","R","?","M","BOSS","R","M","M","?","?","M","T","R","?","?","E","?","M","M","M","BOSS","R","M","M","$","M","M","T","M","R","?","M","R","M","E","M","BOSS"],"items_purchased_type":["Card","Card","Card","Relic","Relic"],"build_version":"2020-12-22","purchased_purges":1,"victory":true,"max_hp_per_floor":[80,80,80,80,80,80,80,80,80,80,80,80,80,80,80,80,80,80,80,80,80,80,80,80,90,90,90,90,90,90,90,90,90,90,90,90,90,90,90,90,90,90,90,90,90,90,90,90,90,90],"card_choices":[{"not_picked":["Guardian:Gem_Cyan","Guardian:Suspension"],"picked":"Guardian:ShieldCharger","floor":2},{"not_picked":["Guardian:Reroute","Guardian:MultiBeam"],"picked":"Guardian:Suspension","floor":5},{"not_picked":["Guardian:EvasiveProtocol","Guardian:CrystalBeam","Guardian:RollAttack"],"picked":"SKIP","floor":6},{"not_picked":["Guardian:WalkerClaw","Guardian:TimeBomb"],"picked":"Guardian:TemporalStrike","floor":8},{"not_picked":["Guardian:ConstructionForm","Guardian:Gem_Cyan"],"picked":"Guardian:Emergency","floor":9},{"not_picked":["Guardian:Gem_Lightblue","Guardian:MultiBeam"],"picked":"Guardian:TimeBomb","floor":10},{"not_picked":["Guardian:Planning","Guardian:SentryBeam"],"picked":"Guardian:Gem_White","floor":12},{"not_picked":["Guardian:Planning","Guardian:RollAttack"],"picked":"Guardian:Gem_Red","floor":14},{"not_picked":["Guardian:CrystalBeam","Guardian:Planning","Guardian:PiercingHide"],"picked":"SKIP","floor":15},{"not_picked":["Guardian:RevengeProtocol","Guardian:AncientConstruct"],"picked":"Guardian:FastForward","floor":16},{"not_picked":["Guardian:RefractedBeam+1","Guardian:VentSteam"],"picked":"Guardian:Gem_White","floor":19},{"not_picked":["Guardian:WalkerClaw","Guardian:TimeBomb"],"picked":"Guardian:TemporalShield","floor":20},{"not_picked":["Guardian:TemporalShield","Guardian:ArmoredProtocol","Guardian:Planning"],"picked":"SKIP","floor":23},{"not_picked":["Guardian:Gem_Lightblue","Guardian:Recover"],"picked":"Guardian:FierceBash","floor":26},{"not_picked":["Guardian:Gem_Green","Guardian:ChargeCore","Guardian:BronzeOrb"],"picked":"SKIP","floor":28},{"not_picked":["Guardian:Recover","Guardian:ChargeCore","Guardian:ShieldCharger"],"picked":"SKIP","floor":29},{"not_picked":["Guardian:Reroute+1","Guardian:Recover"],"picked":"Guardian:Gem_Red","floor":30},{"not_picked":["Guardian:ChargeCore+1","Guardian:Gem_Lightblue"],"picked":"Guardian:ChargeUp","floor":31},{"not_picked":["Guardian:Gem_Red","Guardian:Recover"],"picked":"Guardian:Gem_Synthetic","floor":32},{"not_picked":["Guardian:Gem_Synthetic","Guardian:FierceBash"],"picked":"Guardian:TimeSifter","floor":33},{"not_picked":[],"picked":"Guardian:TemporalShield","floor":36},{"not_picked":[],"picked":"Guardian:TimeBomb+1","floor":37},{"not_picked":["Guardian:Reroute"],"picked":"SKIP","floor":38},{"not_picked":["Guardian:SentryBeam+1"],"picked":"SKIP","floor":39},{"not_picked":["Guardian:TimeBomb"],"picked":"SKIP","floor":40},{"not_picked":["Guardian:CrystalBeam"],"picked":"SKIP","floor":42},{"not_picked":["Guardian:Preprogram"],"picked":"SKIP","floor":45},{"not_picked":["Guardian:CrystalBeam"],"picked":"SKIP","floor":47},{"not_picked":[],"picked":"Guardian:PolyBeam","floor":48},{"not_picked":["Guardian:Repulse+1"],"picked":"SKIP","floor":49}],"player_experience":841104,"relics_obtained":[{"floor":6,"key":"Letter Opener"},{"floor":7,"key":"Shuriken"},{"floor":9,"key":"Art of War"},{"floor":11,"key":"Lantern"},{"floor":12,"key":"Ancient Tea Set"},{"floor":26,"key":"Toy Ornithopter"},{"floor":28,"key":"Torii"},{"floor":41,"key":"Anchor"},{"floor":48,"key":"CeramicFish"}],"event_choices":[{"cards_removed":["Guardian:TimeBomb"],"damage_healed":0,"gold_gain":0,"player_choice":"Removed Skill","damage_taken":0,"max_hp_gain":0,"max_hp_loss":0,"event_name":"Falling","floor":44,"gold_loss":0}],"is_beta":false,"boss_relics":[{"not_picked":["Black Star","Runic Pyramid"],"picked":"Fusion Hammer"},{"not_picked":["SlaversCollar","Calling Bell"],"picked":"Busted Crown"}],"items_purged_floors":[38],"is_endless":false,"potions_floor_spawned":[8,10,12,14,23,29,30,32,33,37,42,45,48,49],"ascension_level":0}}