{"host":"ig7tc0uedzltt2sr","time":1609823931,"event":{"mods":["BaseMod","Better Twitch Integration","Block Reminder","Colored Map","Colored Powertips","Communication Mod","Current Relic Mod","GifTheSpireLib","HexUI Lib","Minty Spire (QoL Compilation)","Quick Restart","Random Character Button","Rare Cards Sparkle","Relic Sorter","Relic Stats","Slay the Relics Exporter","StSLib","SuperFastMode","Synergy Search","Twitch Decklist","Twitch Utils","everything is the same but u backflip on backflip","slay the spire mod where everything is the same but ironclad has a cowboy hat"],"gold_per_floor":[112,126,126,144,160,160,175,192,192,203,203,219,219,219,219],"floor_reached":14,"playtime":143,"items_purged":[],"score":86,"play_id":"905f8a1e-8840-4288-9849-106c3b8be5f5","local_time":"20210104211851","is_ascension_mode":false,"campfire_choices":[{"floor":11,"key":"REST"}],"circlet_count":0,"master_deck":["Strike_R","Strike_R","Strike_R","Strike_R","Defend_R","Defend_R","Defend_R","Defend_R","Bash","Burning Pact","Blood for Blood","Evolve","Sever Soul","True Grit","Armaments","Wild Strike","Infernal Blade","Rage"],"relics":["Burning Blood","Mummified Hand"],"acts_visited":["Exordium"],"potions_floor_usage":[],"damage_taken":[{"damage":5,"enemies":"Small Slimes","floor":1,"turns":8},{"damage":22,"enemies":"2 Louse","floor":2,"turns":12},{"damage":17,"enemies":"Cultist","floor":4,"turns":6},{"damage":21,"enemies":"2 Fungi Beasts","floor":5,"turns":7},{"damage":12,"enemies":"3 Louse","floor":7,"turns":5},{"damage":12,"enemies":"Red Slaver","floor":8,"turns":7},{"damage":17,"enemies":"2 Fungi Beasts","floor":10,"turns":5},{"damage":14,"enemies":"Exordium Thugs","floor":12,"turns":8},{"damage":43,"enemies":"3 Sentries","floor":14,"turns":6}],"seed_played":"2876086155985509453","potions_obtained":[{"floor":2,"key":"SpeedPotion"},{"floor":4,"key":"FearPotion"},{"floor":12,"key":"Fire Potion"}],"is_trial":false,"path_per_floor":["M","M","$","M","M","?","M","M","T","M","R","M","$","E"],"character_chosen":"IRONCLAD","items_purchased":[],"campfire_rested":1,"item_purchase_floors":[],"current_hp_per_floor":[88,72,72,61,46,46,40,34,34,23,49,41,41,0,0],"gold":219,"neow_bonus":"TEN_PERCENT_HP_BONUS","is_daily":false,"chose_seed":false,"campfire_upgraded":0,"win_rate":0.0,"timestamp":1609823931,"path_taken":["M","M","$","M","M","?","M","M","T","M","R","M","$","E"],"items_purchased_type":[],"build_version":"2020-12-22","purchased_purges":0,"victory":false,"max_hp_per_floor":[88,88,88,88,88,88,88,88,88,88,88,88,88,88,88],"relic_stats":{"counters":[9,64],"Mummified Hand":[3],"obtain_stats":[{"Mummified Hand":9,"Burning Blood":0},{"Mummified Hand":6,"Burning Blood":0},{"Mummified Hand":45,"Burning Blood":0}],"Burning Blood":47},"card_choices":[{"not_picked":["Twin Strike","Wild Strike"],"picked":"Burning Pact","floor":1},{"not_picked":["Headbutt","True Grit"],"picked":"Blood for Blood","floor":2},{"not_picked":["Flex","Heavy Blade"],"picked":"Evolve","floor":4},{"not_picked":["Twin Strike","Uppercut"],"picked":"Sever Soul","floor":5},{"not_picked":["Sword Boomerang","Havoc"],"picked":"Armaments","floor":7},{"not_picked":["Sword Boomerang","Twin Strike"],"picked":"Wild Strike","floor":8},{"not_picked":["Warcry","Iron Wave"],"picked":"Infernal Blade","floor":10},{"not_picked":["Combust","Cleave"],"picked":"Rage","floor":12}],"player_experience":1424665,"relics_obtained":[{"floor":9,"key":"Mummified Hand"}],"event_choices":[{"damage_healed":0,"gold_gain":0,"cards_transformed":["Strike_R"],"player_choice":"Change","damage_taken":0,"max_hp_gain":0,"max_hp_loss":0,"event_name":"Living Wall","floor":6,"gold_loss":0,"cards_obtained":["True Grit"]}],"is_beta":false,"boss_relics":[],"items_purged_floors":[],"is_endless":false,"potions_floor_spawned":[2,4,12],"killed_by":"3 Sentries","ascension_level":0}}