{"host":"f5n4tidiz2n5sooh","time":1609846132,"event":{"mods":["BaseMod","Bestiary","Colored Map","Minty Spire (QoL Compilation)","Relic Stats","StSLib"],"gold_per_floor":[118,128,53,53,53,53,64,64,64,92,106,126,152,165,165,239,239,219,231,102,102,120,120,139,139,164,164,164],"floor_reached":27,"playtime":827,"items_purged":["Strike_R"],"score":475,"play_id":"c072ed9d-f608-440a-af43-8b674b4cb9f9","local_time":"20210105052852","is_ascension_mode":true,"campfire_choices":[{"data":"Carnage","floor":6,"key":"SMITH"},{"data":"Bash","floor":8,"key":"SMITH"},{"floor":15,"key":"REST"},{"floor":23,"key":"REST"}],"circlet_count":0,"master_deck":["AscendersBane","Defend_R","Defend_R","Defend_R","Defend_R","Bash+1","Sword Boomerang","Shrug It Off","Carnage+1","Cleave","Second Wind","Metallicize","Demon Form","Whirlwind","Shrug It Off+1","Feed","Bite","Bite","Bite","Bite","Bite"],"relics":["SlaversCollar","Oddly Smooth Stone","StrikeDummy","Boot","Ice Cream","Empty Cage","Pen Nib"],"acts_visited":["Exordium","TheCity"],"potions_floor_usage":[7,10,13,14,19,22,24],"damage_taken":[{"damage":12,"enemies":"Cultist","floor":1,"turns":4},{"damage":10,"enemies":"Small Slimes","floor":2,"turns":3},{"damage":6,"enemies":"Jaw Worm","floor":7,"turns":2},{"damage":2,"enemies":"Gremlin Nob","floor":10,"turns":3},{"damage":14,"enemies":"Lots of Slimes","floor":11,"turns":4},{"damage":2,"enemies":"3 Louse","floor":12,"turns":4},{"damage":1,"enemies":"3 Sentries","floor":13,"turns":7},{"damage":13,"enemies":"Blue Slaver","floor":14,"turns":2},{"damage":19,"enemies":"Hexaghost","floor":16,"turns":9},{"damage":15,"enemies":"2 Thieves","floor":18,"turns":4},{"damage":3,"enemies":"3 Byrds","floor":19,"turns":3},{"damage":39,"enemies":"Snake Plant","floor":22,"turns":4},{"damage":36,"enemies":"Cultist and Chosen","floor":24,"turns":6},{"damage":23,"enemies":"Gremlin Leader","floor":27,"turns":2}],"seed_played":"-5679755338028909115","potions_obtained":[{"floor":2,"key":"Fire Potion"},{"floor":5,"key":"HeartOfIron"},{"floor":7,"key":"Fruit Juice"},{"floor":12,"key":"BlessingOfTheForge"},{"floor":18,"key":"Explosive Potion"},{"floor":19,"key":"BloodPotion"}],"is_trial":false,"path_per_floor":["M","M","$","?","?","R","M","R","T","E","M","M","E","M","R","B",null,"M","M","$","?","M","R","M","?","T","E"],"character_chosen":"IRONCLAD","items_purchased":["Carnage","PowerPotion"],"campfire_rested":2,"item_purchase_floors":[3,20],"current_hp_per_floor":[56,46,46,35,35,35,29,29,29,27,13,11,10,2,26,7,62,47,44,44,44,5,29,12,12,12,0,0],"gold":164,"neow_bonus":"BOSS_RELIC","is_daily":false,"chose_seed":false,"campfire_upgraded":2,"win_rate":0.0,"timestamp":1609846132,"path_taken":["M","?","$","?","?","R","?","R","T","E","M","M","E","M","R","BOSS","M","M","$","?","M","R","M","?","T","E"],"items_purchased_type":["Card","Potion"],"build_version":"2020-12-22","purchased_purges":1,"victory":false,"max_hp_per_floor":[75,75,75,75,75,75,75,75,75,75,75,75,75,80,80,80,80,80,80,80,80,80,80,83,58,58,58,58],"relic_stats":{"counters":[14,57],"Pen Nib":[0],"Boot":[54],"obtain_stats":[{"Ice Cream":13,"SlaversCollar":0,"Oddly Smooth Stone":4,"Pen Nib":26,"StrikeDummy":9,"Boot":10,"Empty Cage":17,"Burning Blood":0},{"Ice Cream":7,"SlaversCollar":0,"Oddly Smooth Stone":2,"Pen Nib":13,"StrikeDummy":3,"Boot":4,"Empty Cage":9,"Burning Blood":0},{"Ice Cream":27,"SlaversCollar":0,"Oddly Smooth Stone":7,"Pen Nib":55,"StrikeDummy":9,"Boot":12,"Empty Cage":38,"Burning Blood":0}]},"card_choices":[{"not_picked":["Clothesline","Anger"],"picked":"Sword Boomerang","floor":1},{"not_picked":["Havoc","Flex"],"picked":"Shrug It Off","floor":2},{"not_picked":["Perfected Strike","Berserk"],"picked":"Cleave","floor":7},{"not_picked":["Body Slam","Thunderclap"],"picked":"Second Wind","floor":10},{"not_picked":["Havoc","Intimidate","Twin Strike"],"picked":"SKIP","floor":11},{"not_picked":["Wild Strike","Pommel Strike","Sword Boomerang"],"picked":"SKIP","floor":12},{"not_picked":["Flex","Perfected Strike","Evolve"],"picked":"SKIP","floor":13},{"not_picked":["Bloodletting","Pommel Strike"],"picked":"Metallicize","floor":14},{"not_picked":["Reaper","Limit Break"],"picked":"Demon Form","floor":16},{"not_picked":["Havoc+1","Twin Strike"],"picked":"Whirlwind","floor":18},{"not_picked":["Anger","Perfected Strike"],"picked":"Shrug It Off+1","floor":19},{"not_picked":["Evolve","Twin Strike","Wild Strike"],"picked":"SKIP","floor":22},{"not_picked":["Thunderclap","Searing Blow+1","Bloodletting"],"picked":"SKIP","floor":24}],"player_experience":1974837,"relics_obtained":[{"floor":9,"key":"StrikeDummy"},{"floor":10,"key":"Boot"},{"floor":13,"key":"Ice Cream"},{"floor":26,"key":"Pen Nib"}],"event_choices":[{"damage_healed":0,"gold_gain":0,"player_choice":"Success","damage_taken":11,"relics_obtained":["Oddly Smooth Stone"],"max_hp_gain":0,"max_hp_loss":0,"event_name":"Scrap Ooze","floor":4,"gold_loss":0},{"damage_healed":0,"gold_gain":0,"player_choice":"Got Potions","damage_taken":0,"max_hp_gain":0,"max_hp_loss":0,"event_name":"Lab","floor":5,"gold_loss":0},{"damage_healed":0,"gold_gain":0,"player_choice":"Read","damage_taken":0,"max_hp_gain":0,"max_hp_loss":0,"event_name":"The Library","floor":21,"gold_loss":0,"cards_obtained":["Feed"]},{"damage_healed":0,"gold_gain":0,"player_choice":"Became a vampire","damage_taken":0,"max_hp_gain":0,"max_hp_loss":25,"event_name":"Vampires","floor":25,"gold_loss":0,"cards_obtained":["Bite","Bite","Bite","Bite","Bite"]}],"is_beta":false,"boss_relics":[{"not_picked":["Runic Cube","Runic Pyramid"],"picked":"Empty Cage"}],"items_purged_floors":[20],"is_endless":false,"potions_floor_spawned":[2,7,12,18,19],"killed_by":"Gremlin Leader","ascension_level":20}}