{"host":"ox77rn1xcurm2t5a","time":1609886019,"event":{"mods":["2.2 Compatiblity","AchievementEnabler","Act Like it!","Aspiration","BaseMod","Best Route Mod","Better Match","Better Note","Better Sensory Stone","Block Reminder","Colored Map","Colored Powertips","Conjunction","Conspire","Custom Start","Energized Spire","GifTheSpireLib","Gold Saver","Gremlin Skip","Halation","Highlight Path","Hubris","Infinite Spire","Minty Spire (QoL Compilation)","Pale of the Ancients","Quick Restart","Replay The Spire","Reworked Bosses","ShortenTheSpire","Spire Exporter","StSLib","Stuff the Spire","Wandering Minibosses","vexMod"],"gold_per_floor":[343,343,297,297,316,316,341,22,101,101,113,129,129,162,162,162,162],"floor_reached":16,"playtime":365,"items_purged":["Coolheaded"],"score":173,"play_id":"27bd3d8a-4173-4e40-9f1c-455de46039df","local_time":"20210106003339","is_ascension_mode":true,"campfire_choices":[{"floor":6,"key":"RECALL"},{"data":"Zap","floor":10,"key":"SMITH"},{"data":"Ball Lightning","floor":13,"key":"SMITH"},{"data":"Dualcast","floor":15,"key":"SMITH"}],"circlet_count":0,"master_deck":["AscendersBane","Strike_B","Strike_B","Strike_B","Strike_B","Defend_B","Defend_B","Defend_B","Defend_B","Zap+1","Dualcast+1","Ball Lightning+1"],"relics":["Cracked Core","hubris:BallOfYels","Replay:Bottled Steam","Omamori","conspire:GlowingRock"],"acts_visited":["Exordium"],"potions_floor_usage":[7,14],"damage_taken":[{"damage":2,"enemies":"Jaw Worm","floor":1,"turns":3},{"damage":0,"enemies":"Small Slimes","floor":5,"turns":3},{"damage":19,"enemies":"3 Sentries","floor":7,"turns":6},{"damage":6,"enemies":"2 Louse","floor":11,"turns":2},{"damage":8,"enemies":"Blue Slaver","floor":12,"turns":3},{"damage":7,"enemies":"Gremlin Nob","floor":14,"turns":3},{"damage":28,"enemies":"Slime Boss","floor":16,"turns":6}],"seed_played":"-1735520931287161948","potions_obtained":[{"floor":5,"key":"Explosive Potion"}],"is_trial":false,"path_per_floor":["M","?","?","?","M","R","E","$","T","R","M","M","R","E","R","B"],"character_chosen":"DEFECT","items_purchased":["Omamori","CultistPotion"],"campfire_rested":0,"item_purchase_floors":[8,8],"current_hp_per_floor":[66,66,66,66,66,66,47,47,47,47,41,33,33,26,26,0,0],"gold":162,"neow_bonus":"RANDOM_COMMON_RELIC","is_daily":false,"chose_seed":false,"campfire_upgraded":3,"win_rate":0.0,"timestamp":1609886019,"path_taken":["M","?","?","?","M","R","E","$","T","R","M","M","R","E","R","BOSS"],"items_purchased_type":["Relic","Potion"],"build_version":"2020-12-22","purchased_purges":1,"victory":false,"max_hp_per_floor":[75,75,75,75,75,75,75,75,75,75,75,75,75,75,75,75,75],"card_choices":[{"not_picked":["Barrage","Steam","Aggregate"],"picked":"SKIP","floor":1},{"not_picked":["Leap","Fusion"],"picked":"Coolheaded","floor":5},{"not_picked":["Streamline","StuffTheSpire:Plugnplay","ReplayTheSpireMod:Repulse"],"picked":"SKIP","floor":7},{"not_picked":["Lockon","Gash"],"picked":"Ball Lightning","floor":11},{"not_picked":["Compile Driver","Rip and Tear","ReplayTheSpireMod:GoodbyeWorld"],"picked":"SKIP","floor":12},{"not_picked":["Redo","Stack","StuffTheSpire:LaunchingStrike"],"picked":"SKIP","floor":14}],"player_experience":2920882,"relics_obtained":[{"floor":7,"key":"Replay:Bottled Steam"},{"floor":14,"key":"conspire:GlowingRock"}],"event_choices":[{"damage_healed":0,"gold_gain":0,"player_choice":"Left Gold","damage_taken":0,"max_hp_gain":0,"max_hp_loss":0,"event_name":"World of Goop","floor":3,"gold_loss":46},{"damage_healed":0,"gold_gain":0,"player_choice":"Disagree","damage_taken":0,"max_hp_gain":0,"max_hp_loss":0,"event_name":"conspire:LoneGhost","floor":4,"gold_loss":0}],"is_beta":false,"boss_relics":[],"items_purged_floors":[8],"is_endless":false,"potions_floor_spawned":[5],"killed_by":"Slime Boss","ascension_level":12}}