{"host":"jyuuog6ydc2s7nd8","time":1609842099,"event":{"mods":["BaseMod","Better Vampires","Minty Spire (QoL Compilation)","Shop Mod","StSLib","The Hierophant","The Servant 0.9.4","TheBandit","[IsaacMod]ÒÔÈö¼âËþ"],"gold_per_floor":[366,291,307,179,196,229,244,258,284,312,312,324,395,430,430,504,504,520,530,149,162,162,162,197,59,59,93,104,104,134,134,134,208,208,224,254,254,254,254,254,287,41,113,146,160,18,49,349,349,349,349,349,349,95,122,122,122],"floor_reached":56,"playtime":1591,"items_purged":["Strike_G","Strike_G","Strike_G","Strike_G","Strike_G","Defend_G","EpicFetus+1","Eviscerate","Storm of Steel+1"],"score":2853,"play_id":"bb3a9b8a-3219-4639-8138-e880cb65b004","local_time":"20210105182139","is_ascension_mode":true,"campfire_choices":[{"data":"EpicFetus","floor":11.0,"key":"SMITH"},{"data":"Neutralize","floor":15.0,"key":"SMITH"},{"data":"Acrobatics","floor":23.0,"key":"SMITH"},{"data":"Cloak And Dagger","floor":29.0,"key":"SMITH"},{"data":"Blade Dance","floor":32.0,"key":"SMITH"},{"floor":40,"key":"RECALL"},{"data":"Accuracy","floor":49,"key":"SMITH"},{"floor":53,"key":"REST"}],"circlet_count":0,"master_deck":["AscendersBane","Defend_G+1","Defend_G+1","Defend_G+1","Defend_G+1","Survivor+1","Neutralize+1","Blade Dance+1","Backflip+1","Masterful Stab+1","Cloak And Dagger+1","Blur+1","Acrobatics+1","Footwork+1","Finisher+1","Tactician+1","Calculated Gamble+1","Accuracy+1"],"relics":["Ring of the Snake","HushsDoor","DoctorsRemote","Nunchaku","TuHaoJin","Sozu","GuppysPaw","GuppysTail","Lee\u0027s Waffle","MawBank","Ornamental Fan","Snake Skull","TheBean","ChampionBelt","NineLifeCat","Happy Flower","Mark of the Bloom","UnicornStump","Membership Card","SharpPlug","PunchingBag","Ice Cream","TheBible","Bag of Marbles"],"acts_visited":["Exordium","TheCity","TheBeyond","TheEnding"],"potions_floor_usage":[],"damage_taken":[{"damage":0.0,"enemies":"Jaw Worm","floor":1.0,"turns":1.0},{"damage":0.0,"enemies":"Cultist","floor":3.0,"turns":4.0},{"damage":0.0,"enemies":"2 Louse","floor":5.0,"turns":4.0},{"damage":0.0,"enemies":"Gremlin Nob","floor":6.0,"turns":2.0},{"damage":1.0,"enemies":"Blue Slaver","floor":7.0,"turns":4.0},{"damage":0.0,"enemies":"Looter","floor":8.0,"turns":3.0},{"damage":16.0,"enemies":"Lagavulin","floor":10.0,"turns":6.0},{"damage":0.0,"enemies":"Lots of Slimes","floor":12.0,"turns":3.0},{"damage":0.0,"enemies":"3 Sentries","floor":14.0,"turns":1.0},{"damage":0.0,"enemies":"Slime Boss","floor":16.0,"turns":7.0},{"damage":8.0,"enemies":"2 Thieves","floor":18.0,"turns":3.0},{"damage":9.0,"enemies":"Shell Parasite","floor":19.0,"turns":3.0},{"damage":2.0,"enemies":"Centurion and Healer","floor":21.0,"turns":4.0},{"damage":29.0,"enemies":"Book of Stabbing","floor":24.0,"turns":5.0},{"damage":11.0,"enemies":"Slavers","floor":27.0,"turns":5.0},{"damage":2.0,"enemies":"Shelled Parasite and Fungi","floor":28.0,"turns":3.0},{"damage":0.0,"enemies":"Gremlin Leader","floor":30.0,"turns":5.0},{"damage":0.0,"enemies":"Collector","floor":33.0,"turns":2.0},{"damage":0.0,"enemies":"3 Shapes","floor":35.0,"turns":2.0},{"damage":0.0,"enemies":"Nemesis","floor":36.0,"turns":3.0},{"damage":0,"enemies":"Giant Head","floor":41,"turns":3},{"damage":0,"enemies":"Reptomancer","floor":44,"turns":3},{"damage":0,"enemies":"3 Darklings","floor":45,"turns":3},{"damage":0,"enemies":"Giant Head","floor":47,"turns":3},{"damage":0,"enemies":"Donu and Deca","floor":50,"turns":5},{"damage":0,"enemies":"Awakened One","floor":51,"turns":5},{"damage":0,"enemies":"Shield and Spear","floor":55,"turns":4},{"damage":0,"enemies":"The Heart","floor":56,"turns":3}],"seed_played":"1074475860757217915","potions_obtained":[{"floor":1.0,"key":"BlessingOfTheForge"},{"floor":7.0,"key":"SteroidPotion"},{"floor":14.0,"key":"Dexterity Potion"},{"floor":16.0,"key":"Fire Potion"}],"is_trial":false,"path_per_floor":["M","$","M","$","M","E","M","M","T","E","R","M","?","E","R","B",null,"M","M","$","M","?","R","E","$","T","E","M","R","E","?","R","B",null,"M","M","?","?","?","R","E","$","T","E","M","$","E","?","R","B","B",null,"R","$","E","B"],"character_chosen":"THE_SILENT","items_purchased":["Backflip","GuppysPaw","GuppysTail","Blur","Accuracy","Acrobatics","Lee\u0027s Waffle","NineLifeCat","Membership Card","Accuracy","TheBible"],"campfire_rested":1,"item_purchase_floors":[4,17,17,17,20,20,20,34,42,46,54],"current_hp_per_floor":[44,44,44,44,44,44,43,43,43,27,27,27,12,12,12,12,32,24,15,45,43,43,43,14,14,14,3,1,1,1,1,1,1,3,3,3,3,1,1,1,1,1,1,1,1,1,1,1,1,1,1,1,1,1,1,1,1],"gold":122,"neow_bonus":"TWO_FIFTY_GOLD","is_daily":false,"chose_seed":false,"campfire_upgraded":6,"win_rate":0.0,"timestamp":1609842099,"path_taken":["M","$","M","$","M","E","M","M","T","E","R","M","?","E","R","BOSS","M","M","$","M","?","R","E","$","T","E","M","R","E","?","R","BOSS","M","M","?","?","?","R","E","$","T","E","?","?","E","?","R","BOSS","BOSS","R","$","E","BOSS"],"items_purchased_type":["Card","Relic","Relic","Card","Card","Card","Relic","Relic","Relic","Card","Relic"],"build_version":"2020-12-22","purchased_purges":9,"victory":false,"max_hp_per_floor":[66,66,66,66,66,66,66,66,66,66,66,66,66,66,66,66,38,38,38,45,45,45,45,45,45,45,39,39,39,33,33,33,33,4,4,4,4,1,1,1,1,1,1,1,1,1,1,1,1,1,1,1,1,1,1,1,1],"card_choices":[{"not_picked":[],"picked":"EpicFetus","floor":0.0},{"not_picked":["Poisoned Stab","Endless Agony"],"picked":"Bomb","floor":1.0},{"not_picked":["Flechettes","Predator"],"picked":"Blade Dance","floor":3.0},{"not_picked":["Dagger Spray","Dodge and Roll","Backflip"],"picked":"SKIP","floor":5.0},{"not_picked":["Flechettes","Setup"],"picked":"Masterful Stab","floor":6.0},{"not_picked":["Sucker Punch","Quick Slash"],"picked":"Cloak And Dagger","floor":7.0},{"not_picked":["Quick Slash","Dagger Spray"],"picked":"Bomb","floor":8.0},{"not_picked":["Cloak And Dagger","Dodge and Roll","Quick Slash"],"picked":"SKIP","floor":10.0},{"not_picked":["Flechettes","Die Die Die","Slice"],"picked":"SKIP","floor":12.0},{"not_picked":["Bane","Blade Dance","Leg Sweep"],"picked":"SKIP","floor":14.0},{"not_picked":["Outmaneuver","Cloak And Dagger","Underhanded Strike"],"picked":"SKIP","floor":18.0},{"not_picked":["Footwork","Venomology","Predator"],"picked":"SKIP","floor":19.0},{"not_picked":["Cloak And Dagger","Leg Sweep+1","Deflect"],"picked":"SKIP","floor":21.0},{"not_picked":["Dagger Spray","Dodge and Roll","Phantasmal Killer"],"picked":"SKIP","floor":24.0},{"not_picked":["Flying Knee","Prepared","Cloak And Dagger"],"picked":"SKIP","floor":27.0},{"not_picked":["Deadly Poison+1","Deflect"],"picked":"Footwork","floor":28.0},{"not_picked":["Well Laid Plans","Deflect"],"picked":"Finisher","floor":30.0},{"not_picked":["Doppelganger","Envenom"],"picked":"Storm of Steel","floor":33.0},{"not_picked":["Deadly Poison","Acrobatics","Dodge and Roll+1"],"picked":"SKIP","floor":35.0},{"not_picked":["Poisoned Stab","Reflex"],"picked":"Calculated Gamble","floor":36.0},{"not_picked":["Deflect+1","Sucker Punch","Burst"],"picked":"SKIP","floor":41},{"not_picked":["Bouncing Flask","Blur"],"picked":"Eviscerate","floor":44},{"not_picked":["Slice","Leg Sweep","Backflip"],"picked":"SKIP","floor":45},{"not_picked":["Accuracy+1","Sucker Punch","Outmaneuver"],"picked":"SKIP","floor":47},{"not_picked":["Riddle With Holes","Poisoned Stab","Footwork+1"],"picked":"SKIP","floor":55}],"player_experience":1798263,"relics_obtained":[{"floor":6.0,"key":"Nunchaku"},{"floor":14.0,"key":"TuHaoJin"},{"floor":24.0,"key":"MawBank"},{"floor":26.0,"key":"Ornamental Fan"},{"floor":27.0,"key":"Snake Skull"},{"floor":30.0,"key":"TheBean"},{"floor":36.0,"key":"Happy Flower"},{"floor":41,"key":"UnicornStump"},{"floor":43,"key":"SharpPlug"},{"floor":44,"key":"PunchingBag"},{"floor":47,"key":"Ice Cream"},{"floor":55,"key":"Bag of Marbles"}],"event_choices":[{"damage_healed":0.0,"max_hp_gain":0.0,"max_hp_loss":0.0,"gold_gain":0.0,"event_name":"Ghosts","player_choice":"Ignored","floor":22.0,"gold_loss":0.0,"damage_taken":0.0},{"damage_healed":0.0,"max_hp_gain":0.0,"max_hp_loss":0.0,"gold_gain":0.0,"event_name":"The Library","player_choice":"Read","floor":31.0,"gold_loss":0.0,"damage_taken":0.0,"cards_obtained":["Tactician"]},{"damage_healed":0,"gold_gain":0,"player_choice":"Ignored","damage_taken":0,"max_hp_gain":0,"max_hp_loss":0,"event_name":"Tomb of Lord Red Mask","floor":37,"gold_loss":0},{"damage_healed":0,"gold_gain":0,"player_choice":"Upgrade","damage_taken":0,"relics_obtained":["Mark of the Bloom"],"max_hp_gain":0,"max_hp_loss":0,"event_name":"MindBloom","floor":38,"gold_loss":0,"cards_upgraded":["Defend_G","Defend_G","Defend_G","Defend_G","Survivor","Backflip","Masterful Stab","Blur","Accuracy","Footwork","Finisher","Tactician","Storm of Steel","Calculated Gamble"]},{"cards_removed":["Accuracy"],"damage_healed":0,"gold_gain":0,"player_choice":"Removed Power","damage_taken":0,"max_hp_gain":0,"max_hp_loss":0,"event_name":"Falling","floor":39,"gold_loss":0}],"is_beta":false,"boss_relics":[{"not_picked":["Velvet Choker","Cursed Key"],"picked":"Sozu"},{"not_picked":[]},{"not_picked":["MagicMushroom","SlaversCollar"],"picked":"ChampionBelt"},{"not_picked":[]}],"items_purged_floors":[2,4,17,20,25,34,42,46,54],"is_endless":false,"potions_floor_spawned":[1,7,14,16,21,27,33,44,47,55],"killed_by":"The Heart","ascension_level":20}}