{"host":"1fn5ivlym87f4xjq","time":1609853183,"event":{"mods":["BaseMod","BetterRewards","Colored Powertips","Minty Spire (QoL Compilation)","Shop Mod","StSLib","The Animator","The Exalted","The Forsaken","The Hierophant"],"gold_per_floor":[27,42,61,15,28,61,81,31,56,56,56,72,88,108,108,220,220,248,428,438,438,438],"floor_reached":21,"playtime":1174,"items_purged":[],"score":235,"play_id":"6dc89467-897c-45ee-88b0-b925d5687b59","local_time":"20210105142623","is_ascension_mode":false,"campfire_choices":[{"floor":15,"key":"REST"}],"circlet_count":0,"master_deck":["animator:Strike_NoGameNoLife","animator:Defend_NoGameNoLife","animator:Strike","animator:Strike","animator:Strike","animator:Defend","animator:Defend","animator:Defend","animator:DolaSchwi","animator:DolaCouronne","animator:Boros","animator:Vanir","animator:Shuna","animator:SayakaMiki","animator:Demiurge","animator:DolaSchwi","animator:Tatsumaki","animator:GazelDwargon","animator:DolaSchwi","animator:Millim","animator:GazelDwargon","animator:Arpeggio","animator:Shiro","animator:RoyMustang","animator:WinryRockbell"],"relics":["animator:LivingPicture","animator:TheMissingPiece","animator:PurgingStone","Letter Opener","Red Skull","Bromod:ArcaneEnergize"],"acts_visited":["Exordium","TheCity"],"potions_floor_usage":[5,6,7,13,14,18,20,21],"damage_taken":[{"damage":3,"enemies":"Cultist","floor":1,"turns":5},{"damage":1,"enemies":"Small Slimes","floor":2,"turns":4},{"damage":0,"enemies":"2 Louse","floor":3,"turns":3},{"damage":14,"enemies":"Lots of Slimes","floor":5,"turns":5},{"damage":36,"enemies":"Gremlin Nob","floor":6,"turns":5},{"damage":11,"enemies":"Gremlin Gang","floor":7,"turns":2},{"damage":8,"enemies":"Blue Slaver","floor":12,"turns":4},{"damage":0,"enemies":"2 Fungi Beasts","floor":13,"turns":2},{"damage":2,"enemies":"Looter","floor":14,"turns":3},{"damage":0,"enemies":"Hexaghost","floor":16,"turns":8},{"damage":5,"enemies":"3 Byrds","floor":18,"turns":4},{"damage":25,"enemies":"Shell Parasite","floor":20,"turns":5},{"damage":18,"enemies":"Chosen and Byrds","floor":21,"turns":4}],"seed_played":"-4607954106254715307","potions_obtained":[{"floor":1,"key":"SteroidPotion"},{"floor":2,"key":"LiquidBronze"},{"floor":6,"key":"Explosive Potion"},{"floor":7,"key":"Fire Potion"},{"floor":13,"key":"Energy Potion"},{"floor":16,"key":"ColorlessPotion"},{"floor":20,"key":"Swift Potion"}],"is_trial":false,"path_per_floor":["M","M","M","$","M","E","M","$","T","?","?","M","M","M","R","B",null,"M","?","M","M"],"character_chosen":"THE_ANIMATOR","items_purchased":["animator:Demiurge","animator:DolaSchwi"],"campfire_rested":1,"item_purchase_floors":[4,8],"current_hp_per_floor":[63,62,62,62,53,24,13,13,13,13,13,5,5,3,23,28,67,62,37,13,0,0],"gold":438,"neow_bonus":"THREE_RARE_CARDS","is_daily":false,"chose_seed":false,"campfire_upgraded":0,"win_rate":0.0,"timestamp":1609853183,"path_taken":["M","?","M","$","M","E","M","$","T","?","?","?","M","?","R","BOSS","M","?","?","M"],"items_purchased_type":["Card","Card"],"build_version":"2020-12-22","purchased_purges":0,"victory":false,"max_hp_per_floor":[66,66,66,66,66,67,67,67,67,67,67,67,67,67,67,67,67,67,67,68,68,68],"card_choices":[{"not_picked":["animator:Eris","animator:Saber"],"picked":"animator:Boros","floor":0},{"not_picked":["animator:Lancer","animator:ElricAlphonse"],"picked":"animator:Vanir","floor":1},{"not_picked":["animator:Verdia","animator:Illya"],"picked":"animator:Shuna","floor":2},{"not_picked":["animator:Vanir","animator:Melzalgald"],"picked":"animator:SayakaMiki","floor":3},{"not_picked":["animator:FielNirvalen","animator:DolaStephanie"],"picked":"animator:DolaSchwi","floor":5},{"not_picked":["animator:SuzuneAmano","animator:Vesta"],"picked":"animator:Tatsumaki","floor":6},{"not_picked":["animator:Benimaru","animator:Scar"],"picked":"animator:GazelDwargon","floor":7},{"not_picked":["animator:Berserker","animator:Assassin"],"picked":"animator:Millim","floor":12},{"not_picked":["animator:Shuna","animator:Shion"],"picked":"animator:GazelDwargon","floor":13},{"not_picked":["animator:MaesHughes","animator:Demiurge"],"picked":"animator:Arpeggio","floor":14},{"not_picked":["animator:Shizu","animator:Rimuru"],"picked":"animator:Shiro","floor":16},{"not_picked":["animator:Rider","animator:Shalltear"],"picked":"animator:RoyMustang","floor":18},{"not_picked":["animator:Cocytus","animator:KyokoSakura"],"picked":"animator:WinryRockbell","floor":20}],"player_experience":100976,"relics_obtained":[{"floor":6,"key":"Letter Opener"},{"floor":9,"key":"Red Skull"}],"event_choices":[{"damage_healed":0,"gold_gain":0,"player_choice":"Bought 0 Potions","damage_taken":0,"max_hp_gain":0,"max_hp_loss":0,"event_name":"The Woman in Blue","floor":11,"gold_loss":0},{"damage_healed":0,"gold_gain":180,"player_choice":"GOLD GOLD POTION ","damage_taken":25,"max_hp_gain":0,"max_hp_loss":0,"event_name":"Knowing Skull","floor":19,"potions_obtained":["Fire Potion"],"gold_loss":0,"cards_obtained":[]}],"is_beta":false,"boss_relics":[{"not_picked":["Astrolabe","animator:RacePiece"],"picked":"Bromod:ArcaneEnergize"}],"items_purged_floors":[],"is_endless":false,"potions_floor_spawned":[1,2,6,7,13,16,20],"killed_by":"Chosen and Byrds","ascension_level":0}}