{"host":"ox77rn1xcurm2t5a","time":1609860251,"event":{"mods":["2.2 Compatiblity","AchievementEnabler","Act Like it!","Aspiration","BaseMod","Best Route Mod","Better Match","Better Note","Better Sensory Stone","Block Reminder","Colored Map","Colored Powertips","Conjunction","Conspire","Custom Start","Energized Spire","GifTheSpireLib","Gold Saver","Gremlin Skip","Halation","Highlight Path","Hubris","Infinite Spire","Minty Spire (QoL Compilation)","Pale of the Ancients","Quick Restart","Replay The Spire","Reworked Bosses","ShortenTheSpire","Spire Exporter","StSLib","Stuff the Spire","Wandering Minibosses","vexMod"],"gold_per_floor":[110,110,42,53,53,53,81,81,81,81,100,128,139,139,139,147,147],"floor_reached":16,"playtime":1514,"items_purged":[],"score":206,"play_id":"4f633c06-b35f-4c5c-9edc-bf14ca0c7f00","local_time":"20210105172411","is_ascension_mode":true,"campfire_choices":[{"data":"Defragment","floor":6,"key":"SMITH"},{"data":"Zap","floor":8,"key":"SMITH"},{"floor":10,"key":"RECALL"},{"data":"Dualcast","floor":15,"key":"SMITH"}],"circlet_count":0,"master_deck":["AscendersBane","Strike_B","Strike_B","Strike_B","Strike_B","Defend_B","Defend_B","Defend_B","Defend_B","Zap+1","Dualcast+1","Ball Lightning","Defragment+1","BootSequence"],"relics":["Cracked Core","NeowsBlessing","Darkstone Periapt","halation:IllGainedPizza","Lantern"],"acts_visited":["Exordium"],"potions_floor_usage":[],"damage_taken":[{"damage":0,"enemies":"2 Louse","floor":1,"turns":1},{"damage":0,"enemies":"Small Slimes","floor":4,"turns":1},{"damage":0,"enemies":"Lagavulin","floor":7,"turns":1},{"damage":1,"enemies":"Cultist","floor":11,"turns":3},{"damage":22,"enemies":"Replay:BlueRogue","floor":12,"turns":5},{"damage":0,"enemies":"2 Fungi Beasts","floor":13,"turns":2},{"damage":30,"enemies":"Fading Forest","floor":16,"turns":9}],"seed_played":"-283921573043609431","potions_obtained":[{"floor":4,"key":"SteroidPotion"},{"floor":12,"key":"Milkshake"}],"is_trial":false,"path_per_floor":["M","?","$","M","?","R","E","R","T","R","M","E","M","?","R","B"],"character_chosen":"DEFECT","items_purchased":["Defragment"],"campfire_rested":0,"item_purchase_floors":[3],"current_hp_per_floor":[68,68,68,68,68,68,68,68,68,68,67,45,45,60,60,38,38],"gold":147,"neow_bonus":"THREE_ENEMY_KILL","is_daily":false,"chose_seed":false,"campfire_upgraded":3,"win_rate":0.0,"timestamp":1609860251,"path_taken":["M","?","$","M","?","R","E","R","T","R","?","E","M","?","R","BOSS"],"items_purchased_type":["Card"],"build_version":"2020-12-22","purchased_purges":0,"victory":false,"max_hp_per_floor":[75,75,75,75,75,75,75,75,75,75,75,75,75,75,75,75,75],"card_choices":[{"not_picked":["Aggregate","Steam"],"picked":"Ball Lightning","floor":1},{"not_picked":["ReplayTheSpireMod:Reroute Power","StuffTheSpire:LoadUp","Beam Cell"],"picked":"SKIP","floor":4},{"not_picked":["StuffTheSpire:CleanHardDrive","StuffTheSpire:GlassShard"],"picked":"BootSequence","floor":7},{"not_picked":["Coolheaded","Panic Button","Reinforced Body"],"picked":"SKIP","floor":11},{"not_picked":["Consume","Reprogram","Doom and Gloom"],"picked":"SKIP","floor":12},{"not_picked":["Compile Driver","Consume","Panic Button"],"picked":"SKIP","floor":13}],"player_experience":2913120,"relics_obtained":[{"floor":7,"key":"halation:IllGainedPizza"},{"floor":12,"key":"Lantern"}],"event_choices":[{"damage_healed":0,"gold_gain":0,"player_choice":"Gave Potion","damage_taken":0,"relics_obtained":["Darkstone Periapt"],"max_hp_gain":0,"max_hp_loss":0,"event_name":"WeMeetAgain","floor":5,"gold_loss":0}],"is_beta":false,"boss_relics":[],"items_purged_floors":[],"is_endless":false,"potions_floor_spawned":[4,12],"killed_by":"Fading Forest","ascension_level":11}}