{"host":"jyuuog6ydc2s7nd8","time":1609835635,"event":{"mods":["BaseMod","Better Vampires","Minty Spire (QoL Compilation)","Shop Mod","StSLib","The Hierophant","The Servant 0.9.4","TheBandit","[IsaacMod]ÒÔÈö¼âËþ"],"gold_per_floor":[115,115,134,59,159,159,185,185,185,220,231,248,228,228,228,305,305,319,332,74,93,109,109,140,240,240,269,269,279,279,26,26,105,105,137,137,172,191,141,141,157,157,180,205,205,77,110,144,144,144,144,144,144,42,76,76],"floor_reached":57,"playtime":1870,"items_purged":["Strike_R","Strike_R","Strike_R","Strike_R","EpicFetus+1"],"score":3724,"play_id":"9ac84bdd-aee2-417b-90a5-f7b7e4e662ac","local_time":"20210105163355","is_ascension_mode":true,"campfire_choices":[{"data":"EpicFetus","floor":6.0,"key":"SMITH"},{"data":"Bash","floor":8.0,"key":"SMITH"},{"data":"Sever Soul","floor":15.0,"key":"SMITH"},{"data":"Second Wind","floor":23.0,"key":"SMITH"},{"data":"Corruption","floor":28.0,"key":"SMITH"},{"data":"Burning Pact","floor":32.0,"key":"SMITH"},{"data":"Power Through","floor":40,"key":"SMITH"},{"data":"True Grit","floor":42,"key":"SMITH"},{"data":"Feel No Pain","floor":45,"key":"SMITH"},{"floor":49,"key":"RECALL"},{"data":"Dark Embrace","floor":53,"key":"SMITH"}],"circlet_count":0,"master_deck":["AscendersBane","Defend_R","Defend_R","Defend_R","Defend_R","Bash+1","Sever Soul+1","Second Wind+1","Pommel Strike+1","Body Slam+1","Corruption+1","Burning Pact+1","Fiend Fire+1","Power Through+1","Feel No Pain+1","True Grit+1","Offering","Dark Embrace+1","Sentinel","Entrench"],"relics":["HushsDoor","Mark of Pain","TheBible","Magic Flower","Molten Egg 2","SatanicBible","Black Star","GuppysHead","Oddly Smooth Stone","Pen Nib","Dead Branch","TungstenRod","Question Card","DoctorsRemote","Membership Card","BookOfRevelations","ChampionBelt","Incubus","Vajra","Gambling Chip","Smiling Mask","MealTicket","Bottled Lightning","Bag of Preparation","PokeGo","TheAbacus","White Beast Statue","Centennial Puzzle","Art of War","Juzu Bracelet","Lantern","Blue Candle","Letter Opener"],"acts_visited":["Exordium","TheCity","TheBeyond","TheEnding"],"potions_floor_usage":[56],"damage_taken":[{"damage":7.0,"enemies":"Cultist","floor":1.0,"turns":4.0},{"damage":7.0,"enemies":"2 Louse","floor":3.0,"turns":3.0},{"damage":5.0,"enemies":"Lagavulin","floor":7.0,"turns":4.0},{"damage":28.0,"enemies":"Gremlin Nob","floor":10.0,"turns":4.0},{"damage":2.0,"enemies":"Jaw Worm","floor":11.0,"turns":2.0},{"damage":0.0,"enemies":"Large Slime","floor":12.0,"turns":4.0},{"damage":0.0,"enemies":"The Guardian","floor":16.0,"turns":8.0},{"damage":0.0,"enemies":"Spheric Guardian","floor":18.0,"turns":3.0},{"damage":0.0,"enemies":"Chosen","floor":19.0,"turns":4.0},{"damage":12.0,"enemies":"Shelled Parasite and Fungi","floor":21.0,"turns":3.0},{"damage":17.0,"enemies":"3 Cultists","floor":22.0,"turns":4.0},{"damage":0.0,"enemies":"Book of Stabbing","floor":24.0,"turns":3.0},{"damage":7.0,"enemies":"Slavers","floor":27.0,"turns":3.0},{"damage":1.0,"enemies":"Snake Plant","floor":29.0,"turns":3.0},{"damage":0.0,"enemies":"Champ","floor":33.0,"turns":4.0},{"damage":0,"enemies":"Reptomancer","floor":35,"turns":1},{"damage":0,"enemies":"Nemesis","floor":37,"turns":1},{"damage":0,"enemies":"3 Darklings","floor":38,"turns":2},{"damage":0,"enemies":"3 Shapes","floor":41,"turns":2},{"damage":0,"enemies":"Mind Bloom Boss Battle","floor":44,"turns":2},{"damage":0,"enemies":"Reptomancer","floor":47,"turns":2},{"damage":12,"enemies":"Giant Head","floor":48,"turns":1},{"damage":5,"enemies":"Awakened One","floor":50,"turns":3},{"damage":5,"enemies":"Donu and Deca","floor":51,"turns":2},{"damage":7,"enemies":"Shield and Spear","floor":55,"turns":1},{"damage":0,"enemies":"The Heart","floor":56,"turns":5}],"seed_played":"-4652542232192523242","potions_obtained":[{"floor":10.0,"key":"Swift Potion"},{"floor":11.0,"key":"Fruit Juice"},{"floor":13.0,"key":"FearPotion"},{"floor":21.0,"key":"DistilledChaos"},{"floor":24.0,"key":"PowerPotion"},{"floor":27.0,"key":"GamblersBrew"},{"floor":38,"key":"Block Potion"}],"is_trial":false,"path_per_floor":["M","T","M","$","?","R","E","R","T","E","M","M","?","?","R","B",null,"M","M","$","M","M","R","E","?","T","E","R","M","?","$","R","B",null,"M","T","M","M","$","R","M","R","T","?","R","$","M","E","R","B","B",null,"R","$","E","B",null],"character_chosen":"IRONCLAD","items_purchased":["GuppysHead","Oddly Smooth Stone","Membership Card","BookOfRevelations","Power Through","Feel No Pain","Incubus","Dark Embrace","TheAbacus","Entrench","Lantern"],"campfire_rested":0,"item_purchase_floors":[17,20,31,31,34,34,34,46,46,54,54],"current_hp_per_floor":[61,61,54,54,54,54,49,49,49,21,24,24,24,24,24,24,55,55,55,55,43,26,26,26,26,26,19,19,18,18,18,18,18,29,29,29,29,29,32,32,32,32,32,32,32,32,32,20,20,15,10,27,27,32,25,25],"gold":76,"neow_bonus":"BOSS_RELIC","is_daily":false,"chose_seed":false,"campfire_upgraded":10,"win_rate":0.0,"timestamp":1609835635,"path_taken":["M","?","M","$","?","R","E","R","T","E","M","M","?","?","R","BOSS","M","M","$","M","M","R","E","?","T","E","R","?","?","$","R","BOSS","M","?","?","M","$","R","M","R","T","?","R","$","M","E","R","BOSS","BOSS","R","$","E","BOSS"],"items_purchased_type":["Relic","Relic","Relic","Relic","Card","Card","Relic","Card","Relic","Card","Relic"],"build_version":"2020-12-22","purchased_purges":5,"victory":true,"max_hp_per_floor":[75,75,75,75,75,75,75,75,75,75,80,80,80,80,80,80,65,65,65,65,65,65,65,65,65,65,65,65,65,65,65,65,65,32,32,32,32,32,32,32,32,32,32,32,32,32,32,32,32,32,32,32,32,32,32,32],"card_choices":[{"not_picked":[],"picked":"EpicFetus","floor":0.0},{"not_picked":["Perfected Strike","Metallicize"],"picked":"Sever Soul","floor":1.0},{"not_picked":["Dual Wield","Anger","Iron Wave"],"picked":"SKIP","floor":3.0},{"not_picked":["Iron Wave","Headbutt"],"picked":"Second Wind","floor":5.0},{"not_picked":["Immolate+1","Anger+1"],"picked":"Pommel Strike+1","floor":7.0},{"not_picked":["Cleave+1","Twin Strike+1","Havoc"],"picked":"SKIP","floor":10.0},{"not_picked":["Thunderclap+1","Pommel Strike+1","Clash+1"],"picked":"SKIP","floor":11.0},{"not_picked":["Armaments","Heavy Blade+1","Flame Barrier"],"picked":"SKIP","floor":12.0},{"not_picked":["Clash+1","Whirlwind+1","Rage"],"picked":"SKIP","floor":18.0},{"not_picked":["Sever Soul+1","Shockwave","Rage+1"],"picked":"SKIP","floor":19.0},{"not_picked":["Sever Soul+1","True Grit"],"picked":"Body Slam+1","floor":21.0},{"not_picked":["Flex+1","Armaments","Body Slam+1"],"picked":"SKIP","floor":22.0},{"not_picked":["Dropkick+1","Armaments","Heavy Blade+1"],"picked":"SKIP","floor":24.0},{"not_picked":["Sword Boomerang+1","Headbutt+1"],"picked":"Corruption","floor":25.0},{"not_picked":["Warcry","Intimidate"],"picked":"Burning Pact","floor":27.0},{"not_picked":["Cleave+1","Thunderclap+1","Armaments","Intimidate"],"picked":"SKIP","floor":29.0},{"not_picked":["Exhume","Bludgeon+1","Immolate+1"],"picked":"Fiend Fire+1","floor":33.0},{"not_picked":["Bludgeon+1","Feel No Pain","Pommel Strike+1","Heavy Blade+1"],"picked":"SKIP","floor":35},{"not_picked":["Clothesline+1","Perfected Strike+1","Wild Strike+1","Iron Wave+1"],"picked":"SKIP","floor":37},{"not_picked":["Twin Strike+1","Clothesline+1","Thunderclap+1","Havoc"],"picked":"SKIP","floor":38},{"not_picked":["Headbutt+1","Berserk","Twin Strike+1"],"picked":"True Grit","floor":41},{"not_picked":["Clothesline+1","Feel No Pain+1","Twin Strike+1"],"picked":"Offering","floor":44},{"not_picked":["Feel No Pain","Clash+1","Clothesline+1","True Grit"],"picked":"SKIP","floor":47},{"not_picked":["Carnage+1","Feel No Pain","Perfected Strike+1"],"picked":"Sentinel","floor":48},{"not_picked":["Feed+1","Twin Strike+1","Headbutt+1","Cleave+1"],"picked":"SKIP","floor":55}],"player_experience":1794706,"relics_obtained":[{"floor":2.0,"key":"Magic Flower"},{"floor":7.0,"key":"Molten Egg 2"},{"floor":10.0,"key":"SatanicBible"},{"floor":24.0,"key":"Pen Nib"},{"floor":24.0,"key":"Dead Branch"},{"floor":26.0,"key":"TungstenRod"},{"floor":27.0,"key":"Question Card"},{"floor":27.0,"key":"DoctorsRemote"},{"floor":35,"key":"Vajra"},{"floor":35,"key":"Gambling Chip"},{"floor":36,"key":"Smiling Mask"},{"floor":37,"key":"MealTicket"},{"floor":37,"key":"Bottled Lightning"},{"floor":43,"key":"Bag of Preparation"},{"floor":44,"key":"PokeGo"},{"floor":47,"key":"White Beast Statue"},{"floor":47,"key":"Centennial Puzzle"},{"floor":48,"key":"Art of War"},{"floor":48,"key":"Juzu Bracelet"},{"floor":55,"key":"Blue Candle"},{"floor":55,"key":"Letter Opener"}],"event_choices":[{"damage_healed":0.0,"max_hp_gain":0.0,"max_hp_loss":0.0,"gold_gain":0.0,"event_name":"The Woman in Blue","player_choice":"Bought 1 Potion","floor":13.0,"gold_loss":0.0,"damage_taken":0.0},{"cards_removed":["Strike_R"],"damage_healed":0.0,"max_hp_gain":0.0,"max_hp_loss":0.0,"gold_gain":0.0,"event_name":"Living Wall","player_choice":"Forget","floor":14.0,"gold_loss":0.0,"damage_taken":0.0},{"damage_healed":0.0,"max_hp_gain":0.0,"max_hp_loss":0.0,"gold_gain":0.0,"event_name":"Ghosts","player_choice":"Ignored","floor":30.0,"gold_loss":0.0,"damage_taken":0.0},{"damage_healed":0,"gold_gain":0,"player_choice":"Fight","damage_taken":0,"max_hp_gain":0,"max_hp_loss":0,"event_name":"MindBloom","floor":44,"gold_loss":0}],"is_beta":false,"boss_relics":[{"not_picked":["SlaversCollar","Calling Bell"],"picked":"Black Star"},{"not_picked":[]},{"not_picked":["Sozu","Fusion Hammer"],"picked":"ChampionBelt"},{"not_picked":[]}],"items_purged_floors":[4,17,20,34,39],"is_endless":false,"potions_floor_spawned":[10,11,21,24,27,38,41,44,48,55],"ascension_level":20}}