{"host":"kw4o7b3ro2ktmmbe","time":1609888155,"event":{"mods":["BaseMod","Evolution","Fireblade Mod","Minty Spire (QoL Compilation)","StSLib"],"gold_per_floor":[117,117,132,146,146,176,176,250,275,308,30,46,46,76,76,178,178,196,196,196,196,209,209,209,209],"floor_reached":24,"playtime":1275,"items_purged":[],"score":253,"play_id":"16a2e911-c261-496f-a7d7-1f75f15ce0cc","local_time":"20210106120915","is_ascension_mode":true,"campfire_choices":[{"floor":7.0,"key":"REST"},{"data":"FireBladeMod:Accelerant","floor":13.0,"key":"SMITH"},{"data":"FireBladeMod:ThirstForBlood","floor":15.0,"key":"SMITH"},{"data":"FireBladeMod:HealthyEndurance","floor":23,"key":"SMITH"}],"circlet_count":0,"master_deck":["FireBladeMod:StrikeFireBlade","FireBladeMod:StrikeFireBlade","FireBladeMod:StrikeFireBlade","FireBladeMod:StrikeFireBlade","FireBladeMod:DefendFireBlade","FireBladeMod:DefendFireBlade","FireBladeMod:DefendFireBlade","FireBladeMod:DefendFireBlade","FireBladeMod:FlamingSword","FireBladeMod:FireBarrier","FireBladeMod:Speed+1","FireBladeMod:Accelerant+1","FireBladeMod:ThirstForBlood+1","FireBladeMod:RollWithTheBlow","FireBladeMod:SmokeScreen","FireBladeMod:RapidHits","FireBladeMod:Arson+1","FireBladeMod:HealthyEndurance+1","FireBladeMod:SmokySwing+1"],"relics":["EVO:Axolotl","Sozu","Dream Catcher","Vajra","Happy Flower","Pantograph","Black Star","MutagenicStrength"],"acts_visited":["Exordium","TheCity"],"potions_floor_usage":[],"damage_taken":[{"damage":3.0,"enemies":"Small Slimes","floor":1.0,"turns":4.0},{"damage":7.0,"enemies":"Jaw Worm","floor":3.0,"turns":3.0},{"damage":2.0,"enemies":"2 Louse","floor":4.0,"turns":2.0},{"damage":30.0,"enemies":"3 Sentries","floor":6.0,"turns":11.0},{"damage":17.0,"enemies":"Gremlin Nob","floor":10.0,"turns":4.0},{"damage":0.0,"enemies":"Blue Slaver","floor":12.0,"turns":3.0},{"damage":32.0,"enemies":"The Guardian","floor":16.0,"turns":9.0},{"damage":40.0,"enemies":"2 Thieves","floor":18.0,"turns":4.0},{"damage":10.0,"enemies":"Chosen","floor":22.0,"turns":5.0},{"damage":32,"enemies":"Slavers","floor":24,"turns":2}],"seed_played":"2488598478692489307","potions_obtained":[],"is_trial":false,"path_per_floor":["M","?","M","M","?","E","R","?","T","E","$","M","R","?","R","B",null,"M","?","?","?","M","R","E"],"character_chosen":"THE_FIREBLADE","items_purchased":["Pantograph","FireBladeMod:SmokeScreen"],"campfire_rested":1,"item_purchase_floors":[11,11],"current_hp_per_floor":[67,72,65,63,63,33,55,55,55,38,38,38,38,38,38,31,64,24,24,24,24,20,20,0,0],"gold":209,"neow_bonus":"BOSS_RELIC","is_daily":false,"chose_seed":false,"campfire_upgraded":3,"win_rate":0.0,"timestamp":1609888155,"path_taken":["M","?","M","M","?","E","R","?","T","E","$","M","R","?","R","BOSS","M","?","?","?","M","R","E"],"items_purchased_type":["Relic","Card"],"build_version":"2020-12-22","purchased_purges":0,"victory":false,"max_hp_per_floor":[70,75,75,75,75,75,75,75,75,75,75,75,75,75,75,75,75,75,75,75,75,75,75,75,75],"card_choices":[{"not_picked":["FireBladeMod:Refreshment","FireBladeMod:ComplexDefense"],"picked":"FireBladeMod:Speed","floor":1.0},{"not_picked":["FireBladeMod:OverCharge","FireBladeMod:SteadyEndurance","FireBladeMod:DoubleDash"],"picked":"SKIP","floor":3.0},{"not_picked":["FireBladeMod:FerventSlash","FireBladeMod:WellPrepared","FireBladeMod:MomentumStrikes"],"picked":"SKIP","floor":4.0},{"not_picked":["FireBladeMod:SpiritEndurance","FireBladeMod:Tempo"],"picked":"FireBladeMod:Accelerant","floor":6.0},{"not_picked":["FireBladeMod:Turtle","FireBladeMod:Flames"],"picked":"FireBladeMod:ThirstForBlood","floor":7.0},{"not_picked":["FireBladeMod:SmashingEndurance","FireBladeMod:ComboSlashes"],"picked":"FireBladeMod:RollWithTheBlow","floor":10.0},{"not_picked":["FireBladeMod:SpinningSmash","FireBladeMod:BackhandSwing","FireBladeMod:ComplexDefense"],"picked":"SKIP","floor":12.0},{"not_picked":["FireBladeMod:Blitzkreig","FireBladeMod:FinalSmash"],"picked":"FireBladeMod:RapidHits","floor":16.0},{"not_picked":["FireBladeMod:SpiritEndurance","FireBladeMod:Flames"],"picked":"FireBladeMod:Arson+1","floor":18.0},{"not_picked":["FireBladeMod:FinishingBarrage+1","FireBladeMod:Refreshment+1"],"picked":"FireBladeMod:SmokySwing+1","floor":22.0}],"player_experience":1856742,"relics_obtained":[{"floor":6.0,"key":"Dream Catcher"},{"floor":9.0,"key":"Vajra"},{"floor":10.0,"key":"Happy Flower"}],"event_choices":[{"damage_healed":0.0,"max_hp_gain":5.0,"max_hp_loss":0.0,"gold_gain":0.0,"event_name":"Big Fish","player_choice":"Donut","floor":2.0,"gold_loss":0.0,"damage_taken":0.0},{"damage_healed":0.0,"max_hp_gain":0.0,"max_hp_loss":0.0,"gold_gain":0.0,"event_name":"Living Wall","player_choice":"Grow","floor":5.0,"gold_loss":0.0,"damage_taken":0.0,"cards_upgraded":["FireBladeMod:Speed"]},{"damage_healed":0.0,"max_hp_gain":0.0,"max_hp_loss":0.0,"gold_gain":74.0,"event_name":"Golden Wing","player_choice":"Gained Gold","floor":8.0,"gold_loss":0.0,"damage_taken":0.0},{"damage_healed":0.0,"max_hp_gain":0.0,"max_hp_loss":0.0,"gold_gain":30.0,"event_name":"Dead Adventurer","player_choice":"Searched \u00271\u0027 times","floor":14.0,"gold_loss":0.0,"damage_taken":0.0},{"damage_healed":0.0,"max_hp_gain":0.0,"max_hp_loss":0.0,"gold_gain":0.0,"event_name":"Drug Dealer","player_choice":"Inject Mutagens","floor":19.0,"gold_loss":0.0,"damage_taken":0.0,"relics_obtained":["MutagenicStrength"]},{"damage_healed":0.0,"max_hp_gain":0.0,"max_hp_loss":0.0,"gold_gain":0.0,"event_name":"The Library","player_choice":"Read","floor":20.0,"gold_loss":0.0,"damage_taken":0.0,"cards_obtained":["FireBladeMod:HealthyEndurance"]},{"damage_healed":0.0,"max_hp_gain":0.0,"max_hp_loss":0.0,"gold_gain":0.0,"event_name":"Beggar","player_choice":"Ignored","floor":21.0,"gold_loss":0.0,"damage_taken":0.0}],"is_beta":false,"boss_relics":[{"not_picked":["Snecko Eye","Tiny House"],"picked":"Black Star"}],"items_purged_floors":[],"is_endless":false,"potions_floor_spawned":[1,4,6,22],"killed_by":"Slavers","ascension_level":5}}