{"host":"ky4fpkow6stmf9da","time":1609813309,"event":{"mods":["2.2 Compatiblity","AchievementEnabler","BaseMod","Hermit","Minty Spire (QoL Compilation)","Rare Cards Sparkle","StSLib","The Bug Knight"],"gold_per_floor":[111,121,141,154,4,4,36,36,36,63,80,44,44,58,58,157,157,177,189,200,216,148,161,174,194,194,194,228,246,246,246],"floor_reached":30,"playtime":2530,"items_purged":[],"score":258,"play_id":"0fe1992e-ed98-4a7f-8666-8bfa67f988d0","local_time":"20210105032149","is_ascension_mode":false,"campfire_choices":[{"floor":6,"key":"RECALL"},{"data":"HollowMod:SoulShaman","floor":8,"key":"SMITH"},{"floor":15,"key":"REST"},{"floor":27,"key":"REST"}],"circlet_count":0,"master_deck":["HollowMod:NailStrikeStart+1","HollowMod:NailStrikeStart+1","HollowMod:NailStrikeStart","HollowMod:NailStrikeStart","HollowMod:QuickDashStart","HollowMod:QuickDashStart","HollowMod:QuickDashStart","HollowMod:QuickDashStart","HollowMod:FocusHealStart","HollowMod:PogoStrike","HollowMod:SoulShaman+1","HollowMod:DashSlash","HollowMod:FastStrike","HollowMod:SharpenedNail+1","HollowMod:CycloneSlash+1","HollowMod:CycloneSlash+1","HollowMod:QuirrelsAssistance+1","HollowMod:SoulEater","HollowMod:AwokenDreamNail+1","HollowMod:DungDefenderAura+1","HollowMod:HeavyBlow+1","HollowMod:CoiledNail+1","HollowMod:LifebloodCocoon","HollowMod:PureNailStrike+1","HollowMod:RecoilStrike+1","HollowMod:theNailsmith","HollowMod:RecoilStrike+1"],"relics":["HollowMod:VesselMask","HollowMod:StagPassRelic","Molten Egg 2","Odd Mushroom","HollowMod:PaleOreRelic","Fusion Hammer","Whetstone","CaptainsWheel"],"acts_visited":["Exordium","TheCity"],"potions_floor_usage":[10,16,19,21,28,30,30],"damage_taken":[{"damage":5,"enemies":"Jaw Worm","floor":1,"turns":5},{"damage":1,"enemies":"Cultist","floor":2,"turns":4},{"damage":0,"enemies":"2 Louse","floor":3,"turns":3},{"damage":11,"enemies":"Red Slaver","floor":4,"turns":4},{"damage":52,"enemies":"Gremlin Nob","floor":7,"turns":5},{"damage":12,"enemies":"The Mushroom Lair","floor":10,"turns":3},{"damage":0,"enemies":"Exordium Wildlife","floor":11,"turns":2},{"damage":5,"enemies":"3 Louse","floor":14,"turns":3},{"damage":23,"enemies":"Slime Boss","floor":16,"turns":8},{"damage":1,"enemies":"Chosen","floor":18,"turns":3},{"damage":5,"enemies":"3 Byrds","floor":19,"turns":3},{"damage":12,"enemies":"Snecko","floor":20,"turns":4},{"damage":11,"enemies":"3 Cultists","floor":21,"turns":3},{"damage":20,"enemies":"Sentry and Sphere","floor":23,"turns":4},{"damage":15,"enemies":"Snake Plant","floor":24,"turns":3},{"damage":0,"enemies":"Snecko","floor":25,"turns":2},{"damage":26,"enemies":"HollowMod:Nosk","floor":28,"turns":6},{"damage":4,"enemies":"3 Cultists","floor":29,"turns":4},{"damage":35,"enemies":"Gremlin Leader","floor":30,"turns":6}],"seed_played":"-6441647047146510053","potions_obtained":[{"floor":3,"key":"BlessingOfTheForge"},{"floor":7,"key":"Fire Potion"},{"floor":10,"key":"SteroidPotion"},{"floor":14,"key":"Explosive Potion"},{"floor":18,"key":"SpeedPotion"},{"floor":19,"key":"Explosive Potion"},{"floor":21,"key":"Swift Potion"}],"is_trial":false,"path_per_floor":["M","M","M","M","?","R","E","R","T","?","M","$","T","M","R","B",null,"M","M","M","M","$","M","M","M","T","R","E","M","E"],"character_chosen":"THE_BUGKNIGHT","items_purchased":["HollowMod:QuirrelsAssistance+1","HollowMod:CoiledNail+1"],"campfire_rested":2,"item_purchase_floors":[12,22],"current_hp_per_floor":[82,81,81,76,76,76,30,30,30,18,18,18,18,19,43,26,82,81,76,64,59,59,39,24,24,24,48,28,24,0,0],"gold":246,"neow_bonus":"TEN_PERCENT_HP_BONUS","is_daily":false,"chose_seed":false,"campfire_upgraded":1,"win_rate":0.0,"timestamp":1609813309,"path_taken":["M","M","M","M","?","R","E","R","T","?","M","$","?","M","R","BOSS","M","M","M","M","$","M","M","M","T","R","E","M","E"],"items_purchased_type":["Card","Card"],"build_version":"2020-12-22","purchased_purges":0,"victory":false,"max_hp_per_floor":[82,82,82,82,82,82,82,82,82,82,82,82,82,82,82,82,82,82,82,82,82,82,82,82,82,82,82,82,82,82,82],"card_choices":[{"not_picked":["HollowMod:NewLittleFool","HollowMod:FastStrike"],"picked":"HollowMod:SoulShaman","floor":1},{"not_picked":["HollowMod:CornifersMapStart","HollowMod:DoubleDash"],"picked":"HollowMod:DashSlash","floor":2},{"not_picked":["HollowMod:Grubsong","HollowMod:LifebloodCocoon"],"picked":"HollowMod:FastStrike","floor":3},{"not_picked":["HollowMod:DescendingDark","HollowMod:Hiveblood","HollowMod:AbyssShriek"],"picked":"SKIP","floor":4},{"not_picked":["HollowMod:AbyssShriek+1","HollowMod:SiblingsSouls"],"picked":"HollowMod:SharpenedNail+1","floor":7},{"not_picked":["HollowMod:NewJinnsSoul","HollowMod:ShadowDash"],"picked":"HollowMod:CycloneSlash+1","floor":10},{"not_picked":["HollowMod:TaintedHusks","HollowMod:NewJinnsSoul"],"picked":"HollowMod:CycloneSlash+1","floor":11},{"not_picked":["HollowMod:WraithStrike+1","HollowMod:DescendingDark+1"],"picked":"HollowMod:SoulEater","floor":14},{"not_picked":["HollowMod:SoulMaster","HollowMod:ZotesMagnificence+1"],"picked":"HollowMod:AwokenDreamNail+1","floor":16},{"not_picked":["HollowMod:FallenFury+1","HollowMod:NewLittleFool+1","HollowMod:NewJinnsSoul"],"picked":"SKIP","floor":18},{"not_picked":["HollowMod:QuirrelsAssistance+1","HollowMod:DescendingDark+1"],"picked":"HollowMod:DungDefenderAura+1","floor":19},{"not_picked":["HollowMod:NewLittleFool+1","HollowMod:DreamGate","HollowMod:MawleksShell"],"picked":"SKIP","floor":20},{"not_picked":["HollowMod:QuirrelsAssistance+1","HollowMod:DungDefenderAura"],"picked":"HollowMod:HeavyBlow+1","floor":21},{"not_picked":["HollowMod:VoidDash","HollowMod:SoulVessel+1"],"picked":"HollowMod:LifebloodCocoon","floor":23},{"not_picked":["HollowMod:LifebloodCocoon+1","HollowMod:CycloneSlash+1"],"picked":"HollowMod:PureNailStrike+1","floor":24},{"not_picked":["HollowMod:DashSlash+1","HollowMod:SiblingsSouls"],"picked":"HollowMod:RecoilStrike+1","floor":25},{"not_picked":["HollowMod:LifebloodCocoon","HollowMod:BlackTendrils+1"],"picked":"HollowMod:theNailsmith","floor":28},{"not_picked":["HollowMod:PerfectDash+1","HollowMod:CornifersMapStart+1"],"picked":"HollowMod:RecoilStrike+1","floor":29}],"player_experience":31947,"relics_obtained":[{"floor":7,"key":"Molten Egg 2"},{"floor":10,"key":"Odd Mushroom"},{"floor":13,"key":"HollowMod:PaleOreRelic"},{"floor":26,"key":"Whetstone"},{"floor":28,"key":"CaptainsWheel"}],"event_choices":[{"damage_healed":0,"gold_gain":0,"player_choice":"Fought Mushrooms","damage_taken":0,"max_hp_gain":0,"max_hp_loss":0,"event_name":"Mushrooms","floor":10,"gold_loss":0}],"is_beta":false,"boss_relics":[{"not_picked":["Busted Crown","SacredBark"],"picked":"Fusion Hammer"}],"items_purged_floors":[],"is_endless":false,"potions_floor_spawned":[3,7,10,14,18,19,21,24,29],"killed_by":"Gremlin Leader","ascension_level":0}}