{"host":"zxkjcgzis4pm3za5","time":1609821854,"event":{"mods":["AchievementEnabler","BaseMod","Colored Map","Colored Powertips","Minty Spire (QoL Compilation)","Quick Restart","RNG Fix","Random Character Button","StSLib"],"gold_per_floor":[111,111,132,132,156,191,191,216,216,232,232,256,256,291,291,414,414,437,437,43,43,59,59,94,107,107,7,7,7,48,73,73,203,203,227,250,47,111,132,175,175,195,195,233,233,76,99,120,120,120,120,120,17,53,53,53],"floor_reached":55,"playtime":2155,"items_purged":["Strike_B","Strike_B","Strike_B"],"score":1308,"play_id":"82f2e24e-7b86-4ad1-bd6c-ffa67a1297a3","local_time":"20210105101414","is_ascension_mode":true,"campfire_choices":[{"data":"Reprogram","floor":7.0,"key":"SMITH"},{"floor":11.0,"key":"REST"},{"data":"Reprogram","floor":15.0,"key":"SMITH"},{"data":"Go for the Eyes","floor":23.0,"key":"SMITH"},{"floor":29.0,"key":"REST"},{"data":"FTL","floor":32.0,"key":"SMITH"},{"floor":41.0,"key":"RECALL"},{"data":"Sunder","floor":45.0,"key":"SMITH"},{"data":"Hyperbeam","floor":49.0,"key":"SMITH"},{"data":"Stack","floor":52.0,"key":"SMITH"}],"circlet_count":0,"master_deck":["AscendersBane","Defend_B","Defend_B","Defend_B","Defend_B","Reprogram+1","Genetic Algorithm","Reinforced Body","Conserve Battery","Go for the Eyes+1","FTL+1","Reprogram+1","Steam","Melter","Meteor Strike","Undo","Rebound","Sweeping Beam","Beam Cell+1","Leap","Turbo+1","Hyperbeam+1","Undo","Rip and Tear","Sunder+1","Leap","Reboot","Stack+1","Meteor Strike","Meteor Strike"],"relics":["Cracked Core","Vajra","Golden Idol","Omamori","Pantograph","Pear","Snecko Eye","Shuriken","Enchiridion","Bottled Flame","Mummified Hand","MutagenicStrength","Bird Faced Urn","Nuclear Battery","Mango","Matryoshka","Oddly Smooth Stone","Darkstone Periapt","Bag of Preparation"],"acts_visited":["Exordium","TheCity","TheBeyond","TheEnding"],"potions_floor_usage":[55,55,55,55],"damage_taken":[{"damage":3.0,"enemies":"Small Slimes","floor":1.0,"turns":3.0},{"damage":0.0,"enemies":"Cultist","floor":3.0,"turns":3.0},{"damage":2.0,"enemies":"Jaw Worm","floor":5.0,"turns":5.0},{"damage":34.0,"enemies":"Gremlin Nob","floor":6.0,"turns":4.0},{"damage":19.0,"enemies":"Gremlin Gang","floor":8.0,"turns":10.0},{"damage":0.0,"enemies":"Red Slaver","floor":10.0,"turns":5.0},{"damage":9.0,"enemies":"3 Louse","floor":12.0,"turns":6.0},{"damage":2.0,"enemies":"Lagavulin","floor":14.0,"turns":9.0},{"damage":35.0,"enemies":"Slime Boss","floor":16.0,"turns":13.0},{"damage":11.0,"enemies":"Spheric Guardian","floor":18.0,"turns":3.0},{"damage":0.0,"enemies":"2 Thieves","floor":22.0,"turns":3.0},{"damage":10.0,"enemies":"Book of Stabbing","floor":24.0,"turns":4.0},{"damage":5.0,"enemies":"Snake Plant","floor":25.0,"turns":3.0},{"damage":15.0,"enemies":"Gremlin Leader","floor":30.0,"turns":7.0},{"damage":0.0,"enemies":"3 Cultists","floor":31.0,"turns":5.0},{"damage":0.0,"enemies":"Champ","floor":33.0,"turns":11.0},{"damage":2.0,"enemies":"3 Darklings","floor":35.0,"turns":3.0},{"damage":0.0,"enemies":"3 Shapes","floor":36.0,"turns":3.0},{"damage":0.0,"enemies":"2 Orb Walkers","floor":38.0,"turns":4.0},{"damage":0.0,"enemies":"Transient","floor":39.0,"turns":5.0},{"damage":0.0,"enemies":"Nemesis","floor":40.0,"turns":5.0},{"damage":0.0,"enemies":"Maw","floor":42.0,"turns":4.0},{"damage":22.0,"enemies":"Reptomancer","floor":44.0,"turns":7.0},{"damage":0.0,"enemies":"Jaw Worm Horde","floor":47.0,"turns":2.0},{"damage":3.0,"enemies":"4 Shapes","floor":48.0,"turns":2.0},{"damage":44.0,"enemies":"Time Eater","floor":50.0,"turns":12.0},{"damage":21.0,"enemies":"Shield and Spear","floor":54.0,"turns":4.0},{"damage":92,"enemies":"The Heart","floor":55,"turns":5}],"seed_played":"-8463541916111947902","potions_obtained":[{"floor":3.0,"key":"SpeedPotion"},{"floor":5.0,"key":"PowerPotion"},{"floor":12.0,"key":"LiquidBronze"},{"floor":18.0,"key":"Fire Potion"},{"floor":22.0,"key":"FearPotion"},{"floor":35.0,"key":"Explosive Potion"},{"floor":48.0,"key":"FearPotion"}],"is_trial":false,"path_per_floor":["M","?","M","?","M","E","R","M","T","M","R","M","?","E","R","B",null,"M","?","$","?","M","R","E","M","T","$","?","R","E","M","R","B",null,"M","M","$","?","M","E","R","M","T","E","R","$","M","M","R","B",null,"R","$","E","B"],"character_chosen":"DEFECT","items_purchased":["Rebound","Shuriken","Sweeping Beam","Sunder","Meteor Strike","EntropicBrew"],"campfire_rested":2,"item_purchase_floors":[20,20,20,37,46,53],"current_hp_per_floor":[65,65,65,65,63,29,29,10,10,10,30,21,21,29,29,19,64,53,53,53,37,37,37,27,22,22,22,22,45,30,32,32,59,74,74,76,76,92,93,93,93,93,93,71,71,71,73,72,72,49,82,82,82,63,0,0],"gold":53,"neow_bonus":"RANDOM_COMMON_RELIC","is_daily":false,"chose_seed":false,"campfire_upgraded":7,"win_rate":0.0,"timestamp":1609821854,"path_taken":["M","?","M","?","M","E","R","?","T","?","R","M","?","E","R","BOSS","M","?","$","?","M","R","E","M","T","$","?","R","E","M","R","BOSS","M","?","$","?","M","E","R","M","T","E","R","?","M","M","R","BOSS","R","$","E","BOSS"],"items_purchased_type":["Card","Relic","Card","Card","Card","Potion"],"build_version":"2020-12-22","purchased_purges":3,"victory":false,"max_hp_per_floor":[75,69,69,69,69,69,69,69,69,69,69,69,69,79,79,79,79,79,79,79,79,79,79,79,79,79,79,79,79,79,79,79,79,79,79,79,79,93,93,93,93,93,93,93,93,93,93,93,93,93,93,93,93,93,93,93],"card_choices":[{"not_picked":["Coolheaded","Leap"],"picked":"Reprogram","floor":1.0},{"not_picked":["Barrage","Streamline"],"picked":"Genetic Algorithm","floor":3.0},{"not_picked":["Streamline","Leap"],"picked":"Conserve Battery","floor":5.0},{"not_picked":["Cold Snap","Consume"],"picked":"Go for the Eyes","floor":6.0},{"not_picked":["Barrage","Steam"],"picked":"FTL","floor":8.0},{"not_picked":["Sweeping Beam","Hologram"],"picked":"Reprogram","floor":10.0},{"not_picked":["Turbo","Cold Snap"],"picked":"Steam","floor":12.0},{"not_picked":["Coolheaded","Redo"],"picked":"Melter","floor":14.0},{"not_picked":["Electrodynamics","Amplify"],"picked":"Meteor Strike","floor":16.0},{"not_picked":["Streamline","Ball Lightning"],"picked":"Undo","floor":18.0},{"not_picked":["Streamline","Heatsinks","Darkness"],"picked":"SKIP","floor":22.0},{"not_picked":["Auto Shields","Fusion"],"picked":"Beam Cell+1","floor":24.0},{"not_picked":["Cold Snap","White Noise+1"],"picked":"Leap","floor":25.0},{"not_picked":["Recycle","Conserve Battery","Barrage"],"picked":"SKIP","floor":30.0},{"not_picked":["Double Energy","Storm"],"picked":"Turbo+1","floor":31.0},{"not_picked":["All For One","Seek"],"picked":"Hyperbeam","floor":33.0},{"not_picked":["Rebound","Ball Lightning"],"picked":"Undo","floor":35.0},{"not_picked":["Melter","Coolheaded"],"picked":"Rip and Tear","floor":36.0},{"not_picked":["Consume","Gash"],"picked":"Leap","floor":39.0},{"not_picked":["Barrage","Reinforced Body"],"picked":"Reboot","floor":40.0},{"not_picked":["Defragment","BootSequence+1","Sweeping Beam"],"picked":"SKIP","floor":42.0},{"not_picked":["Defragment","Gash"],"picked":"Stack","floor":44.0},{"not_picked":["Go for the Eyes","FTL","Consume"],"picked":"SKIP","floor":47.0},{"not_picked":["Rebound","Stack","Turbo"],"picked":"SKIP","floor":48.0},{"not_picked":["Turbo","Glacier"],"picked":"Meteor Strike","floor":54.0}],"player_experience":179421,"relics_obtained":[{"floor":6.0,"key":"Omamori"},{"floor":9.0,"key":"Pantograph"},{"floor":14.0,"key":"Pear"},{"floor":21.0,"key":"Enchiridion"},{"floor":24.0,"key":"Bottled Flame"},{"floor":26.0,"key":"Mummified Hand"},{"floor":30.0,"key":"Bird Faced Urn"},{"floor":38.0,"key":"Mango"},{"floor":40.0,"key":"Matryoshka"},{"floor":43.0,"key":"Oddly Smooth Stone"},{"floor":44.0,"key":"Darkstone Periapt"},{"floor":54.0,"key":"Bag of Preparation"}],"event_choices":[{"damage_healed":0.0,"max_hp_gain":0.0,"max_hp_loss":6.0,"gold_gain":0.0,"event_name":"Golden Idol","player_choice":"Lose Max HP","floor":2.0,"gold_loss":0.0,"damage_taken":0.0,"relics_obtained":["Golden Idol"]},{"damage_healed":0.0,"max_hp_gain":0.0,"max_hp_loss":0.0,"gold_gain":0.0,"cards_transformed":["Strike_B"],"event_name":"Transmorgrifier","player_choice":"Transformed","floor":4.0,"gold_loss":0.0,"damage_taken":0.0,"cards_obtained":["Reinforced Body"]},{"cards_removed":["Zap"],"damage_healed":0.0,"max_hp_gain":0.0,"max_hp_loss":0.0,"gold_gain":0.0,"event_name":"Purifier","player_choice":"Purged","floor":13.0,"gold_loss":0.0,"damage_taken":0.0},{"cards_removed":["Dualcast"],"damage_healed":0.0,"max_hp_gain":0.0,"max_hp_loss":0.0,"gold_gain":0.0,"event_name":"Back to Basics","player_choice":"Elegance","floor":19.0,"gold_loss":0.0,"damage_taken":0.0},{"damage_healed":0.0,"max_hp_gain":0.0,"max_hp_loss":0.0,"gold_gain":0.0,"event_name":"Cursed Tome","player_choice":"Obtained Book","floor":21.0,"gold_loss":0.0,"damage_taken":16.0},{"damage_healed":0.0,"max_hp_gain":0.0,"max_hp_loss":0.0,"gold_gain":0.0,"event_name":"Drug Dealer","player_choice":"Inject Mutagens","floor":28.0,"gold_loss":0.0,"damage_taken":0.0,"relics_obtained":["MutagenicStrength"]},{"damage_healed":0.0,"max_hp_gain":0.0,"max_hp_loss":0.0,"gold_gain":0.0,"event_name":"Mysterious Sphere","player_choice":"Fight","floor":38.0,"gold_loss":0.0,"damage_taken":0.0}],"is_beta":false,"boss_relics":[{"not_picked":["SlaversCollar","Fusion Hammer"],"picked":"Snecko Eye"},{"not_picked":["Busted Crown","SacredBark"],"picked":"Nuclear Battery"}],"items_purged_floors":[20,27,37],"is_endless":false,"potions_floor_spawned":[3,5,12,18,22,35,38,40,48,54],"killed_by":"The Heart","ascension_level":12}}