{"host":"8rwquwrlbfkmmuup","time":1609867412,"event":{"mods":["BaseMod","Downfall","Halation","Infinite Spire","Marisa????????","Minty Spire (QoL Compilation)","Replay The Spire","Shop Mod","StSLib","The Animator","The Senshi","The Servant 0.9.4"],"gold_per_floor":[113,113,126,143,0,0,14,14,38,38,38],"floor_reached":10,"playtime":272,"items_purged":[],"score":61,"play_id":"c74f0238-63c7-46e0-a04c-ddf1ff6e71c5","local_time":"20210105092332","is_ascension_mode":true,"campfire_choices":[{"data":"FIFO Queue","floor":6,"key":"SMITH"},{"data":"Double Energy","floor":8,"key":"SMITH"}],"circlet_count":0,"master_deck":["Strike_B","Strike_B","Strike_B","Strike_B","Defend_B","Defend_B","Defend_B","Zap","Dualcast","BasicCrystalCard","Steam Power","Storm","FIFO Queue+1","Double Energy+1","BasicCrystalCard"],"relics":["Cracked Core","NeowsBlessing","Juzu Bracelet"],"acts_visited":["Exordium"],"potions_floor_usage":[],"damage_taken":[{"damage":0,"enemies":"2 Louse","floor":1,"turns":1},{"damage":0,"enemies":"Cultist","floor":3,"turns":1},{"damage":0,"enemies":"Small Slimes","floor":4,"turns":1},{"damage":17,"enemies":"Looter","floor":7,"turns":4},{"damage":41,"enemies":"3 Sentries","floor":10,"turns":5}],"seed_played":"5500208992578952769","potions_obtained":[{"floor":1,"key":"Death Potion"},{"floor":7,"key":"SkillPotion"}],"is_trial":false,"path_per_floor":["M","?","M","M","$","R","M","R","T","E"],"character_chosen":"DEFECT","items_purchased":["FIFO Queue","Double Energy"],"campfire_rested":0,"item_purchase_floors":[5,5],"current_hp_per_floor":[75,75,75,75,75,75,58,58,58,17,17],"gold":38,"neow_bonus":"THREE_ENEMY_KILL","is_daily":false,"chose_seed":false,"campfire_upgraded":2,"win_rate":0.0,"timestamp":1609867412,"path_taken":["M","?","?","M","$","R","M","R","T","E"],"items_purchased_type":["Card","Card"],"build_version":"2020-12-22","purchased_purges":0,"victory":false,"max_hp_per_floor":[75,75,75,75,75,75,75,75,75,75,75],"card_choices":[{"not_picked":["Hologram","Go for the Eyes"],"picked":"BasicCrystalCard","floor":1},{"not_picked":["Heatsinks","Rip and Tear","Scrape"],"picked":"SKIP","floor":3},{"not_picked":["Lockon","Compile Driver"],"picked":"Storm","floor":4},{"not_picked":["Sweeping Beam","Streamline"],"picked":"BasicCrystalCard","floor":7}],"player_experience":67388,"relics_obtained":[{"floor":9,"key":"Juzu Bracelet"}],"event_choices":[{"damage_healed":0,"gold_gain":0,"cards_transformed":["Defend_B"],"player_choice":"Transformed","damage_taken":0,"max_hp_gain":0,"max_hp_loss":0,"event_name":"Transmorgrifier","floor":2,"gold_loss":0,"cards_obtained":["Steam Power"]}],"is_beta":false,"boss_relics":[],"items_purged_floors":[],"is_endless":false,"potions_floor_spawned":[1,7],"killed_by":"3 Sentries","ascension_level":1}}