{"host":"whloki2o3dp1b07n","time":1609808544,"event":{"mods":["100% Spire Juice","Abigail Mod","Act Like it!","Arknights The Spire","BaseMod","Better Synergies","Block Reminder","CapriCore","Colored Map","Colored Powertips","DNKmod","Evolution","Friendly Minions","GifTheSpireLib","GungeonMod","HexUI Lib","Koishi","Marked Mod","Minty Spire (QoL Compilation)","StSLib","Swap Starting Deck Mod","The Bug Knight","The Marked","Transform Curses"],"gold_per_floor":[115,7,22,22,22,51,51,71,95,124,124,124,4,24,24,124,4,17,33,0,0,0,0,16,16,16,16,33,33,50,50,50,153,153,44,62,0,0,12,12,12,23,96,113,133,145,25,40,40,40,40],"floor_reached":50,"playtime":2204,"items_purged":[],"score":481,"play_id":"3455e55d-deef-48e3-8056-0b926a6ad0de","local_time":"20210104200224","is_ascension_mode":false,"campfire_choices":[{"floor":7,"key":"REST"},{"floor":12,"key":"REST"},{"data":"Moonworks:RagingMadness","floor":15,"key":"SMITH"},{"data":"Moonworks:MetallicMonocoque","floor":23,"key":"SMITH"},{"floor":25,"key":"REST"},{"data":"Moonworks:CompletionReward","floor":29,"key":"SMITH"},{"data":"Moonworks:SakisCookie","floor":32,"key":"SMITH"},{"data":"Moonworks:GoAway","floor":40,"key":"SMITH"},{"data":"Moonworks:DeployBits","floor":47,"key":"SMITH"},{"floor":49,"key":"REST"}],"circlet_count":0,"master_deck":["Moonworks:Assault","Moonworks:Assault","Moonworks:Strike","Moonworks:Strike","Moonworks:Defend","Moonworks:Defend","Moonworks:Defend","Moonworks:Defend","Moonworks:Ambush","Moonworks:LongDistanceShot+1","Moonworks:IndiscriminateFireSupport+1","Moonworks:JonathanRush","Moonworks:SakisCookie+1","Moonworks:RagingMadness+1","Moonworks:JonathanRush+1","Moonworks:x16BigRocket","Moonworks:CompletionReward+1","Moonworks:MetallicMonocoque+1","Moonworks:IndiscriminateFireSupport+1","Moonworks:IntelligenceOfficer","Moonworks:SakisCookie+1","Moonworks:DeployBits+1","Moonworks:ForcedRevival","Moonworks:GoAway+1","Moonworks:BackdoorTrade","Moonworks:MiracleWalker+1","Moonworks:JonathanRush+1","Moonworks:JonathanRush","Moonworks:ForcedRevival+1","Moonworks:JonathanRush","Moonworks:MiracleRedBeanIceCream"],"relics":["Moonworks:SBBomb","Moonworks:Homemark","EVO:Axolotl","Art of War","Pantograph","Centennial Puzzle","Whetstone","Anchor","Philosopher\u0027s Stone","The Courier","DemoMod:JetPack","Red Mask","DemoMod:BlueGuonStone","Gremlin Horn"],"acts_visited":["Exordium","TheCity","TheBeyond"],"potions_floor_usage":[16,16,28,28,50,50],"damage_taken":[{"damage":2,"enemies":"Small Slimes","floor":1,"turns":4},{"damage":0,"enemies":"2 Louse","floor":2,"turns":1},{"damage":1,"enemies":"Jaw Worm","floor":3,"turns":3},{"damage":15,"enemies":"HollowMod:MossKnight","floor":6,"turns":7},{"damage":9,"enemies":"Large Slime","floor":8,"turns":3},{"damage":9,"enemies":"3 Sentries","floor":10,"turns":3},{"damage":0,"enemies":"3 Louse","floor":14,"turns":1},{"damage":34,"enemies":"Slime Boss","floor":16,"turns":5},{"damage":17,"enemies":"Shell Parasite","floor":18,"turns":4},{"damage":0,"enemies":"3 Byrds","floor":19,"turns":2},{"damage":17,"enemies":"Sentry and Sphere","floor":24,"turns":4},{"damage":1,"enemies":"3 Cultists","floor":28,"turns":4},{"damage":12,"enemies":"Centurion and Healer","floor":30,"turns":6},{"damage":48,"enemies":"Champ","floor":33,"turns":8},{"damage":5,"enemies":"3 Shapes","floor":35,"turns":2},{"damage":7,"enemies":"3 Darklings","floor":36,"turns":3},{"damage":11,"enemies":"Maw","floor":39,"turns":8},{"damage":21,"enemies":"Jaw Worm Horde","floor":42,"turns":3},{"damage":16,"enemies":"Writhing Mass","floor":44,"turns":6},{"damage":0,"enemies":"Sphere and 2 Shapes","floor":45,"turns":3},{"damage":0,"enemies":"4 Shapes","floor":46,"turns":1},{"damage":60,"enemies":"Maw","floor":48,"turns":9},{"damage":82,"enemies":"Awakened One","floor":50,"turns":9}],"seed_played":"5112220451748885168","potions_obtained":[{"floor":6,"key":"Strength Potion"},{"floor":8,"key":"DemoMod:LeadSkinPotion"},{"floor":10,"key":"Dexterity Potion"},{"floor":24,"key":"Energy Potion"},{"floor":33,"key":"FearPotion"},{"floor":39,"key":"FearPotion"},{"floor":42,"key":"FearPotion"},{"floor":45,"key":"Block Potion"}],"is_trial":false,"path_per_floor":["M","M","M","?","?","E","R","M","T","E","?","R","$","M","R","B",null,"M","M","?","?","?","R","M","R","T","$","M","R","M","T","R","B",null,"M","M","?","?","M","R","$","M","T","M","M","M","R","M","R","B"],"character_chosen":"THE_STARBREAKER","items_purchased":[],"campfire_rested":4,"item_purchase_floors":[],"current_hp_per_floor":[58,58,57,45,33,24,42,37,37,32,37,56,56,56,56,31,65,54,60,60,60,60,60,48,65,65,65,64,64,52,52,52,34,65,60,53,53,53,59,59,59,38,38,39,56,56,56,21,40,0,0],"gold":40,"neow_bonus":"RANDOM_COMMON_RELIC","is_daily":false,"chose_seed":false,"campfire_upgraded":6,"win_rate":0.0,"timestamp":1609808544,"path_taken":["M","M","M","?","?","E","R","M","T","E","?","R","?","M","R","BOSS","M","M","?","?","?","R","?","R","T","?","M","R","M","?","R","BOSS","M","M","?","?","M","R","$","M","T","M","M","M","R","M","R","BOSS"],"items_purchased_type":[],"build_version":"2020-12-22","purchased_purges":0,"victory":false,"max_hp_per_floor":[60,60,60,60,60,60,60,60,60,60,65,65,65,65,65,65,65,65,65,65,65,65,65,65,65,65,65,65,65,65,65,65,65,65,65,65,65,65,65,65,65,65,65,65,65,65,65,65,65,65,65],"card_choices":[{"not_picked":["Moonworks:LulusLuckyEgg","Moonworks:BigMagnum"],"picked":"Moonworks:IndiscriminateFireSupport","floor":1},{"not_picked":["Moonworks:CloudOfSeagulls","Moonworks:BigMagnum"],"picked":"Moonworks:JonathanRush","floor":2},{"not_picked":["Moonworks:Assault","Moonworks:CloudOfSeagulls"],"picked":"Moonworks:SakisCookie","floor":3},{"not_picked":["Moonworks:LulusLuckyEgg","Moonworks:UnpaidWork"],"picked":"Moonworks:RagingMadness","floor":6},{"not_picked":["Moonworks:DeployBits","Moonworks:Dinner"],"picked":"Moonworks:JonathanRush","floor":8},{"not_picked":["Moonworks:Bloodlust","Moonworks:CrystalBarrier"],"picked":"Moonworks:x16BigRocket","floor":10},{"not_picked":["Moonworks:WindyEnchantment","Moonworks:DeployBits"],"picked":"Moonworks:CompletionReward","floor":14},{"not_picked":["Moonworks:Accelerator","Moonworks:SinkOrSwim"],"picked":"Moonworks:MetallicMonocoque","floor":16},{"not_picked":["Moonworks:Dinner","Moonworks:ImOnFire+1"],"picked":"Moonworks:IndiscriminateFireSupport+1","floor":18},{"not_picked":["Moonworks:ReproductionOfRecords","Moonworks:AngelHand"],"picked":"Moonworks:IntelligenceOfficer","floor":19},{"not_picked":["Moonworks:ImOnFire","Moonworks:LuckyCharm"],"picked":"Moonworks:SakisCookie","floor":24},{"not_picked":["Moonworks:Gamble","Moonworks:EvilSpyWorkPreparation+1"],"picked":"Moonworks:DeployBits","floor":28},{"not_picked":["Moonworks:BigMagnum+1","Moonworks:JonathanRush"],"picked":"Moonworks:ForcedRevival","floor":30},{"not_picked":["Moonworks:ReflectiveShell","Moonworks:MeltingMemories"],"picked":"Moonworks:GoAway","floor":33},{"not_picked":["Moonworks:AngelHand+1","Moonworks:SakisCookie"],"picked":"Moonworks:BackdoorTrade","floor":35},{"not_picked":["Moonworks:NicePresent+1","Moonworks:SakisCookie+1"],"picked":"Moonworks:MiracleWalker+1","floor":36},{"not_picked":["Moonworks:IndiscriminateFireSupport+1","Moonworks:CrystalBarrier"],"picked":"Moonworks:JonathanRush+1","floor":39},{"not_picked":["Moonworks:CloudOfSeagulls","Moonworks:MixPhenomenon"],"picked":"Moonworks:JonathanRush","floor":42},{"not_picked":["Moonworks:IndiscriminateFireSupport","Moonworks:Assault+1"],"picked":"Moonworks:ForcedRevival+1","floor":44},{"not_picked":["Moonworks:ImOnFire","Moonworks:BigMagnum","Moonworks:SelfDestruct"],"picked":"SKIP","floor":45},{"not_picked":["Moonworks:WindyEnchantment","Moonworks:CloudOfSeagulls"],"picked":"Moonworks:JonathanRush","floor":46},{"not_picked":["Moonworks:RocketCannon","Moonworks:ImOnFire"],"picked":"Moonworks:MiracleRedBeanIceCream","floor":48}],"player_experience":1114112,"relics_obtained":[{"floor":6,"key":"Centennial Puzzle"},{"floor":9,"key":"Whetstone"},{"floor":10,"key":"Anchor"},{"floor":26,"key":"The Courier"},{"floor":31,"key":"DemoMod:JetPack"},{"floor":43,"key":"Gremlin Horn"}],"event_choices":[{"damage_healed":0,"gold_gain":0,"player_choice":"Entered Light","damage_taken":12,"max_hp_gain":0,"max_hp_loss":0,"event_name":"Shining Light","floor":4,"gold_loss":0,"cards_upgraded":["Moonworks:IndiscriminateFireSupport","Moonworks:SakisCookie"]},{"damage_healed":0,"gold_gain":0,"player_choice":"Success","damage_taken":12,"relics_obtained":["Pantograph"],"max_hp_gain":0,"max_hp_loss":0,"event_name":"Scrap Ooze","floor":5,"gold_loss":0},{"damage_healed":0,"gold_gain":0,"player_choice":"Donut","damage_taken":0,"max_hp_gain":5,"max_hp_loss":0,"event_name":"Big Fish","floor":11,"gold_loss":0},{"damage_healed":0,"gold_gain":0,"player_choice":"Paid Fearfully","damage_taken":0,"max_hp_gain":0,"max_hp_loss":0,"event_name":"Masked Bandits","floor":20,"gold_loss":33},{"damage_healed":0,"gold_gain":0,"player_choice":"Ignored","damage_taken":0,"max_hp_gain":0,"max_hp_loss":0,"event_name":"Vampires","floor":21,"gold_loss":0},{"damage_healed":0,"gold_gain":0,"player_choice":"Ignored","damage_taken":0,"max_hp_gain":0,"max_hp_loss":0,"event_name":"Purifier","floor":22,"gold_loss":0},{"damage_healed":0,"gold_gain":0,"player_choice":"Paid","damage_taken":0,"relics_obtained":["Red Mask"],"max_hp_gain":0,"max_hp_loss":0,"event_name":"Tomb of Lord Red Mask","floor":37,"gold_loss":62},{"damage_healed":0,"gold_gain":0,"player_choice":"Gave Potion","damage_taken":0,"relics_obtained":["DemoMod:BlueGuonStone"],"max_hp_gain":0,"max_hp_loss":0,"event_name":"WeMeetAgain","floor":38,"gold_loss":0}],"is_beta":false,"boss_relics":[{"not_picked":["SacredBark","Coffee Dripper"],"picked":"Philosopher\u0027s Stone"},{"not_picked":["Astrolabe","Calling Bell"],"picked":"Moonworks:SBBomb"}],"items_purged_floors":[],"is_endless":false,"potions_floor_spawned":[6,8,10,24,33,39,42,45],"killed_by":"Awakened One","ascension_level":0}}