{"host":"ayh4nqhr0ddw4ozv","time":1609836085,"event":{"mods":["BaseMod","Minty Spire (QoL Compilation)","Relic Stats","Replay The Spire","Robot Space Explorer","StSLib"],"gold_per_floor":[111,111,130,145,156,156,156,156],"floor_reached":7,"playtime":521,"items_purged":[],"score":80,"play_id":"90fac1d2-f0c1-427a-a84d-05fa324e80d3","local_time":"20210105004125","is_ascension_mode":true,"campfire_choices":[{"floor":6,"key":"REST"}],"circlet_count":0,"master_deck":["AscendersBane","RobotSpaceExplorer:Strike","RobotSpaceExplorer:Strike","RobotSpaceExplorer:Defend","RobotSpaceExplorer:Scan","RobotSpaceExplorer:MiniLasers","Hallucinations","RobotSpaceExplorer:FrostMissile","RobotSpaceExplorer:TurboDodge","RobotSpaceExplorer:LuckyStrike","RobotSpaceExplorer:Smokescreen"],"relics":["Kintsugi"],"acts_visited":["Exordium"],"potions_floor_usage":[5,5],"damage_taken":[{"damage":7,"enemies":"Jaw Worm","floor":1,"turns":4},{"damage":17,"enemies":"Small Slimes","floor":3,"turns":4},{"damage":0,"enemies":"Cultist","floor":4,"turns":4},{"damage":31,"enemies":"Exordium Thugs","floor":5,"turns":6},{"damage":23,"enemies":"Replay:BlueRogue","floor":7,"turns":9}],"seed_played":"-1769112545822812951","potions_obtained":[{"floor":3,"key":"Swift Potion"},{"floor":4,"key":"Block Potion"}],"is_trial":false,"path_per_floor":["M","?","M","M","M","R","E"],"character_chosen":"RobotSpaceExplorer","items_purchased":[],"campfire_rested":1,"item_purchase_floors":[],"current_hp_per_floor":[57,50,33,33,2,23,0,0],"gold":156,"neow_bonus":"BOSS_RELIC","is_daily":false,"chose_seed":false,"campfire_upgraded":0,"win_rate":0.0,"timestamp":1609836085,"path_taken":["M","?","M","M","M","R","E"],"items_purchased_type":[],"build_version":"2020-12-22","purchased_purges":0,"victory":false,"max_hp_per_floor":[71,71,71,71,71,71,71,71],"relic_stats":{"counters":[5,27],"obtain_stats":[{"RobotSpaceExplorer:RoboCore":0,"Kintsugi":0},{"RobotSpaceExplorer:RoboCore":0,"Kintsugi":0},{"RobotSpaceExplorer:RoboCore":0,"Kintsugi":0}]},"card_choices":[{"not_picked":["RobotSpaceExplorer:Fix","RobotSpaceExplorer:Ammunition"],"picked":"RobotSpaceExplorer:FrostMissile","floor":1},{"not_picked":["RobotSpaceExplorer:Counterblock","RobotSpaceExplorer:MiniDrones"],"picked":"RobotSpaceExplorer:TurboDodge","floor":3},{"not_picked":["RobotSpaceExplorer:ScrapMissile","RobotSpaceExplorer:MetalStrike"],"picked":"RobotSpaceExplorer:LuckyStrike","floor":4},{"not_picked":["RobotSpaceExplorer:SwiftStep","RobotSpaceExplorer:FreezeRay"],"picked":"RobotSpaceExplorer:Smokescreen","floor":5}],"player_experience":291744,"relics_obtained":[],"event_choices":[{"cards_removed":["CommonCold"],"damage_healed":0,"gold_gain":0,"player_choice":"Card Removal","damage_taken":7,"max_hp_gain":0,"max_hp_loss":0,"event_name":"Golden Wing","floor":2,"gold_loss":0}],"is_beta":false,"boss_relics":[],"items_purged_floors":[],"is_endless":false,"potions_floor_spawned":[3,4],"killed_by":"Replay:BlueRogue","ascension_level":17}}