{"host":"vvaf77k5q4hdboei","time":1609866147,"event":{"mods":["BaseMod","Block Reminder","Curses Come First","DeckTracker","Hubris","Marisa????????","Minty Spire (QoL Compilation)","Quick Restart","Rare Cards Sparkle","Replay The Spire","Shade Mod","StSLib","The Cursed","The Hierophant","The Marked","The Necromancer","The Servant 0.9.4","The Wild Card"],"gold_per_floor":[116,135,146,160,160,160,195,224,249,249,214,246,53,53,53,151,151,163,163,179,144,144,75,75,75,75,18,73,78,37,116,128,136,148,180,192,214,136,148,176,88,117,129,141,171,183,213,241,253,265],"floor_reached":51,"playtime":5262,"items_purged":["ReplayTheSpireMod:Restless Dread","Strike_G"],"score":834,"play_id":"38bfe363-5376-4baf-84fc-903145513161","local_time":"20210105150227","is_ascension_mode":false,"campfire_choices":[{"data":"Well Laid Plans","floor":6.0,"key":"SMITH"},{"floor":15.0,"key":"REST"},{"data":"Tactician","floor":25.0,"key":"SMITH"},{"data":"Prepared","floor":32.0,"key":"SMITH"},{"data":"hubris:Sniper","floor":49,"key":"SMITH"}],"circlet_count":0,"master_deck":["Strike_G+1","Defend_G+1","Defend_G+1","Defend_G+1","Defend_G+1","Defend_G+1","Survivor+1","Neutralize+1","Hidden Blade+1","Slice+1","Well Laid Plans+1","Escape Plan+1","Distraction+1","Slice+1","hubris:SlightOfHand+1","Prepared+1","ReplayTheSpireMod:Scrap Shanks+1","hubris:SlightOfHand+1","Underhanded Strike+1","theWildCard:Arsene+1","After Image+1","hubris:Sniper+1","Slice+1","Tactician+1","Choke+1","Fluid Movement+1","Dagger Throw+1","Dagger Throw+1","A Thousand Cuts+1","Blade Dance+1","Madness+1","Madness+1","hubris:Sniper+1","Reflex+1","hubris:Sniper+1"],"relics":["Ring of the Snake","WingedGreaves","Regal Pillow","Bag of Preparation","Replay:Wax Seal","Ring of Peace","ReplayTheSpireMod:Ring of Challenge","hubris:OldNail","Pen Nib","hubris:VirtuousBlindfold","MutagenicStrength","Oddly Smooth Stone","hubris:Icosahedron","Garlic","hubris:HerbalPaste","BargainBundle","Orichalcum","MawBank","SacredBark","Mark of the Bloom","Paper Crane","hubris:Towel"],"acts_visited":["Exordium","TheCity","TheBeyond"],"potions_floor_usage":[45,50],"damage_taken":[{"damage":1.0,"enemies":"Cultist","floor":1.0,"turns":4.0},{"damage":0.0,"enemies":"Small Slimes","floor":2.0,"turns":4.0},{"damage":0.0,"enemies":"2 Louse","floor":3.0,"turns":2.0},{"damage":10.0,"enemies":"2 Fungi Beasts","floor":4.0,"turns":3.0},{"damage":5.0,"enemies":"Lagavulin","floor":7.0,"turns":9.0},{"damage":9.0,"enemies":"Gremlin Nob","floor":8.0,"turns":4.0},{"damage":20.0,"enemies":"Lagavulin","floor":12.0,"turns":10.0},{"damage":13.0,"enemies":"The Guardian","floor":16.0,"turns":12.0},{"damage":7.0,"enemies":"2 Thieves","floor":18.0,"turns":5.0},{"damage":0.0,"enemies":"Spheric Guardian","floor":20.0,"turns":4.0},{"damage":16.0,"enemies":"Snecko","floor":21.0,"turns":6.0},{"damage":0.0,"enemies":"Book of Stabbing","floor":23.0,"turns":5.0},{"damage":11.0,"enemies":"Cultist and Chosen","floor":28.0,"turns":8.0},{"damage":0.0,"enemies":"Snake Plant","floor":30.0,"turns":5.0},{"damage":6.0,"enemies":"Slavers","floor":31.0,"turns":7.0},{"damage":23.0,"enemies":"hubris:MusketHawk","floor":33.0,"turns":9.0},{"damage":0.0,"enemies":"3 Shapes","floor":35.0,"turns":4.0},{"damage":0,"enemies":"3 Darklings","floor":37,"turns":4},{"damage":6,"enemies":"4 Shapes","floor":38,"turns":7},{"damage":0,"enemies":"Spire Growth","floor":40,"turns":4},{"damage":0,"enemies":"Jaw Worm Horde","floor":42,"turns":3},{"damage":0,"enemies":"3 Darklings","floor":45,"turns":2},{"damage":0,"enemies":"4 Shapes","floor":47,"turns":2},{"damage":0,"enemies":"Transient","floor":48,"turns":5},{"damage":0,"enemies":"hubris:GrandSnecko","floor":50,"turns":6}],"seed_played":"8158459436473766360","potions_obtained":[{"floor":3.0,"key":"Swift Potion"},{"floor":4.0,"key":"Block Potion"},{"floor":7.0,"key":"Strength Potion"},{"floor":16.0,"key":"SteroidPotion"},{"floor":20.0,"key":"LiquidMemories"},{"floor":21.0,"key":"BlessingOfTheForge"},{"floor":28.0,"key":"SpeedPotion"},{"floor":30.0,"key":"Fire Potion"},{"floor":38,"key":"LifebloodPotion"},{"floor":42,"key":"Toxic Potion"},{"floor":48,"key":"Elixir"}],"is_trial":false,"path_per_floor":["M","M","M","M","?","R","E","E","T","?","?","E","$","?","R","B",null,"M","?","M","M","?","E","?","R","T","$","M","$","M","E","R","B",null,"M","?","M","M","?","M","NS","M","T","?","M","?","M","M","R","B",null],"character_chosen":"THE_SILENT","items_purchased":["ReplayTheSpireMod:Scrap Shanks+1","hubris:SlightOfHand","Underhanded Strike","Pen Nib","hubris:HerbalPaste","BargainBundle","Fluid Movement","Dagger Throw","SteroidPotion","Fire Potion"],"campfire_rested":1,"item_purchase_floors":[13,13,13,13,27,29,29,29,29,29],"current_hp_per_floor":[48,48,48,38,38,38,33,24,24,24,24,4,4,4,40,27,70,63,63,63,47,47,47,47,47,47,47,42,42,48,48,48,31,70,70,61,67,65,65,65,65,65,65,65,65,65,65,65,65,65],"gold":277,"neow_bonus":"ONE_RARE_RELIC","is_daily":false,"chose_seed":false,"campfire_upgraded":4,"win_rate":0.0,"timestamp":1609866147,"path_taken":["M","M","M","?","?","R","E","E","T","?","?","E","$","?","R","BOSS","M","?","M","M","?","E","?","R","T","?","M","$","M","E","R","BOSS","M","?","M","M","?","M","NS","M","T","?","?","?","M","M","R","BOSS"],"items_purchased_type":["Card","Card","Card","Relic","Relic","Relic","Card","Card","Potion","Potion"],"build_version":"2020-12-22","purchased_purges":2,"victory":true,"max_hp_per_floor":[70,70,70,70,70,70,70,70,70,70,70,70,70,70,70,70,70,70,70,70,70,70,70,70,70,70,70,70,70,70,70,70,70,70,70,70,70,70,70,70,70,70,70,70,70,70,70,70,70,70],"card_choices":[{"not_picked":["Backflip","Prepared"],"picked":"Hidden Blade","floor":1.0},{"not_picked":["Finisher","ReplayTheSpireMod:Tripwire"],"picked":"Slice","floor":2.0},{"not_picked":["Flying Knee","Dagger Throw"],"picked":"Well Laid Plans","floor":3.0},{"not_picked":["Dagger Spray","Dash"],"picked":"Escape Plan","floor":4.0},{"not_picked":["Backflip","Sneak Up"],"picked":"Slice","floor":7.0},{"not_picked":["ReplayTheSpireMod:Speed Training","Dagger Throw"],"picked":"hubris:SlightOfHand","floor":8.0},{"not_picked":["Eviscerate","hubris:SlightOfHand"],"picked":"Prepared","floor":12.0},{"not_picked":["Burst","Glass Knife"],"picked":"After Image","floor":16.0},{"not_picked":["Dagger Throw+1","Flying Knee"],"picked":"hubris:Sniper+1","floor":18.0},{"not_picked":["ReplayTheSpireMod:Shiv Toss+1","PiercingWail"],"picked":"Slice","floor":20.0},{"not_picked":["Blade Dance","Phantasmal Killer"],"picked":"Tactician","floor":21.0},{"not_picked":["Terror","Burst","Dash"],"picked":"SKIP","floor":23.0},{"not_picked":["Expertise","PiercingWail"],"picked":"Choke","floor":28.0},{"not_picked":["Hidden Blade","Predator","ReplayTheSpireMod:Speed Training"],"picked":"SKIP","floor":30.0},{"not_picked":["Doppelganger","Dagger Spray"],"picked":"Dagger Throw+1","floor":31.0},{"not_picked":["Venomology","ReplayTheSpireMod:From All Sides"],"picked":"A Thousand Cuts","floor":33.0},{"not_picked":["Prepared","Poisoned Stab+1"],"picked":"Blade Dance+1","floor":35.0},{"not_picked":["Hidden Blade","Heel Hook","Poisoned Stab+1"],"picked":"SKIP","floor":37},{"not_picked":["Hidden Blade","Outmaneuver+1"],"picked":"hubris:Sniper+1","floor":38},{"not_picked":["Crippling Poison","ReplayTheSpireMod:Shiv Toss+1","Sucker Punch+1"],"picked":"SKIP","floor":40},{"not_picked":["Leg Sweep+1","Dagger Spray+1"],"picked":"Reflex+1","floor":42},{"not_picked":["Deadly Poison","Dodge and Roll"],"picked":"hubris:Sniper","floor":45},{"not_picked":["Outmaneuver","Well Laid Plans+1","Deadly Poison+1"],"picked":"SKIP","floor":47},{"not_picked":["Hidden Blade+1","Poisoned Stab+1","Noxious Fumes"],"picked":"SKIP","floor":48}],"player_experience":26205,"relics_obtained":[{"floor":7.0,"key":"Regal Pillow"},{"floor":8.0,"key":"Bag of Preparation"},{"floor":9.0,"key":"Replay:Wax Seal"},{"floor":10.0,"key":"Ring of Peace"},{"floor":10.0,"key":"ReplayTheSpireMod:Ring of Challenge"},{"floor":12.0,"key":"hubris:OldNail"},{"floor":23.0,"key":"Oddly Smooth Stone"},{"floor":26.0,"key":"Garlic"},{"floor":31.0,"key":"Orichalcum"},{"floor":31.0,"key":"MawBank"},{"floor":43,"key":"Paper Crane"}],"event_choices":[{"damage_healed":0.0,"max_hp_gain":0.0,"max_hp_loss":0.0,"gold_gain":0.0,"event_name":"World of Goop","player_choice":"Left Gold","floor":11.0,"gold_loss":35.0,"damage_taken":0.0},{"damage_healed":0.0,"max_hp_gain":0.0,"max_hp_loss":0.0,"gold_gain":0.0,"event_name":"Drug Dealer","player_choice":"Inject Mutagens","floor":22.0,"gold_loss":0.0,"damage_taken":0.0,"relics_obtained":["MutagenicStrength"]},{"damage_healed":0.0,"max_hp_gain":0.0,"max_hp_loss":0.0,"gold_gain":0.0,"event_name":"Winding Halls","player_choice":"Embrace Madness","floor":36.0,"gold_loss":0.0,"damage_taken":9.0,"cards_obtained":["Madness","Madness"]},{"damage_healed":0,"gold_gain":0,"player_choice":"Upgrade","damage_taken":0,"relics_obtained":["Mark of the Bloom"],"max_hp_gain":0,"max_hp_loss":0,"event_name":"MindBloom","floor":39,"gold_loss":0,"cards_upgraded":["Strike_G","Strike_G","Strike_G","Defend_G","Defend_G","Defend_G","Defend_G","Defend_G","Survivor","Neutralize","Hidden Blade","Slice","Escape Plan","Slice","hubris:SlightOfHand","hubris:SlightOfHand","Underhanded Strike","After Image","Slice","Choke","Fluid Movement","Dagger Throw","A Thousand Cuts","Madness","Madness"]},{"damage_healed":0,"gold_gain":0,"player_choice":"Ignored","damage_taken":0,"max_hp_gain":0,"max_hp_loss":0,"event_name":"SecretPortal","floor":44,"gold_loss":0}],"is_beta":false,"boss_relics":[{"not_picked":["Replay:Wanted Poster","Tiny House"],"picked":"hubris:VirtuousBlindfold"},{"not_picked":["Velvet Choker","Empty Cage"],"picked":"SacredBark"}],"items_purged_floors":[13,29],"is_endless":false,"potions_floor_spawned":[3,4,7,16,20,21,28,30,38,42,48],"ascension_level":0}}