{"host":"q3i87yx2dgqr54co","time":1609818943,"event":{"mods":["BaseMod","Block Reminder","Colored Map","Colored Powertips","DeckTracker","Highlight Path","Minty Spire (QoL Compilation)","Permanent Neow","Potionbrewer","Quick Restart","Relic Sorter","Relic Stats","StSLib","The Bug Knight","The Gatherer","The Sage"],"gold_per_floor":[113,113,129,0,16,16,45,45,70,101,44,44,44,72,72,169,169,187,202,382,140,157,184,200,235,259,291,291,309,309,320,320,425,425,438,449,449,449,462,495,90,122,122,138,165,165,165,200,200,200,200,200,0,31,31],"floor_reached":56,"playtime":5184,"items_purged":["Strike_G"],"score":1537,"play_id":"6f4b241f-5317-442f-b436-5c40e0b0764b","local_time":"20210104225543","is_ascension_mode":true,"campfire_choices":[{"data":"Envenom","floor":6.0,"key":"SMITH"},{"floor":8.0,"key":"RECALL"},{"floor":12.0,"key":"REST"},{"data":"Blade Dance","floor":15.0,"key":"SMITH"},{"floor":28.0,"key":"REST"},{"floor":32.0,"key":"REST"},{"floor":46.0,"key":"REST"},{"floor":49.0,"key":"REST"},{"floor":52.0,"key":"REST"}],"circlet_count":0,"master_deck":["Strike_G","Strike_G","Strike_G","Strike_G","Defend_G","Defend_G","Defend_G","Defend_G","Defend_G","Survivor","Neutralize","Blade Dance+1","Reflex","Envenom+1","Slice","Dash","Blade Dance+1","Bane+1","Masterful Stab","Infinite Blades+1","Blade Dance","Venomology","Infinite Blades","Blade Dance","Noxious Fumes","Prepared","Backstab+1","Accuracy","Backstab+1","Calculated Gamble","Slice+1","Corpse Explosion","Wraith Form v2","Escape Plan","Writhe","Accuracy","Accuracy+1","Prepared+1","Blade Dance","Backstab","Accuracy+1","Backstab+1","Cloak And Dagger","Escape Plan","Choke"],"relics":["Ring of the Snake","Centennial Puzzle","MawBank","Nunchaku","WristBlade","PreservedInsect","Ancient Tea Set","Lantern","Anchor","Tiny Chest","Fusion Hammer","MealTicket","Potion Belt","Paper Crane","War Paint","Mango","Regal Pillow","Thread and Needle","Whetstone","Pen Nib"],"acts_visited":["Exordium","TheCity","TheBeyond","TheEnding"],"potions_floor_usage":[55,55,55,55,55],"damage_taken":[{"damage":2.0,"enemies":"Jaw Worm","floor":1.0,"turns":7.0},{"damage":1.0,"enemies":"Cultist","floor":3.0,"turns":3.0},{"damage":2.0,"enemies":"Small Slimes","floor":5.0,"turns":3.0},{"damage":14.0,"enemies":"Lagavulin","floor":7.0,"turns":8.0},{"damage":5.0,"enemies":"Exordium Thugs","floor":10.0,"turns":3.0},{"damage":4.0,"enemies":"3 Sentries","floor":14.0,"turns":4.0},{"damage":26.0,"enemies":"Hexaghost","floor":16.0,"turns":7.0},{"damage":2.0,"enemies":"Shell Parasite","floor":18.0,"turns":3.0},{"damage":0.0,"enemies":"Chosen","floor":19.0,"turns":3.0},{"damage":5.0,"enemies":"Shelled Parasite and Fungi","floor":22.0,"turns":2.0},{"damage":25.0,"enemies":"Book of Stabbing","floor":23.0,"turns":4.0},{"damage":0.0,"enemies":"Cultist and Chosen","floor":24.0,"turns":3.0},{"damage":0.0,"enemies":"Gremlin Leader","floor":25.0,"turns":3.0},{"damage":15.0,"enemies":"Slavers","floor":27.0,"turns":2.0},{"damage":12.0,"enemies":"Snake Plant","floor":29.0,"turns":3.0},{"damage":0.0,"enemies":"Shelled Parasite and Fungi","floor":31.0,"turns":2.0},{"damage":45.0,"enemies":"Automaton","floor":33.0,"turns":5.0},{"damage":18.0,"enemies":"3 Shapes","floor":35.0,"turns":7.0},{"damage":11.0,"enemies":"3 Darklings","floor":36.0,"turns":5.0},{"damage":21.0,"enemies":"Writhing Mass","floor":39.0,"turns":5.0},{"damage":30.0,"enemies":"Reptomancer","floor":40.0,"turns":4.0},{"damage":0.0,"enemies":"Nemesis","floor":42.0,"turns":3.0},{"damage":22.0,"enemies":"Maw","floor":44.0,"turns":5.0},{"damage":1.0,"enemies":"Reptomancer","floor":45.0,"turns":4.0},{"damage":0.0,"enemies":"HollowMod:StalkingDevout","floor":48.0,"turns":4.0},{"damage":36.0,"enemies":"Awakened One","floor":50.0,"turns":8.0},{"damage":14.0,"enemies":"Shield and Spear","floor":54.0,"turns":4.0},{"damage":115,"enemies":"The Heart","floor":55,"turns":6}],"seed_played":"-7222414079214190978","potions_obtained":[{"floor":0.0,"key":"potionbrewer:BarricadePotion"},{"floor":0.0,"key":"potionbrewer:AcidPotion"},{"floor":0.0,"key":"sagemod:Wine"},{"floor":3.0,"key":"SpeedPotion"},{"floor":10.0,"key":"Weak Potion"},{"floor":16.0,"key":"Explosive Potion"},{"floor":18.0,"key":"potionbrewer:SplittingPotion"},{"floor":22.0,"key":"potionbrewer:BarricadePotion"},{"floor":29.0,"key":"Regen Potion"},{"floor":33.0,"key":"Strength Potion"},{"floor":44.0,"key":"ColorlessPotion"},{"floor":54.0,"key":"Swift Potion"}],"is_trial":false,"path_per_floor":["M","?","M","$","M","R","E","R","T","M","$","R","?","E","R","B",null,"M","M","?","$","M","E","M","E","T","E","R","M","?","M","R","B",null,"M","M","?","?","M","E","$","E","T","M","E","R","T","E","R","B",null,"R","$","E","B",null],"character_chosen":"THE_SILENT","items_purchased":["Envenom","Slice","Dash","Infinite Blades","PreservedInsect","Noxious Fumes","Prepared","Blade Dance","Backstab","Potion Belt","Fire Potion","potionbrewer:SplittingPotion","Dexterity Potion","potionbrewer:CleansingPotion","Whetstone"],"campfire_rested":6,"item_purchase_floors":[4,4,4,11,21,21,21,41,41,41,41,41,41,53,53],"current_hp_per_floor":[68,73,72,72,70,70,56,56,56,51,51,73,73,69,69,43,75,73,73,54,54,49,24,24,24,24,9,31,19,19,19,41,11,75,57,46,65,65,44,14,29,29,29,7,20,46,46,46,87,51,89,89,89,75,24],"gold":31,"neow_bonus":"THREE_SMALL_POTIONS","is_daily":false,"chose_seed":false,"campfire_upgraded":2,"win_rate":0.0,"timestamp":1609818943,"path_taken":["M","?","M","?","M","R","E","R","T","?","$","R","?","E","R","BOSS","M","M","?","$","?","E","M","E","T","E","R","M","?","M","R","BOSS","M","M","?","?","M","E","$","E","T","?","E","R","?","E","R","BOSS","R","$","E","BOSS"],"items_purchased_type":["Card","Card","Card","Card","Relic","Card","Card","Card","Card","Relic","Potion","Potion","Potion","Potion","Relic"],"build_version":"2020-12-22","purchased_purges":1,"victory":true,"max_hp_per_floor":[70,75,75,75,75,75,75,75,75,75,75,75,75,75,75,75,75,75,75,75,75,75,75,75,75,75,75,75,75,75,75,75,75,75,75,75,75,75,75,75,75,75,75,75,89,89,89,89,89,89,89,89,89,89,89],"relic_stats":{"Regal Pillow":15,"counters":[28,120],"PreservedInsect":424,"Pen Nib":[3],"Whetstone":["Bane","Backstab"],"War Paint":["Blade Dance","Prepared"],"MawBank":24,"Centennial Puzzle":[54],"Nunchaku":[41],"Tiny Chest":1,"MealTicket":15,"obtain_stats":[{"Potion Belt":41,"Lantern":25,"Regal Pillow":47,"Mango":45,"Thread and Needle":48,"PreservedInsect":21,"Pen Nib":54,"Whetstone":53,"Paper Crane":42,"War Paint":43,"MawBank":9,"Ancient Tea Set":23,"Centennial Puzzle":7,"Nunchaku":14,"Anchor":27,"WristBlade":17,"Tiny Chest":30,"MealTicket":40,"Fusion Hammer":34,"Ring of the Snake":0},{"Potion Belt":21,"Lantern":13,"Regal Pillow":24,"Mango":24,"Thread and Needle":25,"PreservedInsect":9,"Pen Nib":27,"Whetstone":26,"Paper Crane":22,"War Paint":22,"MawBank":4,"Ancient Tea Set":11,"Centennial Puzzle":4,"Nunchaku":6,"Anchor":14,"WristBlade":7,"Tiny Chest":15,"MealTicket":21,"Fusion Hammer":17,"Ring of the Snake":0},{"Potion Belt":86,"Lantern":53,"Regal Pillow":98,"Mango":98,"Thread and Needle":102,"PreservedInsect":41,"Pen Nib":114,"Whetstone":110,"Paper Crane":89,"War Paint":89,"MawBank":21,"Ancient Tea Set":47,"Centennial Puzzle":21,"Nunchaku":28,"Anchor":55,"WristBlade":35,"Tiny Chest":58,"MealTicket":86,"Fusion Hammer":65,"Ring of the Snake":0}],"Ring of the Snake":[56]},"card_choices":[{"not_picked":["Predator","Skewer"],"picked":"Blade Dance","floor":1.0},{"not_picked":["Sucker Punch","Deflect"],"picked":"Reflex","floor":3.0},{"not_picked":["Poisoned Stab","Bouncing Flask"],"picked":"Blade Dance","floor":5.0},{"not_picked":["Glass Knife","Backflip"],"picked":"Bane","floor":7.0},{"not_picked":["Predator","Dagger Throw"],"picked":"Masterful Stab","floor":10.0},{"not_picked":["Heel Hook","Sucker Punch"],"picked":"Blade Dance","floor":14.0},{"not_picked":["Malaise","Night Terror"],"picked":"Venomology","floor":16.0},{"not_picked":["Crippling Poison","Reflex"],"picked":"Infinite Blades","floor":18.0},{"not_picked":["Finisher","Underhanded Strike"],"picked":"Blade Dance","floor":19.0},{"not_picked":["Dagger Throw","Dodge and Roll","Poisoned Stab+1"],"picked":"SKIP","floor":22.0},{"not_picked":["Well Laid Plans","Bane"],"picked":"Backstab+1","floor":23.0},{"not_picked":["Blade Dance","Backflip"],"picked":"Accuracy","floor":24.0},{"not_picked":["Unload","Flying Knee"],"picked":"Backstab+1","floor":25.0},{"not_picked":["Noxious Fumes","Riddle With Holes"],"picked":"Calculated Gamble","floor":27.0},{"not_picked":["Deflect","Sucker Punch+1"],"picked":"Slice+1","floor":29.0},{"not_picked":["Slice+1","Noxious Fumes"],"picked":"Corpse Explosion","floor":31.0},{"not_picked":["Adrenaline","Bullet Time"],"picked":"Wraith Form v2","floor":33.0},{"not_picked":["Reflex+1","PiercingWail","Poisoned Stab+1"],"picked":"SKIP","floor":35.0},{"not_picked":["Quick Slash","Leg Sweep+1"],"picked":"Escape Plan","floor":36.0},{"not_picked":["Noxious Fumes+1","Expertise+1"],"picked":"Accuracy+1","floor":39.0},{"not_picked":["Calculated Gamble","Dagger Throw"],"picked":"Prepared","floor":40.0},{"not_picked":["Finisher","Expertise"],"picked":"Accuracy+1","floor":42.0},{"not_picked":["Flechettes+1","Slice+1"],"picked":"Backstab","floor":44.0},{"not_picked":["Blur+1","Die Die Die"],"picked":"Cloak And Dagger","floor":45.0},{"not_picked":["Blur+1","Underhanded Strike"],"picked":"Escape Plan","floor":48.0},{"not_picked":["Leg Sweep","Tactician+1"],"picked":"Choke","floor":54.0}],"player_experience":128610,"relics_obtained":[{"floor":7.0,"key":"Centennial Puzzle"},{"floor":9.0,"key":"MawBank"},{"floor":14.0,"key":"Nunchaku"},{"floor":23.0,"key":"Ancient Tea Set"},{"floor":25.0,"key":"Lantern"},{"floor":27.0,"key":"Anchor"},{"floor":40.0,"key":"MealTicket"},{"floor":42.0,"key":"Paper Crane"},{"floor":43.0,"key":"War Paint"},{"floor":45.0,"key":"Mango"},{"floor":47.0,"key":"Regal Pillow"},{"floor":48.0,"key":"Thread and Needle"},{"floor":54.0,"key":"Pen Nib"}],"event_choices":[{"damage_healed":0.0,"max_hp_gain":5.0,"max_hp_loss":0.0,"gold_gain":0.0,"event_name":"Big Fish","player_choice":"Donut","floor":2.0,"gold_loss":0.0,"damage_taken":0.0},{"damage_healed":0.0,"max_hp_gain":0.0,"max_hp_loss":0.0,"gold_gain":0.0,"event_name":"Upgrade Shrine","player_choice":"Upgraded","floor":13.0,"gold_loss":0.0,"damage_taken":0.0,"cards_upgraded":["Infinite Blades"]},{"damage_healed":0.0,"max_hp_gain":0.0,"max_hp_loss":0.0,"gold_gain":180.0,"event_name":"Knowing Skull","player_choice":"GOLD GOLD ","floor":20.0,"potions_obtained":[],"gold_loss":0.0,"damage_taken":19.0,"cards_obtained":[]},{"damage_healed":0.0,"max_hp_gain":0.0,"max_hp_loss":0.0,"gold_gain":0.0,"event_name":"The Mausoleum","player_choice":"Opened","floor":30.0,"gold_loss":0.0,"damage_taken":0.0,"relics_obtained":["Tiny Chest"]},{"damage_healed":19.0,"max_hp_gain":0.0,"max_hp_loss":0.0,"gold_gain":0.0,"event_name":"Winding Halls","player_choice":"Writhe","floor":37.0,"gold_loss":0.0,"damage_taken":0.0,"cards_obtained":["Writhe"]},{"damage_healed":0.0,"max_hp_gain":0.0,"max_hp_loss":0.0,"gold_gain":0.0,"event_name":"Match and Keep!","player_choice":"1 cards matched","floor":38.0,"gold_loss":0.0,"damage_taken":0.0,"cards_obtained":["Accuracy"]}],"is_beta":false,"boss_relics":[{"not_picked":["Runic Dome","Ring of the Serpent"],"picked":"WristBlade"},{"not_picked":["Busted Crown","SacredBark"],"picked":"Fusion Hammer"}],"items_purged_floors":[41],"is_endless":false,"potions_floor_spawned":[3,10,16,18,22,29,33,35,36,39,44,54],"ascension_level":1}}