{"host":"9w1j3v3kvq5208ps","time":1609851441,"event":{"mods":["2.2 Compatiblity","BaseMod","CapriCore","Colored Map","DeckTracker","Highlight Path","Keyboard Shortcuts","Minty Spire (QoL Compilation)","Permanent Neow","Quick Restart","StSLib","SuperFastMode","The Immortal","everything is the same but u backflip on backflip"],"gold_per_floor":[118,118,40,54,70,70,89,89,115,147,147,164,180,79,79,180,180,199,298,313,92,107,107,107,107],"floor_reached":24,"playtime":1257,"items_purged":["Strike_G"],"score":248,"play_id":"55187466-6854-4590-9718-5cd86328435d","local_time":"20210105215721","is_ascension_mode":true,"campfire_choices":[{"data":"Crippling Poison","floor":6,"key":"SMITH"},{"data":"Deadly Poison","floor":8,"key":"SMITH"},{"data":"Venomology","floor":11,"key":"SMITH"},{"data":"Terror","floor":15,"key":"SMITH"},{"data":"Footwork","floor":23,"key":"SMITH"}],"circlet_count":0,"master_deck":["Strike_G+1","Strike_G","Strike_G+1","Defend_G","Defend_G","Defend_G","Survivor","Neutralize","Crippling Poison+1","Accuracy","Terror+1","Deadly Poison+1","Dodge and Roll","Venomology+1","Deadly Poison","Acrobatics","Prepared","Adrenaline","Footwork+1","Dash+1","Catalyst","Underhanded Strike"],"relics":["Ring of the Snake","Snake Skull","Tiny Chest","Whetstone","Empty Cage","TwistedFunnel"],"acts_visited":["Exordium","TheCity"],"potions_floor_usage":[16,16,16,18,22,22],"damage_taken":[{"damage":7,"enemies":"Jaw Worm","floor":1,"turns":9},{"damage":0,"enemies":"Cultist","floor":4,"turns":5},{"damage":0,"enemies":"Small Slimes","floor":5,"turns":4},{"damage":4,"enemies":"Blue Slaver","floor":7,"turns":4},{"damage":8,"enemies":"Lagavulin","floor":10,"turns":5},{"damage":0,"enemies":"Large Slime","floor":12,"turns":4},{"damage":1,"enemies":"2 Fungi Beasts","floor":13,"turns":3},{"damage":1,"enemies":"Hexaghost","floor":16,"turns":8},{"damage":2,"enemies":"Chosen","floor":18,"turns":4},{"damage":10,"enemies":"3 Byrds","floor":20,"turns":4},{"damage":9,"enemies":"Shelled Parasite and Fungi","floor":22,"turns":3},{"damage":55,"enemies":"Gremlin Leader","floor":24,"turns":5}],"seed_played":"-1663736608934623645","potions_obtained":[{"floor":1,"key":"CultistPotion"},{"floor":12,"key":"Swift Potion"},{"floor":13,"key":"EssenceOfSteel"},{"floor":16,"key":"SpeedPotion"},{"floor":22,"key":"GamblersBrew"}],"is_trial":false,"path_per_floor":["M","?","$","M","M","R","M","R","T","E","R","M","M","$","R","B",null,"M","?","M","$","M","R","E"],"character_chosen":"THE_SILENT","items_purchased":["Accuracy","Prepared","Catalyst","TwistedFunnel"],"campfire_rested":0,"item_purchase_floors":[3,14,21,21],"current_hp_per_floor":[63,63,63,63,63,63,59,59,59,51,51,51,50,50,50,49,65,63,63,53,53,44,44,0,0],"gold":107,"neow_bonus":"REMOVE_CARD","is_daily":false,"chose_seed":false,"campfire_upgraded":5,"win_rate":0.0,"timestamp":1609851441,"path_taken":["M","?","$","M","?","R","M","R","T","E","R","M","M","$","R","BOSS","M","?","M","$","M","R","E"],"items_purchased_type":["Card","Card","Card","Relic"],"build_version":"2020-12-22","purchased_purges":1,"victory":false,"max_hp_per_floor":[70,70,70,70,70,70,70,70,70,70,70,70,70,70,70,70,70,70,70,70,70,70,70,70,70],"card_choices":[{"not_picked":["Backflip","Riddle With Holes"],"picked":"Crippling Poison","floor":1},{"not_picked":["Tactician","Dagger Spray"],"picked":"Terror","floor":4},{"not_picked":["Endless Agony","Slice"],"picked":"Deadly Poison","floor":5},{"not_picked":["Choke","Dagger Throw"],"picked":"Dodge and Roll","floor":7},{"not_picked":["Unload","Caltrops"],"picked":"Venomology","floor":10},{"not_picked":["Choke","Masterful Stab"],"picked":"Deadly Poison","floor":12},{"not_picked":["Terror","All Out Attack"],"picked":"Acrobatics","floor":13},{"not_picked":["Phantasmal Killer","A Thousand Cuts"],"picked":"Adrenaline","floor":16},{"not_picked":["Reflex","Flying Knee"],"picked":"Footwork","floor":18},{"not_picked":["Quick Slash","Backstab"],"picked":"Dash+1","floor":20},{"not_picked":["Deflect","Flying Knee"],"picked":"Underhanded Strike","floor":22}],"player_experience":213865,"relics_obtained":[{"floor":2,"key":"Snake Skull"},{"floor":9,"key":"Tiny Chest"},{"floor":10,"key":"Whetstone"}],"event_choices":[{"damage_healed":0,"gold_gain":0,"player_choice":"Relic","damage_taken":0,"max_hp_gain":0,"max_hp_loss":0,"event_name":"Wheel of Change","floor":2,"gold_loss":0},{"damage_healed":0,"gold_gain":99,"player_choice":"Stole From Cult","damage_taken":0,"max_hp_gain":0,"max_hp_loss":0,"event_name":"Nest","floor":19,"gold_loss":0}],"is_beta":false,"boss_relics":[{"not_picked":["Calling Bell","Tiny House"],"picked":"Empty Cage"}],"items_purged_floors":[14],"is_endless":false,"potions_floor_spawned":[1,12,13,16,20,22],"killed_by":"Gremlin Leader","ascension_level":5}}