{"host":"hbvn1mkfq2iixsau","time":1609868988,"event":{"mods":["AchievementEnabler","Act Like it!","BaseMod","Better Altar","Better Match","Better Sensory Stone","Better Skull","Better Third Choice","Challenge The Spire","Colored Map","Displayed Cursed Tome","Filter the Spire","Minty Spire (QoL Compilation)","Quick Restart","Relic Stats","Shop Mod","StSLib"],"gold_per_floor":[526,58,87,116,147,147,147,147,190,228,267,267,267,123,158,195,236,271],"floor_reached":19,"playtime":755,"items_purged":[],"score":345,"play_id":"0baf5893-6321-40dc-9fb6-ac69784f0ef8","local_time":"20210105194948","daily_mods":["challengethespire:Bronze Difficulty","challengethespire:Elite Rush","Uncertain Future"],"is_ascension_mode":false,"campfire_choices":[{"data":"Mayhem","floor":8,"key":"SMITH"},{"data":"Inflame","floor":13,"key":"SMITH"}],"circlet_count":0,"master_deck":["Strike_R","Strike_R","Strike_R","Strike_R","Strike_R","Defend_R","Defend_R","Defend_R","Defend_R","Bash","Pummel","Mayhem+1","Clash","Clash","Inflame+1","Bludgeon","Inflame+1","Immolate","Pummel","Sword Boomerang","Pummel"],"relics":["Burning Blood","Black Star","Sling","PreservedInsect","Pen Nib","Pear","Red Skull","Lantern","Bag of Preparation","Paper Frog","Self Forming Clay","Potion Belt","Kunai","Bottled Tornado","SlaversCollar","Frozen Egg 2","CeramicFish","Gremlin Horn","Shuriken","Regal Pillow","Bottled Flame","Velvet Choker","Brimstone","Lizard Tail","Dead Branch","Sundial","Art of War","Boot","Blood Vial","StoneCalendar","Toy Ornithopter"],"acts_visited":["Exordium"],"potions_floor_usage":[],"damage_taken":[{"damage":9,"enemies":"3 Sentries","floor":3,"turns":4},{"damage":0,"enemies":"Gremlin Nob","floor":4,"turns":2},{"damage":0,"enemies":"Lagavulin","floor":5,"turns":2},{"damage":8,"enemies":"Gremlin Leader","floor":9,"turns":3},{"damage":9,"enemies":"Slavers","floor":10,"turns":3},{"damage":22,"enemies":"Book of Stabbing","floor":11,"turns":3},{"damage":3,"enemies":"Giant Head","floor":15,"turns":3},{"damage":17,"enemies":"Reptomancer","floor":16,"turns":3},{"damage":42,"enemies":"Nemesis","floor":17,"turns":3},{"damage":26,"enemies":"Shield and Spear","floor":18,"turns":2}],"seed_played":"4566268185155510080","potions_obtained":[{"floor":4,"key":"SkillPotion"},{"floor":9,"key":"Dexterity Potion"},{"floor":16,"key":"SneckoOil"}],"is_trial":true,"path_per_floor":["$","$","E","E","E","T","$","R","E","E","E","T","R","$","E","E","E","E",null],"character_chosen":"IRONCLAD","items_purchased":["Pen Nib","Pummel","Pear","Red Skull","Lantern","Mayhem","Brimstone"],"campfire_rested":0,"item_purchase_floors":[1,1,1,2,2,2,14],"current_hp_per_floor":[90,90,87,90,90,90,90,90,88,85,69,69,69,69,72,61,25,7],"gold":271,"neow_bonus":"","is_daily":false,"chose_seed":false,"campfire_upgraded":2,"win_rate":0.0,"timestamp":1609868988,"path_taken":["$","$","E","E","E","T","$","R","E","E","E","T","R","$","E","E","E","E"],"items_purchased_type":["Relic","Card","Relic","Relic","Relic","Card","Relic"],"build_version":"2020-12-22","purchased_purges":0,"victory":true,"max_hp_per_floor":[90,90,90,90,90,90,90,90,90,90,90,90,90,90,90,90,90,90],"relic_stats":{"Regal Pillow":0,"Gremlin Horn":[4,4],"counters":[10,28],"Self Forming Clay":[42],"CeramicFish":54,"Dead Branch":[2],"StoneCalendar":[0],"PreservedInsect":507,"Pen Nib":[7],"Bag of Preparation":[18],"Boot":[0],"Burning Blood":51,"Blood Vial":2,"Lizard Tail":0,"Shuriken":[8],"Sundial":[0],"Black Star":10,"Art of War":[0],"Kunai":[13],"obtain_stats":[{"Lantern":2,"Regal Pillow":11,"Gremlin Horn":10,"CeramicFish":9,"StoneCalendar":18,"Bag of Preparation":3,"Bottled Tornado":5,"Sling":0,"Boot":17,"Burning Blood":0,"Blood Vial":17,"Lizard Tail":15,"Sundial":16,"Kunai":5,"Red Skull":2,"Paper Frog":3,"Potion Belt":4,"Pear":1,"Self Forming Clay":4,"Dead Branch":15,"Velvet Choker":12,"PreservedInsect":0,"Pen Nib":1,"Frozen Egg 2":9,"SlaversCollar":6,"Bottled Flame":11,"Shuriken":10,"Brimstone":14,"Black Star":0,"Art of War":16,"Toy Ornithopter":18},{"Lantern":0,"Regal Pillow":6,"Gremlin Horn":5,"CeramicFish":4,"StoneCalendar":10,"Bag of Preparation":1,"Bottled Tornado":3,"Sling":0,"Boot":9,"Burning Blood":0,"Blood Vial":9,"Lizard Tail":7,"Sundial":8,"Kunai":3,"Red Skull":0,"Paper Frog":1,"Potion Belt":2,"Pear":0,"Self Forming Clay":2,"Dead Branch":7,"Velvet Choker":6,"PreservedInsect":0,"Pen Nib":0,"Frozen Egg 2":4,"SlaversCollar":3,"Bottled Flame":6,"Shuriken":5,"Brimstone":6,"Black Star":0,"Art of War":8,"Toy Ornithopter":10},{"Lantern":0,"Regal Pillow":17,"Gremlin Horn":14,"CeramicFish":11,"StoneCalendar":28,"Bag of Preparation":4,"Bottled Tornado":8,"Sling":0,"Boot":26,"Burning Blood":0,"Blood Vial":26,"Lizard Tail":20,"Sundial":23,"Kunai":8,"Red Skull":0,"Paper Frog":4,"Potion Belt":6,"Pear":0,"Self Forming Clay":6,"Dead Branch":20,"Velvet Choker":17,"PreservedInsect":0,"Pen Nib":0,"Frozen Egg 2":11,"SlaversCollar":8,"Bottled Flame":17,"Shuriken":14,"Brimstone":17,"Black Star":0,"Art of War":23,"Toy Ornithopter":28}],"Toy Ornithopter":0},"card_choices":[],"player_experience":229628,"relics_obtained":[{"floor":3,"key":"Bag of Preparation"},{"floor":3,"key":"Paper Frog"},{"floor":4,"key":"Self Forming Clay"},{"floor":4,"key":"Potion Belt"},{"floor":5,"key":"Kunai"},{"floor":5,"key":"Bottled Tornado"},{"floor":9,"key":"Frozen Egg 2"},{"floor":9,"key":"CeramicFish"},{"floor":10,"key":"Gremlin Horn"},{"floor":10,"key":"Shuriken"},{"floor":11,"key":"Regal Pillow"},{"floor":11,"key":"Bottled Flame"},{"floor":15,"key":"Lizard Tail"},{"floor":15,"key":"Dead Branch"},{"floor":16,"key":"Sundial"},{"floor":16,"key":"Art of War"},{"floor":17,"key":"Boot"},{"floor":17,"key":"Blood Vial"},{"floor":18,"key":"StoneCalendar"},{"floor":18,"key":"Toy Ornithopter"}],"event_choices":[],"is_beta":false,"boss_relics":[{"not_picked":["SacredBark","Empty Cage"],"picked":"SlaversCollar"},{"not_picked":["Sozu","Runic Cube"],"picked":"Velvet Choker"}],"items_purged_floors":[],"is_endless":false,"potions_floor_spawned":[4,9,16],"ascension_level":0}}