{"host":"mqpbkea33q7k5ozs","time":1609862637,"event":{"mods":["AchievementEnabler","BaseMod","Colored Map","Highlight Path","Minty Spire (QoL Compilation)"],"gold_per_floor":[163,163,163,173,173,248,264,264,264,264,278,278,296,309,309,409,409,427,438,64,264,264,264],"floor_reached":22,"playtime":731,"items_purged":[],"score":214,"play_id":"3a30c258-729f-4221-91f4-b5de83ab18c8","local_time":"20210105110357","is_ascension_mode":true,"campfire_choices":[{"floor":8.0,"key":"REST"},{"floor":10.0,"key":"REST"},{"data":"Caltrops","floor":12.0,"key":"SMITH"},{"floor":15.0,"key":"REST"}],"circlet_count":0,"master_deck":["Strike_G+1","Strike_G","Strike_G","Strike_G","Strike_G","Defend_G","Defend_G","Defend_G","Defend_G+1","Defend_G+1","Survivor","Neutralize","Acrobatics","Dagger Throw","Dash","Regret","Deadly Poison","Deadly Poison","Caltrops+1","Crippling Poison","Flying Knee","Corpse Explosion","Poisoned Stab","Bouncing Flask","Terror"],"relics":["Tiny House","Du-Vu Doll","Black Star","TwistedFunnel","Oddly Smooth Stone"],"acts_visited":["Exordium","TheCity"],"potions_floor_usage":[],"damage_taken":[{"damage":3.0,"enemies":"Small Slimes","floor":1.0,"turns":4.0},{"damage":7.0,"enemies":"Jaw Worm","floor":2.0,"turns":4.0},{"damage":0.0,"enemies":"2 Louse","floor":4.0,"turns":2.0},{"damage":30.0,"enemies":"Gremlin Gang","floor":7.0,"turns":8.0},{"damage":2.0,"enemies":"Blue Slaver","floor":11.0,"turns":3.0},{"damage":13.0,"enemies":"Large Slime","floor":13.0,"turns":5.0},{"damage":4.0,"enemies":"3 Louse","floor":14.0,"turns":3.0},{"damage":54.0,"enemies":"Slime Boss","floor":16.0,"turns":8.0},{"damage":33.0,"enemies":"Spheric Guardian","floor":18.0,"turns":5.0},{"damage":19.0,"enemies":"3 Byrds","floor":19.0,"turns":4.0},{"damage":44,"enemies":"Cultist and Chosen","floor":22,"turns":4}],"seed_played":"-3154039095854672116","potions_obtained":[{"floor":0.0,"key":"Poison Potion"},{"floor":7.0,"key":"Dexterity Potion"},{"floor":11.0,"key":"Explosive Potion"},{"floor":13.0,"key":"SkillPotion"},{"floor":14.0,"key":"Energy Potion"}],"is_trial":false,"path_per_floor":["M","M","?","M","?","?","M","R","T","R","M","R","M","M","R","B",null,"M","M","$","?","M"],"character_chosen":"THE_SILENT","items_purchased":["TwistedFunnel","Oddly Smooth Stone","Terror"],"campfire_rested":3,"item_purchase_floors":[20,20,20],"current_hp_per_floor":[72,65,65,65,50,39,9,31,31,53,51,51,38,34,56,2,75,42,23,23,23,0,0],"gold":264,"neow_bonus":"BOSS_RELIC","is_daily":false,"chose_seed":false,"campfire_upgraded":1,"win_rate":0.0,"timestamp":1609862637,"path_taken":["M","M","?","M","?","?","?","R","T","R","M","R","M","M","R","BOSS","M","M","$","?","?"],"items_purchased_type":["Relic","Relic","Card"],"build_version":"2020-12-22","purchased_purges":0,"victory":false,"max_hp_per_floor":[75,75,75,75,75,75,75,75,75,75,75,75,75,75,75,75,75,75,75,75,75,75,75],"card_choices":[{"not_picked":["Underhanded Strike","Concentrate"],"picked":"Acrobatics","floor":0.0},{"not_picked":["Leg Sweep","Deflect"],"picked":"Dagger Throw","floor":1.0},{"not_picked":["Choke","Outmaneuver"],"picked":"Dash","floor":2.0},{"not_picked":["Well Laid Plans","Cloak And Dagger"],"picked":"Deadly Poison","floor":4.0},{"not_picked":["Outmaneuver","Sucker Punch"],"picked":"Deadly Poison","floor":7.0},{"not_picked":["Outmaneuver","Sucker Punch"],"picked":"Caltrops","floor":11.0},{"not_picked":["Reflex","Expertise"],"picked":"Crippling Poison","floor":13.0},{"not_picked":["Setup","Concentrate"],"picked":"Flying Knee","floor":14.0},{"not_picked":["Malaise","Unload"],"picked":"Corpse Explosion","floor":16.0},{"not_picked":["Sucker Punch+1","Backflip"],"picked":"Poisoned Stab","floor":18.0},{"not_picked":["Underhanded Strike+1","Quick Slash"],"picked":"Bouncing Flask","floor":19.0}],"player_experience":460828,"relics_obtained":[],"event_choices":[{"damage_healed":0.0,"max_hp_gain":0.0,"max_hp_loss":0.0,"gold_gain":0.0,"event_name":"Big Fish","player_choice":"Box","floor":3.0,"gold_loss":0.0,"damage_taken":0.0,"relics_obtained":["Du-Vu Doll"],"cards_obtained":["Regret"]},{"damage_healed":0.0,"max_hp_gain":0.0,"max_hp_loss":0.0,"gold_gain":0.0,"event_name":"Shining Light","player_choice":"Entered Light","floor":5.0,"gold_loss":0.0,"damage_taken":15.0,"cards_upgraded":["Defend_G","Defend_G"]},{"damage_healed":0.0,"max_hp_gain":0.0,"max_hp_loss":0.0,"gold_gain":75.0,"event_name":"World of Goop","player_choice":"Gather Gold","floor":6.0,"gold_loss":0.0,"damage_taken":11.0},{"damage_healed":0,"gold_gain":250,"player_choice":"Bet on Owner","damage_taken":0,"max_hp_gain":0,"max_hp_loss":0,"event_name":"The Joust","floor":21,"gold_loss":50}],"is_beta":false,"boss_relics":[{"not_picked":["Empty Cage","Runic Pyramid"],"picked":"Black Star"}],"items_purged_floors":[],"is_endless":false,"potions_floor_spawned":[7,11,13,14],"killed_by":"Cultist and Chosen","ascension_level":4}}