{"host":"sav7uxregyirlf69","time":1609832352,"event":{"mods":["AchievementEnabler","BaseMod","Colored Map","DeckTracker","Keyboard Shortcuts","Minty Spire (QoL Compilation)","READ ME - Guardian Mod","StSLib","SuperFastMode"],"gold_per_floor":[15,15,29,40,53,80,40,57,57,16,41,41,41,52,52,52,52],"floor_reached":16,"playtime":288,"items_purged":[],"score":229,"play_id":"089851bd-b270-41be-962b-5db073e84f0f","local_time":"20210105163912","is_ascension_mode":true,"campfire_choices":[{"data":"Bash","floor":15,"key":"SMITH"}],"circlet_count":0,"master_deck":["AscendersBane","Strike_R","Strike_R","Strike_R","Strike_R","Defend_R","Defend_R","Defend_R","Defend_R","Bash+1","Anger","Seeing Red","Wild Strike","Ghostly Armor","Feed","Armaments+1","Carnage","True Grit+1","Shrug It Off+1","Infernal Blade+1"],"relics":["Burning Blood","Toxic Egg 2","The Courier","Odd Mushroom"],"acts_visited":["Exordium"],"potions_floor_usage":[16],"damage_taken":[{"damage":14,"enemies":"Small Slimes","floor":1,"turns":4},{"damage":2,"enemies":"2 Louse","floor":3,"turns":3},{"damage":1,"enemies":"Cultist","floor":4,"turns":3},{"damage":9,"enemies":"2 Fungi Beasts","floor":5,"turns":4},{"damage":56,"enemies":"Gremlin Nob","floor":6,"turns":6},{"damage":0,"enemies":"3 Louse","floor":8,"turns":4},{"damage":14,"enemies":"The Mushroom Lair","floor":11,"turns":6},{"damage":7,"enemies":"Blue Slaver","floor":14,"turns":4},{"damage":53,"enemies":"The Guardian","floor":16,"turns":12}],"seed_played":"-8139287461872646192","potions_obtained":[{"floor":7,"key":"BlessingOfTheForge"},{"floor":7,"key":"SmokeBomb"},{"floor":11,"key":"GamblersBrew"}],"is_trial":false,"path_per_floor":["M","?","M","M","M","E","?","M","T","$","?","?","$","M","R","B"],"character_chosen":"IRONCLAD","items_purchased":["True Grit+1"],"campfire_rested":0,"item_purchase_floors":[10],"current_hp_per_floor":[74,74,78,83,80,30,30,39,39,39,34,65,65,64,64,11,11],"gold":52,"neow_bonus":"TWENTY_PERCENT_HP_BONUS","is_daily":false,"chose_seed":false,"campfire_upgraded":1,"win_rate":0.0,"timestamp":1609832352,"path_taken":["M","?","M","M","M","E","?","?","T","$","?","?","?","M","R","BOSS"],"items_purchased_type":["Card"],"build_version":"2020-12-22","purchased_purges":0,"victory":false,"max_hp_per_floor":[89,89,89,89,89,89,89,92,92,92,95,95,95,95,95,95,95],"card_choices":[{"not_picked":["Headbutt","Body Slam"],"picked":"Anger","floor":1},{"not_picked":["Sword Boomerang","Thunderclap"],"picked":"Wild Strike","floor":3},{"not_picked":["Clash","Sword Boomerang"],"picked":"Ghostly Armor","floor":4},{"not_picked":["Clothesline","Havoc"],"picked":"Feed","floor":5},{"not_picked":["Limit Break+1","Body Slam"],"picked":"Armaments+1","floor":6},{"not_picked":["Ghostly Armor+1","Havoc+1"],"picked":"Carnage","floor":8},{"not_picked":["Sever Soul","Havoc+1"],"picked":"Shrug It Off+1","floor":11},{"not_picked":["Flex+1","Combust"],"picked":"Infernal Blade+1","floor":14}],"player_experience":1145152,"relics_obtained":[{"floor":6,"key":"Toxic Egg 2"},{"floor":9,"key":"The Courier"},{"floor":11,"key":"Odd Mushroom"}],"event_choices":[{"damage_healed":0,"gold_gain":0,"cards_transformed":["Strike_R"],"player_choice":"Change","damage_taken":0,"max_hp_gain":0,"max_hp_loss":0,"event_name":"Living Wall","floor":2,"gold_loss":0,"cards_obtained":["Seeing Red"]},{"damage_healed":0,"gold_gain":0,"player_choice":"Bought 3 Potions","damage_taken":0,"max_hp_gain":0,"max_hp_loss":0,"event_name":"The Woman in Blue","floor":7,"gold_loss":0},{"damage_healed":0,"gold_gain":0,"player_choice":"Fought Mushrooms","damage_taken":0,"max_hp_gain":0,"max_hp_loss":0,"event_name":"Mushrooms","floor":11,"gold_loss":0},{"damage_healed":31,"gold_gain":0,"player_choice":"Banana","damage_taken":0,"max_hp_gain":0,"max_hp_loss":0,"event_name":"Big Fish","floor":12,"gold_loss":0}],"is_beta":false,"boss_relics":[],"items_purged_floors":[],"is_endless":false,"potions_floor_spawned":[11,14],"killed_by":"The Guardian","ascension_level":20}}