{"host":"sc0o2qwpf9j16a4i","time":1609846320,"event":{"mods":["AchievementEnabler","BaseMod","BetterRewards","Block Reminder","Colored Map","Colored Powertips","Custom Start","Highlight Path","Minty Spire (QoL Compilation)","Relic Stats"],"gold_per_floor":[109,109,109,120,39,39,72,96,108,120,150,188,232,263,275,364,376,308,308],"floor_reached":18,"playtime":561,"items_purged":[],"score":340,"play_id":"4d8c13b6-b2eb-494a-bbff-5fe3b54fd8d5","local_time":"20210105133200","is_ascension_mode":true,"campfire_choices":[{"floor":6,"key":"REST"},{"floor":10,"key":"REST"},{"floor":15,"key":"REST"}],"circlet_count":0,"master_deck":["AscendersBane","Strike_B","Strike_B","Strike_B","Defend_B","Defend_B","Defend_B","Defend_B","Zap","Dualcast","Genetic Algorithm","Compile Driver","Coolheaded","Lockon","Defragment","Sweeping Beam","Cold Snap","White Noise","Skim","Amplify"],"relics":["Cracked Core","MawBank","Oddly Smooth Stone","FossilizedHelix","Snecko Eye"],"acts_visited":["Exordium","TheCity"],"potions_floor_usage":[7,13,16,18],"damage_taken":[{"damage":2,"enemies":"Cultist","floor":1,"turns":4},{"damage":21,"enemies":"Jaw Worm","floor":4,"turns":6},{"damage":36,"enemies":"Gremlin Nob","floor":7,"turns":4},{"damage":8,"enemies":"2 Louse","floor":8,"turns":3},{"damage":4,"enemies":"Looter","floor":11,"turns":4},{"damage":8,"enemies":"3 Sentries","floor":13,"turns":10},{"damage":0,"enemies":"2 Fungi Beasts","floor":14,"turns":3},{"damage":2,"enemies":"The Guardian","floor":16,"turns":13},{"damage":14,"enemies":"2 Thieves","floor":18,"turns":3}],"seed_played":"3302336442988337426","potions_obtained":[{"floor":1,"key":"Fire Potion"},{"floor":8,"key":"SteroidPotion"},{"floor":13,"key":"GamblersBrew"},{"floor":16,"key":"Dexterity Potion"}],"is_trial":false,"path_per_floor":["M","?","?","M","$","R","E","M","T","R","M","T","E","M","R","B",null,"M"],"character_chosen":"DEFECT","items_purchased":["Genetic Algorithm","Compile Driver","FocusPotion","Defragment"],"campfire_rested":3,"item_purchase_floors":[0,0,0,5],"current_hp_per_floor":[62,55,60,39,39,61,25,17,17,39,35,35,27,27,49,47,69,55,55],"gold":308,"neow_bonus":"","is_daily":false,"chose_seed":false,"campfire_upgraded":0,"win_rate":0.0,"timestamp":1609846320,"path_taken":["M","?","?","M","$","R","E","M","T","R","M","?","E","?","R","BOSS","M"],"items_purchased_type":["Card","Card","Potion","Card"],"build_version":"2020-12-22","purchased_purges":0,"victory":false,"max_hp_per_floor":[71,71,76,76,76,76,76,76,76,76,76,76,76,76,76,76,76,76,76],"relic_stats":{"counters":[16,77],"Snecko Eye":[5,5,8,12],"MawBank":132,"obtain_stats":[{"OrangePellets":11,"Golden Idol":3,"Oddly Smooth Stone":12,"Snecko Eye":17,"War Paint":9,"Cracked Core":0,"MawBank":7,"InkBottle":10,"FossilizedHelix":13},{"OrangePellets":6,"Golden Idol":2,"Oddly Smooth Stone":12,"Snecko Eye":15,"War Paint":5,"Cracked Core":0,"MawBank":10,"InkBottle":6,"FossilizedHelix":13},{"OrangePellets":24,"Golden Idol":6,"Oddly Smooth Stone":48,"Snecko Eye":74,"War Paint":17,"Cracked Core":0,"MawBank":41,"InkBottle":24,"FossilizedHelix":58}]},"card_choices":[{"not_picked":["Rebound","Capacitor"],"picked":"Coolheaded","floor":1},{"not_picked":["Scrape","Hologram"],"picked":"Lockon","floor":4},{"not_picked":["Double Energy","Streamline"],"picked":"Sweeping Beam","floor":7},{"not_picked":["Stack","Sweeping Beam"],"picked":"Cold Snap","floor":8},{"not_picked":["Coolheaded","Go for the Eyes","Beam Cell"],"picked":"SKIP","floor":11},{"not_picked":["Multi-Cast","Redo"],"picked":"White Noise","floor":13},{"not_picked":["Cold Snap","Force Field"],"picked":"Skim","floor":14},{"not_picked":["Rainbow","Thunder Strike"],"picked":"Amplify","floor":16}],"player_experience":554254,"relics_obtained":[{"floor":7,"key":"MawBank"},{"floor":12,"key":"Oddly Smooth Stone"},{"floor":13,"key":"FossilizedHelix"}],"event_choices":[{"cards_removed":["Strike_B"],"damage_healed":0,"gold_gain":0,"player_choice":"Card Removal","damage_taken":7,"max_hp_gain":0,"max_hp_loss":0,"event_name":"Golden Wing","floor":2,"gold_loss":0},{"damage_healed":0,"gold_gain":0,"player_choice":"Donut","damage_taken":0,"max_hp_gain":5,"max_hp_loss":0,"event_name":"Big Fish","floor":3,"gold_loss":0}],"is_beta":false,"boss_relics":[{"not_picked":["Runic Pyramid","Calling Bell"],"picked":"Snecko Eye"}],"items_purged_floors":[],"is_endless":false,"potions_floor_spawned":[1,8,13,16],"killed_by":"2 Thieves","ascension_level":20}}