{"host":"aryhiqwk5b07l19u","time":1609856931,"event":{"mods":["Act Like it!","Arknights The Spire","BaseMod","Better Third Choice","Colored Powertips","Gensokyo","HololiveMod","Koishi","Marisa£®ÏF”Í°°ƒß¿Ì…≥£©","Minty Spire (QoL Compilation)","Quick Restart","Rare Cards Sparkle","Reimu£®≤©¿ˆ¡È√Œ£©","Relic Stats","Remilia£®¿Ÿ√◊¿Ú—«£©","Replay The Spire","StSLib","The Administrix","The Construct","The Servant 0.9.4","Yakumo Yukari mod","Youmu£®ªÍ∆«—˝√Œ£©","Yuyuko","noobMod"],"gold_per_floor":[119,119,119,146,146,182,13,48,48,61,61,81,81,306,306,403,403,414,47,47,47,47,47,78,78,149,167,377,377,377,393,393,495,495,513,529,540,540,480,480,480,480,531,80,394,411,426,460,460,460,460,460,7,32,32],"floor_reached":56,"playtime":2346,"items_purged":[],"score":1376,"play_id":"a44dc5d7-a3f2-49c1-8a11-e8707f84e1c0","local_time":"20210105222851","is_ascension_mode":false,"campfire_choices":[{"floor":11,"key":"RECALL"},{"data":"ats:Soul Absorption","floor":15,"key":"SMITH"},{"data":"ats:Dogmatic Field","floor":23,"key":"SMITH"},{"data":"ats:Thorns","floor":32,"key":"SMITH"},{"data":"ats:Thorns","floor":40,"key":"SMITH"},{"data":"ats:Calcification","floor":42,"key":"SMITH"},{"data":"ats:Healing Drone","floor":49,"key":"SMITH"},{"data":"ats:Emotion Absorption","floor":52,"key":"SMITH"}],"circlet_count":0,"master_deck":["ats:Strike C+1","ats:Strike G","ats:Strike S","ats:Strike V","ats:Armor Crushing Shot+1","ats:Defend","ats:Defend","ats:Defend","ats:Defend","ats:Emotion Absorption+1","ats:Sunburst","ats:Soul Absorption+1","ats:Thorns+1","ats:Revitalization","ats:Poison Spread","ats:Dogmatic Field+1","ats:Neurotoxin+1","Gensokyo:SlitMouthedWoman","ats:Calcification+1","ats:Healing Drone+1","ats:Poison Spread+1","ats:Thorns+1","Shame","ats:Assault Order+1","ats:Shadow Assault","ats:Neurotoxin+1","ats:Beaten Up","ats:Hammer On+1","Gensokyo:CustomPotion","ReplayTheSpireMod:Brewmster+1","ats:Neurotoxin","ats:Composite Medical Shells+1","ats:Revitalization+1","ats:Counter Healing Mode","Apotheosis+1","ats:Ambush+1","ats:Soul Rend+1"],"relics":["ats:Sanity","ice","NeowsBlessing","Gensokyo:LunaticRedEyes","Gensokyo:CelestialsFlawlessClothing","Replay:Kaleidoscope","ats:Originium","Onion Ring","Replay:Bottled Flurry","ReplayTheSpireMod:Ninjato","Darkstone Periapt","Runic Pyramid","Ginger","Gensokyo:ConquerorOfFear","Gensokyo:MosesMiracle","Dead Branch","Mirror","Replay:WaspNest","StoneCalendar","ats:Rhine Circuitry","Coffee Dripper","Gensokyo:TheCrow","ReplayTheSpireMod:TigerMarble","Golden Egg","ats:Bonebreaker","ReplayFunnel","Hololive_LightStick"],"acts_visited":["Gensokyo:Gensokyo","Gensokyo:Gensokyoer","Gensokyo:Gensokyoest","TheEnding"],"potions_floor_usage":[16,33,33,33,47,47,48,50,50,50,54,55],"damage_taken":[{"damage":0,"enemies":"Gensokyo:3_Fairies","floor":1,"turns":1},{"damage":0,"enemies":"Gensokyo:Cirno","floor":8,"turns":2},{"damage":0,"enemies":"Gensokyo:Python","floor":10,"turns":1},{"damage":18,"enemies":"Gensokyo:Gryphon","floor":12,"turns":5},{"damage":13,"enemies":"Gensokyo:Aya","floor":14,"turns":6},{"damage":66,"enemies":"Gensokyo:Yukari","floor":16,"turns":10},{"damage":0,"enemies":"Gensokyo:CosmicMonolith","floor":18,"turns":4},{"damage":73,"enemies":"Gensokyo:Koishi","floor":24,"turns":8},{"damage":36,"enemies":"Gensokyo:3_Dogs","floor":27,"turns":6},{"damage":0,"enemies":"Gensokyo:Slime_Group","floor":28,"turns":2},{"damage":15,"enemies":"Gensokyo:Mirror_and_Dog","floor":31,"turns":2},{"damage":46,"enemies":"Gensokyo:Eiki","floor":33,"turns":6},{"damage":4,"enemies":"Gensokyo:3_Bats","floor":35,"turns":3},{"damage":7,"enemies":"Gensokyo:AncientGuardian","floor":36,"turns":4},{"damage":0,"enemies":"Gensokyo:AtlasGolem","floor":37,"turns":3},{"damage":7,"enemies":"Gensokyo:3_Boulders","floor":45,"turns":2},{"damage":2,"enemies":"Gensokyo:SeedOfUnknown","floor":46,"turns":3},{"damage":46,"enemies":"Gensokyo:4_Bats","floor":47,"turns":3},{"damage":9,"enemies":"Gensokyo:Marisa","floor":48,"turns":3},{"damage":58,"enemies":"Gensokyo:Scarlet_Devils","floor":50,"turns":7},{"damage":152,"enemies":"Shield and Spear","floor":54,"turns":3},{"damage":86,"enemies":"The Heart","floor":55,"turns":4}],"seed_played":"-7820664829645870998","potions_obtained":[{"floor":10,"key":"Venom Potion"},{"floor":16,"key":"ats:Top Emergency Sanity Potion"},{"floor":18,"key":"Explosive Potion"},{"floor":28,"key":"Dexterity Potion"},{"floor":31,"key":"BlessingOfTheForge"},{"floor":36,"key":"Dexterity Potion"},{"floor":45,"key":"SmokeBomb"},{"floor":47,"key":"Energy Potion"},{"floor":48,"key":"SteroidPotion"},{"floor":54,"key":"Adrenaline Potion"}],"is_trial":false,"path_per_floor":["M","?","?","T","?","?","COS","E","T","M","R","M","?","E","R","B",null,"M","COS","?","?","?","R","E","$","T","M","M","?","?","M","R","B",null,"M","M","M","?","?","R","?","R","T","$","M","M","M","E","R","B",null,"R","$","E","B",null],"character_chosen":"DOCTOR_CLASS","items_purchased":["Golden Egg","ReplayTheSpireMod:Brewmster","ReplayFunnel","Apotheosis","ats:Ambush"],"campfire_rested":0,"item_purchase_floors":[44,44,53,53,53],"current_hp_per_floor":[72,72,72,72,54,26,26,26,26,26,26,10,3,65,65,8,85,85,85,85,85,85,85,29,29,29,113,113,104,110,98,98,62,116,117,118,119,119,119,119,119,119,119,119,112,116,73,66,66,103,123,123,123,34,31],"gold":32,"neow_bonus":"THREE_ENEMY_KILL","is_daily":false,"chose_seed":false,"campfire_upgraded":7,"win_rate":0.0,"timestamp":1609856931,"path_taken":["M","?","?","?","?","?","COS","E","T","M","R","?","?","E","R","BOSS","M","COS","?","?","?","R","E","$","T","M","?","?","?","M","R","BOSS","M","M","M","?","?","R","?","R","T","?","?","M","M","E","R","BOSS","R","$","E","BOSS"],"items_purchased_type":["Relic","Card","Relic","Card","Card"],"build_version":"2020-12-22","purchased_purges":0,"victory":true,"max_hp_per_floor":[72,72,72,72,72,72,72,72,72,72,72,72,72,76,76,85,85,88,88,88,88,88,88,97,97,97,113,113,104,110,112,112,116,116,117,119,119,119,119,119,119,119,119,119,121,121,123,123,123,123,123,123,123,128,170],"relic_stats":{"Darkstone Periapt":6,"counters":[22,88],"Dead Branch":[44],"StoneCalendar":[0],"Ginger":[3],"obtain_stats":[{"Darkstone Periapt":14,"ReplayFunnel":53,"Golden Egg":44,"Gensokyo:UndefinedDarkness":20,"StoneCalendar":33,"ice":0,"Ginger":18,"Gensokyo:LunaticRedEyes":2,"Frozen Eye":24,"Replay:Bottled Flurry":9,"ats:Sanity":0,"ats:Bonebreaker":48,"ats:Rhine Circuitry":33,"Runic Pyramid":17,"ReplayTheSpireMod:Ninjato":14,"NeowsBlessing":0,"Dead Branch":24,"Gensokyo:TheCrow":41,"Gensokyo:MosesMiracle":28,"Replay:WaspNest":29,"Replay:Kaleidoscope":6,"Gensokyo:ConquerorOfFear":24,"Gensokyo:CelestialsFlawlessClothing":5,"Hololive_LightStick":54,"ats:Originium":8,"Gensokyo:DayTheSeaSplit":21,"Onion Ring":8,"Coffee Dripper":34,"ReplayTheSpireMod:TigerMarble":43,"Mirror":26},{"Darkstone Periapt":5,"ReplayFunnel":20,"Golden Egg":15,"Gensokyo:UndefinedDarkness":7,"StoneCalendar":12,"ice":0,"Ginger":7,"Gensokyo:LunaticRedEyes":1,"Frozen Eye":7,"Replay:Bottled Flurry":2,"ats:Sanity":0,"ats:Bonebreaker":19,"ats:Rhine Circuitry":12,"Runic Pyramid":6,"ReplayTheSpireMod:Ninjato":5,"NeowsBlessing":0,"Dead Branch":8,"Gensokyo:TheCrow":15,"Gensokyo:MosesMiracle":10,"Replay:WaspNest":10,"Replay:Kaleidoscope":1,"Gensokyo:ConquerorOfFear":8,"Gensokyo:CelestialsFlawlessClothing":1,"Hololive_LightStick":21,"ats:Originium":2,"Gensokyo:DayTheSeaSplit":7,"Onion Ring":2,"Coffee Dripper":12,"ReplayTheSpireMod:TigerMarble":15,"Mirror":8},{"Darkstone Periapt":15,"ReplayFunnel":81,"Golden Egg":63,"Gensokyo:UndefinedDarkness":29,"StoneCalendar":49,"ice":0,"Ginger":29,"Gensokyo:LunaticRedEyes":1,"Frozen Eye":29,"Replay:Bottled Flurry":3,"ats:Sanity":0,"ats:Bonebreaker":74,"ats:Rhine Circuitry":52,"Runic Pyramid":25,"ReplayTheSpireMod:Ninjato":10,"NeowsBlessing":0,"Dead Branch":37,"Gensokyo:TheCrow":63,"Gensokyo:MosesMiracle":45,"Replay:WaspNest":45,"Replay:Kaleidoscope":1,"Gensokyo:ConquerorOfFear":37,"Gensokyo:CelestialsFlawlessClothing":1,"Hololive_LightStick":84,"ats:Originium":3,"Gensokyo:DayTheSeaSplit":29,"Onion Ring":3,"Coffee Dripper":53,"ReplayTheSpireMod:TigerMarble":63,"Mirror":37}]},"card_choices":[{"not_picked":["ats:Consecutive Shot Auto","ats:Explosion Area Strengthen"],"picked":"ats:Sunburst","floor":1},{"not_picked":["ats:Cat Scratch","ats:Shell Defense"],"picked":"ats:Soul Absorption","floor":6},{"not_picked":["ats:LN2 Cannon","ats:Very Hot Blade"],"picked":"ats:Thorns","floor":8},{"not_picked":["ats:Powerful Strike","ats:Charging Defense"],"picked":"ats:Revitalization","floor":10},{"not_picked":["ats:Childhood Dance","ats:Revitalization"],"picked":"ats:Support Order","floor":12},{"not_picked":["ats:Directed Diagnosis","ats:Revitalization"],"picked":"ats:Poison Spread","floor":14},{"not_picked":["ats:Calcification","ats:Ambush"],"picked":"ats:Dogmatic Field","floor":16},{"not_picked":["ats:Revitalization","ats:Magnetic Hammer"],"picked":"ats:Neurotoxin","floor":18},{"not_picked":["ats:Shell Defense","ats:Guardian Obelisk"],"picked":"ats:Healing Drone","floor":24},{"not_picked":["ats:Chain Hook","ats:Hammer On"],"picked":"ats:Poison Spread+1","floor":27},{"not_picked":["ats:Automatic Cover","ats:Soul Absorption"],"picked":"ats:Thorns","floor":28},{"not_picked":["ats:Revitalization","ats:Chain Hook"],"picked":"ats:Assault Order+1","floor":31},{"not_picked":["ats:Echo Reverb","ats:Durian"],"picked":"ats:Shadow Assault","floor":33},{"not_picked":["ats:Sword Rain+1","ats:Assault Order+1"],"picked":"ats:Neurotoxin+1","floor":35},{"not_picked":["ats:Assault Order+1","ats:Collapsing Strike"],"picked":"ats:Beaten Up","floor":36},{"not_picked":["ats:Revitalization","ats:Cat Scratch+1"],"picked":"ats:Hammer On+1","floor":37},{"not_picked":["ats:Poison Spread+1","ats:Very Hot Blade"],"picked":"ats:Neurotoxin","floor":45},{"not_picked":["ats:Shell Defense+1","ats:Flexible Camouflage"],"picked":"ats:Composite Medical Shells+1","floor":46},{"not_picked":["ats:Childhood Dance","ats:Consecutive Shot Auto"],"picked":"ats:Revitalization+1","floor":47},{"not_picked":["ats:Flexible Camouflage+1","ats:Sunburst"],"picked":"ats:Counter Healing Mode","floor":48},{"not_picked":["ats:Flexible Camouflage","ats:Apocalypse"],"picked":"ats:Soul Rend","floor":54}],"player_experience":717402,"relics_obtained":[{"floor":6,"key":"Replay:Kaleidoscope"},{"floor":8,"key":"ats:Originium"},{"floor":8,"key":"Onion Ring"},{"floor":9,"key":"Replay:Bottled Flurry"},{"floor":14,"key":"ats:Originium"},{"floor":14,"key":"Darkstone Periapt"},{"floor":24,"key":"Gensokyo:ConquerorOfFear"},{"floor":24,"key":"ats:Originium"},{"floor":24,"key":"Dead Branch"},{"floor":26,"key":"Mirror"},{"floor":28,"key":"Gensokyo:MosesMiracle"},{"floor":43,"key":"ReplayTheSpireMod:TigerMarble"},{"floor":48,"key":"ats:Bonebreaker"},{"floor":54,"key":"Hololive_LightStick"}],"event_choices":[],"is_beta":false,"boss_relics":[{"not_picked":["ReplayTheSpireMod:DimensionalGlitch","ats:Omniscience"],"picked":"Runic Pyramid"},{"not_picked":["Cursed Key","Painkiller Herb"],"picked":"Coffee Dripper"}],"items_purged_floors":[],"is_endless":false,"potions_floor_spawned":[10,16,18,28,31,36,45,47,48,54],"ascension_level":0}}