{"host":"51mqhfpmwwd4kxyt","time":1609835375,"event":{"mods":["BaseMod","Downfall","Googly Eyes","Highlight Path","Minty Spire (QoL Compilation)","READ ME - Guardian Mod","StSLib","The Cursed","The Servant 0.9.4"],"gold_per_floor":[110,60,60,60,60,60,100,100,100,120,120,134,153,191,191,191,191],"floor_reached":16,"playtime":480,"items_purged":[],"score":153,"play_id":"ade84384-52bd-4207-9226-5139ce4bb4a3","local_time":"20210105032935","is_ascension_mode":true,"campfire_choices":[{"data":"Neutralize","floor":6,"key":"SMITH"},{"data":"Doppelganger","floor":8,"key":"SMITH"},{"data":"Concentrate","floor":11,"key":"SMITH"},{"floor":15,"key":"REST"}],"circlet_count":0,"master_deck":["Strike_G","Strike_G","Strike_G","Strike_G","Defend_G","Defend_G","Defend_G","Defend_G","Defend_G","Survivor","Neutralize+1","Acrobatics+1","Injury","Regret","Doppelganger+1","Concentrate+1","Deflect","Outmaneuver","Endless Agony"],"relics":["Ring of the Snake","NeowsBlessing","Golden Idol","Sundial","MealTicket","Unceasing Top","Ancient Tea Set"],"acts_visited":["Exordium"],"potions_floor_usage":[14],"damage_taken":[{"damage":0,"enemies":"Cultist","floor":1,"turns":1},{"damage":0,"enemies":"Lagavulin","floor":7,"turns":1},{"damage":0,"enemies":"2 Louse","floor":10,"turns":1},{"damage":4,"enemies":"Small Slimes","floor":12,"turns":4},{"damage":15,"enemies":"3 Louse","floor":13,"turns":6},{"damage":58,"enemies":"Gremlin Nob","floor":14,"turns":6},{"damage":46,"enemies":"Slime Boss","floor":16,"turns":10}],"seed_played":"-4341976514129743458","potions_obtained":[{"floor":7,"key":"FairyPotion"},{"floor":10,"key":"Fire Potion"},{"floor":14,"key":"SteroidPotion"}],"is_trial":false,"path_per_floor":["M","?","?","?","?","R","E","R","T","M","R","M","M","E","R","B"],"character_chosen":"THE_SILENT","items_purchased":[],"campfire_rested":1,"item_purchase_floors":[],"current_hp_per_floor":[70,70,70,70,70,70,70,70,70,70,70,66,51,21,42,0,0],"gold":191,"neow_bonus":"THREE_ENEMY_KILL","is_daily":false,"chose_seed":false,"campfire_upgraded":3,"win_rate":0.0,"timestamp":1609835375,"path_taken":["M","?","?","?","?","R","E","R","T","M","R","M","?","E","R","BOSS"],"items_purchased_type":[],"build_version":"2020-12-22","purchased_purges":0,"victory":false,"max_hp_per_floor":[70,70,70,70,70,70,70,70,70,70,70,70,70,70,70,70,70],"card_choices":[{"not_picked":["Flying Knee","Crippling Poison"],"picked":"Acrobatics","floor":1},{"not_picked":["Terror","Deadly Poison"],"picked":"Doppelganger","floor":7},{"not_picked":["Outmaneuver","Underhanded Strike"],"picked":"Concentrate","floor":10},{"not_picked":["Dagger Throw","Noxious Fumes"],"picked":"Deflect","floor":12},{"not_picked":["Skewer","Noxious Fumes"],"picked":"Outmaneuver","floor":13},{"not_picked":["Glass Knife","Prepared"],"picked":"Endless Agony","floor":14}],"player_experience":315378,"relics_obtained":[{"floor":7,"key":"MealTicket"},{"floor":9,"key":"Unceasing Top"},{"floor":14,"key":"Ancient Tea Set"}],"event_choices":[{"cards_removed":["Strike_G"],"damage_healed":0,"gold_gain":0,"player_choice":"Card Removal","damage_taken":0,"max_hp_gain":0,"max_hp_loss":0,"event_name":"The Cleric","floor":2,"gold_loss":50},{"damage_healed":0,"gold_gain":0,"player_choice":"Take Wound","damage_taken":0,"relics_obtained":["Golden Idol"],"max_hp_gain":0,"max_hp_loss":0,"event_name":"Golden Idol","floor":3,"gold_loss":0,"cards_obtained":["Injury"]},{"damage_healed":0,"gold_gain":0,"player_choice":"Box","damage_taken":0,"relics_obtained":["Sundial"],"max_hp_gain":0,"max_hp_loss":0,"event_name":"Big Fish","floor":4,"gold_loss":0,"cards_obtained":["Regret"]},{"damage_healed":0,"gold_gain":0,"player_choice":"Upgraded","damage_taken":0,"max_hp_gain":0,"max_hp_loss":0,"event_name":"Upgrade Shrine","floor":5,"gold_loss":0,"cards_upgraded":["Acrobatics"]}],"is_beta":false,"boss_relics":[],"items_purged_floors":[],"is_endless":false,"potions_floor_spawned":[7,10,14],"killed_by":"Slime Boss","ascension_level":3}}