{"host":"d66n7ln59ex8canu","time":1609815166,"event":{"mods":["AchievementEnabler","BaseMod","Colored Map","Minty Spire (QoL Compilation)","Quick Restart","StSLib"],"gold_per_floor":[114,130,305,305,324,324,30,41,41,75,75,75,90,100,100,199,199,219,73,73,92,7,7,7],"floor_reached":23,"playtime":709,"items_purged":[],"score":296,"play_id":"57e80b67-8f81-49bd-a704-0a8b94741d46","local_time":"20210104215246","is_ascension_mode":true,"campfire_choices":[{"data":"Shrug It Off","floor":6,"key":"SMITH"},{"data":"1","floor":12,"key":"LIFT"},{"data":"2","floor":15,"key":"LIFT"}],"circlet_count":0,"master_deck":["AscendersBane","Strike_R","Strike_R","Strike_R","Strike_R","Strike_R","Defend_R","Defend_R","Defend_R","Defend_R","Bash","Uppercut+1","Shrug It Off+1","Doubt","Dropkick","Armaments","Reaper","Limit Break","CurseOfTheBell","Twin Strike+1","Shrug It Off+1"],"relics":["Burning Blood","NeowsBlessing","Ginger","InkBottle","Girya","Dream Catcher","Calling Bell","Centennial Puzzle","Question Card","Ice Cream","Orichalcum","Pen Nib"],"acts_visited":["Exordium","TheCity"],"potions_floor_usage":[10,16,16,23],"damage_taken":[{"damage":0,"enemies":"Cultist","floor":1,"turns":1},{"damage":0,"enemies":"2 Louse","floor":2,"turns":1},{"damage":0,"enemies":"Jaw Worm","floor":5,"turns":1},{"damage":6,"enemies":"Looter","floor":8,"turns":4},{"damage":28,"enemies":"Gremlin Nob","floor":10,"turns":4},{"damage":0,"enemies":"Large Slime","floor":13,"turns":5},{"damage":15,"enemies":"2 Fungi Beasts","floor":14,"turns":4},{"damage":32,"enemies":"The Guardian","floor":16,"turns":19},{"damage":14,"enemies":"Spheric Guardian","floor":18,"turns":4},{"damage":43,"enemies":"3 Byrds","floor":21,"turns":6},{"damage":31,"enemies":"Book of Stabbing","floor":23,"turns":6}],"seed_played":"-5348423238568755346","potions_obtained":[{"floor":1,"key":"AttackPotion"},{"floor":8,"key":"PowerPotion"},{"floor":10,"key":"Explosive Potion"},{"floor":18,"key":"LiquidMemories"}],"is_trial":false,"path_per_floor":["M","M","?","?","M","R","$","M","T","E","?","R","M","M","R","B",null,"M","$","?","M","?","E"],"character_chosen":"IRONCLAD","items_purchased":["Ginger","Orichalcum"],"campfire_rested":0,"item_purchase_floors":[7,19],"current_hp_per_floor":[78,80,80,80,80,80,80,80,80,58,33,33,39,30,30,13,63,55,55,55,30,30,0,0],"gold":7,"neow_bonus":"THREE_ENEMY_KILL","is_daily":false,"chose_seed":false,"campfire_upgraded":1,"win_rate":0.0,"timestamp":1609815166,"path_taken":["M","M","?","?","?","R","$","?","T","E","?","R","M","M","R","BOSS","M","$","?","M","?","E"],"items_purchased_type":["Relic","Relic"],"build_version":"2020-12-22","purchased_purges":0,"victory":false,"max_hp_per_floor":[80,80,80,80,80,80,80,80,80,80,80,80,80,80,80,80,80,80,80,80,80,80,80,80],"card_choices":[{"not_picked":["True Grit","Pummel"],"picked":"Uppercut","floor":1},{"not_picked":["Pummel","Shockwave"],"picked":"Shrug It Off","floor":2},{"not_picked":["Clothesline","True Grit","Wild Strike"],"picked":"SKIP","floor":5},{"not_picked":["Pommel Strike","Feel No Pain"],"picked":"Dropkick","floor":8},{"not_picked":["Shockwave","Corruption"],"picked":"Armaments","floor":10},{"not_picked":["Headbutt","True Grit","Clash"],"picked":"SKIP","floor":13},{"not_picked":["Cleave","Perfected Strike"],"picked":"Reaper","floor":14},{"not_picked":["Bludgeon","Berserk"],"picked":"Limit Break","floor":16},{"not_picked":["Pommel Strike","Shrug It Off+1","Clash"],"picked":"Twin Strike+1","floor":18},{"not_picked":["Warcry","Pommel Strike","Clothesline"],"picked":"Shrug It Off+1","floor":21}],"player_experience":305794,"relics_obtained":[{"floor":9,"key":"InkBottle"},{"floor":10,"key":"Girya"},{"floor":17,"key":"Centennial Puzzle"},{"floor":17,"key":"Question Card"},{"floor":17,"key":"Ice Cream"}],"event_choices":[{"damage_healed":0,"gold_gain":175,"player_choice":"AGREE","damage_taken":0,"max_hp_gain":0,"max_hp_loss":0,"event_name":"Liars Game","floor":3,"gold_loss":0,"cards_obtained":["Doubt"]},{"damage_healed":0,"gold_gain":0,"player_choice":"Upgraded","damage_taken":0,"max_hp_gain":0,"max_hp_loss":0,"event_name":"Upgrade Shrine","floor":4,"gold_loss":0,"cards_upgraded":["Uppercut"]},{"damage_healed":0,"gold_gain":0,"player_choice":"Success","damage_taken":25,"relics_obtained":["Dream Catcher"],"max_hp_gain":0,"max_hp_loss":0,"event_name":"Scrap Ooze","floor":11,"gold_loss":0},{"damage_healed":0,"gold_gain":0,"player_choice":"Ignored","damage_taken":0,"max_hp_gain":0,"max_hp_loss":0,"event_name":"Ghosts","floor":20,"gold_loss":0},{"damage_healed":0,"gold_gain":0,"player_choice":"Obtained Relic","damage_taken":0,"relics_obtained":["Pen Nib"],"max_hp_gain":0,"max_hp_loss":0,"event_name":"Addict","floor":22,"gold_loss":85}],"is_beta":false,"boss_relics":[{"not_picked":["Tiny House","Astrolabe"],"picked":"Calling Bell"}],"items_purged_floors":[],"is_endless":false,"potions_floor_spawned":[1,8,10,18],"killed_by":"Book of Stabbing","ascension_level":11}}