{"host":"dcj2yvrgcvh5dl2s","time":1609818981,"event":{"mods":["BaseMod","Better Note","Block Reminder","Colored Powertips","DeckTracker","Minty Spire (QoL Compilation)","Quick Restart","Rare Cards Sparkle","Relic Stats","StSLib"],"gold_per_floor":[113,188,206,221,221,221,221,221],"floor_reached":7,"playtime":1892,"items_purged":[],"score":80,"play_id":"d977571e-bd9b-4e30-a7c0-3f0ede102a72","local_time":"20210105135621","is_ascension_mode":true,"campfire_choices":[{"data":"Perfected Strike","floor":6,"key":"SMITH"}],"circlet_count":0,"master_deck":["AscendersBane","Strike_R","Strike_R","Strike_R","Strike_R","Strike_R","Defend_R","Defend_R","Defend_R","Defend_R","Bash","Perfected Strike+1"],"relics":["Burning Blood","NeowsBlessing","Golden Idol"],"acts_visited":["Exordium"],"potions_floor_usage":[7],"damage_taken":[{"damage":0,"enemies":"2 Louse","floor":1,"turns":1},{"damage":0,"enemies":"Jaw Worm","floor":3,"turns":1},{"damage":0,"enemies":"Small Slimes","floor":4,"turns":1},{"damage":50,"enemies":"3 Sentries","floor":7,"turns":5}],"seed_played":"-1305875722712487238","potions_obtained":[{"floor":3,"key":"SneckoOil"},{"floor":4,"key":"Ancient Potion"}],"is_trial":false,"path_per_floor":["M","?","M","M","?","R","E"],"character_chosen":"IRONCLAD","items_purchased":[],"campfire_rested":0,"item_purchase_floors":[],"current_hp_per_floor":[74,63,69,75,49,49,0,0],"gold":221,"neow_bonus":"THREE_ENEMY_KILL","is_daily":false,"chose_seed":false,"campfire_upgraded":1,"win_rate":0.0,"timestamp":1609818981,"path_taken":["M","?","M","M","?","R","E"],"items_purchased_type":[],"build_version":"2020-12-22","purchased_purges":0,"victory":false,"max_hp_per_floor":[75,75,75,75,75,75,75,75],"relic_stats":{"counters":[4,8],"Golden Idol":0,"obtain_stats":[{"NeowsBlessing":0,"Golden Idol":5,"Burning Blood":0},{"NeowsBlessing":0,"Golden Idol":3,"Burning Blood":0},{"NeowsBlessing":0,"Golden Idol":3,"Burning Blood":0}],"Burning Blood":18},"card_choices":[{"not_picked":["Thunderclap","Bloodletting"],"picked":"Perfected Strike","floor":1},{"not_picked":["Armaments","True Grit","Dropkick"],"picked":"SKIP","floor":3},{"not_picked":["Rupture","Sentinel","Spot Weakness"],"picked":"SKIP","floor":4}],"player_experience":2186420,"relics_obtained":[],"event_choices":[{"damage_healed":0,"gold_gain":75,"player_choice":"Gather Gold","damage_taken":11,"max_hp_gain":0,"max_hp_loss":0,"event_name":"World of Goop","floor":2,"gold_loss":0},{"damage_healed":0,"gold_gain":0,"player_choice":"Take Damage","damage_taken":26,"relics_obtained":["Golden Idol"],"max_hp_gain":0,"max_hp_loss":0,"event_name":"Golden Idol","floor":5,"gold_loss":0}],"is_beta":false,"boss_relics":[],"items_purged_floors":[],"is_endless":false,"potions_floor_spawned":[3,4],"killed_by":"3 Sentries","ascension_level":19}}