{"host":"w4b7hmige5bnqipq","time":1609849014,"event":{"mods":["2.2 Compatiblity","BaseMod","Colored Map","DeckTracker","Keyboard Shortcuts","Minty Spire (QoL Compilation)","Permanent Neow","Rare Cards Sparkle","SuperFastMode","everything is the same but u backflip on backflip","slay the spire mod where everything is the same but ironclad has a cowboy hat"],"gold_per_floor":[109,109,121,135,150,184,184,196,221,221,254,271,304,323,323,395,395,408,458,458,478,239,239,267,267,317,352,252,264,293,307,307,383,383,401,29,46,66,91,116,116,149,149,204,217,237,65,94,94,94,94],"floor_reached":50,"playtime":1699,"items_purged":["Writhe","Strike_R","Strike_R"],"score":1234,"play_id":"afb8e8c5-e75c-45f6-a877-e90a444adf17","local_time":"20210105211654","is_ascension_mode":true,"campfire_choices":[{"data":"Uppercut","floor":7.0,"key":"SMITH"},{"floor":10.0,"key":"REST"},{"data":"Blood for Blood","floor":15.0,"key":"SMITH"},{"data":"Immolate","floor":23.0,"key":"SMITH"},{"data":"Dark Embrace","floor":32.0,"key":"SMITH"},{"floor":41,"key":"RECALL"},{"floor":49,"key":"REST"}],"circlet_count":0,"master_deck":["AscendersBane","Strike_R","Strike_R","Strike_R","Defend_R","Defend_R","Defend_R","Defend_R","Bash","Blood for Blood+1","Seeing Red+1","Uppercut+1","Sword Boomerang","Impervious","Carnage","Flex","Feel No Pain","Shrug It Off","Immolate+1","Ghostly Armor","Dark Embrace+1","Pommel Strike","Offering","Battle Trance","Shrug It Off+1","Impervious","Disarm+1"],"relics":["Burning Blood","Ginger","Anchor","Pen Nib","Red Skull","Oddly Smooth Stone","Centennial Puzzle","Sozu","PreservedInsect","Medical Kit","Ancient Tea Set","Bronze Scales","Gremlin Horn","Red Mask","Fusion Hammer","Bag of Preparation","FossilizedHelix","Self Forming Clay","Mummified Hand","Du-Vu Doll","DollysMirror","Calipers"],"acts_visited":["Exordium","TheCity","TheBeyond"],"potions_floor_usage":[33,33],"damage_taken":[{"damage":8.0,"enemies":"Cultist","floor":1.0,"turns":5.0},{"damage":0.0,"enemies":"2 Louse","floor":3.0,"turns":3.0},{"damage":4.0,"enemies":"Small Slimes","floor":4.0,"turns":4.0},{"damage":6.0,"enemies":"2 Fungi Beasts","floor":5.0,"turns":4.0},{"damage":15.0,"enemies":"3 Sentries","floor":6.0,"turns":8.0},{"damage":28.0,"enemies":"Exordium Thugs","floor":8.0,"turns":6.0},{"damage":24.0,"enemies":"Lagavulin","floor":11.0,"turns":6.0},{"damage":0.0,"enemies":"Exordium Wildlife","floor":12.0,"turns":2.0},{"damage":5.0,"enemies":"Gremlin Nob","floor":13.0,"turns":3.0},{"damage":0.0,"enemies":"Blue Slaver","floor":14.0,"turns":3.0},{"damage":33.0,"enemies":"Hexaghost","floor":16.0,"turns":10.0},{"damage":0.0,"enemies":"Chosen","floor":18.0,"turns":4.0},{"damage":5.0,"enemies":"Spheric Guardian","floor":21.0,"turns":5.0},{"damage":12.0,"enemies":"Slavers","floor":24.0,"turns":3.0},{"damage":4.0,"enemies":"Book of Stabbing","floor":27.0,"turns":3.0},{"damage":2.0,"enemies":"3 Cultists","floor":29.0,"turns":4.0},{"damage":13.0,"enemies":"Masked Bandits","floor":30.0,"turns":3.0},{"damage":7.0,"enemies":"Shelled Parasite and Fungi","floor":31.0,"turns":2.0},{"damage":46,"enemies":"Champ","floor":33,"turns":10},{"damage":8,"enemies":"Orb Walker","floor":35,"turns":2},{"damage":0,"enemies":"3 Darklings","floor":37,"turns":3},{"damage":10,"enemies":"Maw","floor":38,"turns":5},{"damage":21,"enemies":"Mind Bloom Boss Battle","floor":39,"turns":5},{"damage":0,"enemies":"Giant Head","floor":40,"turns":6},{"damage":28,"enemies":"Nemesis","floor":42,"turns":5},{"damage":0,"enemies":"2 Orb Walkers","floor":44,"turns":3},{"damage":0,"enemies":"Writhing Mass","floor":45,"turns":2},{"damage":18,"enemies":"Sphere and 2 Shapes","floor":46,"turns":4},{"damage":22,"enemies":"Giant Head","floor":48,"turns":6},{"damage":46,"enemies":"Time Eater","floor":50,"turns":9}],"seed_played":"1802015041557694477","potions_obtained":[{"floor":3.0,"key":"Energy Potion"},{"floor":4.0,"key":"Fire Potion"},{"floor":11.0,"key":"LiquidBronze"},{"floor":12.0,"key":"Dexterity Potion"},{"floor":16.0,"key":"BlessingOfTheForge"}],"is_trial":false,"path_per_floor":["M","T","M","M","M","E","R","M","T","R","E","M","E","M","R","B",null,"M","?","?","M","$","R","E","?","T","E","$","M","?","M","R","B",null,"M","$","M","M","?","E","R","E","T","?","M","M","$","E","R","B"],"character_chosen":"IRONCLAD","items_purchased":["Medical Kit","Bag of Preparation","Battle Trance","DollysMirror"],"campfire_rested":2,"item_purchase_floors":[22,36,36,47],"current_hp_per_floor":[48,48,54,56,56,47,47,25,25,47,29,35,36,42,42,15,60,66,66,66,67,67,67,61,61,61,63,63,67,60,59,59,19,61,59,59,65,61,46,52,52,30,30,36,42,30,30,14,36,0,0],"gold":94,"neow_bonus":"ONE_RARE_RELIC","is_daily":false,"chose_seed":false,"campfire_upgraded":4,"win_rate":0.0,"timestamp":1609849014,"path_taken":["M","?","?","M","?","E","R","M","T","R","E","M","E","M","R","BOSS","M","?","?","M","$","R","E","?","T","E","$","?","?","M","R","BOSS","M","$","M","M","?","E","R","E","T","?","M","M","$","E","R","BOSS"],"items_purchased_type":["Relic","Relic","Card","Relic"],"build_version":"2020-12-22","purchased_purges":3,"victory":false,"max_hp_per_floor":[75,75,75,75,75,75,75,75,75,75,75,75,75,75,75,75,75,75,75,75,75,75,75,75,75,75,75,75,75,75,75,75,75,75,75,75,75,75,75,75,75,75,75,75,75,75,75,75,75,75,75],"card_choices":[{"not_picked":["Warcry","Flex"],"picked":"Blood for Blood","floor":1.0},{"not_picked":["Warcry","Havoc"],"picked":"Seeing Red","floor":3.0},{"not_picked":["Sword Boomerang","Headbutt"],"picked":"Uppercut","floor":4.0},{"not_picked":["Iron Wave","Dual Wield"],"picked":"Sword Boomerang","floor":5.0},{"not_picked":["Warcry","Cleave"],"picked":"Impervious","floor":6.0},{"not_picked":["Bloodletting","Clothesline"],"picked":"Carnage","floor":8.0},{"not_picked":["Warcry","Seeing Red","Rupture"],"picked":"SKIP","floor":11.0},{"not_picked":["Dual Wield","Rampage"],"picked":"Flex","floor":12.0},{"not_picked":["Armaments","Sever Soul"],"picked":"Feel No Pain","floor":13.0},{"not_picked":["Headbutt","Sever Soul"],"picked":"Shrug It Off","floor":14.0},{"not_picked":["Reaper","Brutality"],"picked":"Immolate","floor":16.0},{"not_picked":["Armaments","Body Slam","Clothesline+1"],"picked":"SKIP","floor":18.0},{"not_picked":["Reckless Charge","Heavy Blade","Cleave+1"],"picked":"SKIP","floor":21.0},{"not_picked":["Clash","Infernal Blade"],"picked":"Ghostly Armor","floor":24.0},{"not_picked":["Warcry","Sword Boomerang"],"picked":"Dark Embrace","floor":27.0},{"not_picked":["Intimidate+1","Twin Strike","Sword Boomerang"],"picked":"SKIP","floor":29.0},{"not_picked":["Seeing Red","Rupture"],"picked":"Pommel Strike","floor":30.0},{"not_picked":["Shockwave","Warcry","True Grit"],"picked":"SKIP","floor":31.0},{"not_picked":["Feed","Exhume"],"picked":"Offering","floor":33},{"not_picked":["Perfected Strike","Combust","Hemokinesis"],"picked":"SKIP","floor":35},{"not_picked":["Ghostly Armor","Pummel","Bloodletting"],"picked":"SKIP","floor":37},{"not_picked":["Shockwave","Body Slam","Clothesline+1"],"picked":"SKIP","floor":38},{"not_picked":["Sword Boomerang","Carnage","Anger"],"picked":"SKIP","floor":40},{"not_picked":["Armaments","Heavy Blade","Uppercut"],"picked":"SKIP","floor":42},{"not_picked":["Seeing Red","Headbutt"],"picked":"Shrug It Off+1","floor":44},{"not_picked":["Sentinel","Havoc","Body Slam"],"picked":"SKIP","floor":45},{"not_picked":["Headbutt+1","Feel No Pain","Seeing Red"],"picked":"SKIP","floor":46},{"not_picked":["Impervious","Armaments"],"picked":"Disarm+1","floor":48}],"player_experience":465794,"relics_obtained":[{"floor":2.0,"key":"Anchor"},{"floor":6.0,"key":"Pen Nib"},{"floor":9.0,"key":"Red Skull"},{"floor":11.0,"key":"Oddly Smooth Stone"},{"floor":13.0,"key":"Centennial Puzzle"},{"floor":24.0,"key":"Ancient Tea Set"},{"floor":26.0,"key":"Bronze Scales"},{"floor":27.0,"key":"Gremlin Horn"},{"floor":30.0,"key":"Red Mask"},{"floor":39,"key":"FossilizedHelix"},{"floor":40,"key":"Self Forming Clay"},{"floor":42,"key":"Mummified Hand"},{"floor":44,"key":"Du-Vu Doll"},{"floor":48,"key":"Calipers"}],"event_choices":[{"damage_healed":0.0,"max_hp_gain":0.0,"max_hp_loss":0.0,"gold_gain":50.0,"event_name":"Nest","player_choice":"Stole From Cult","floor":19.0,"gold_loss":0.0,"damage_taken":0.0},{"damage_healed":0.0,"max_hp_gain":0.0,"max_hp_loss":0.0,"gold_gain":0.0,"event_name":"The Mausoleum","player_choice":"Opened","floor":20.0,"gold_loss":0.0,"damage_taken":0.0,"relics_obtained":["PreservedInsect"],"cards_obtained":["Writhe"]},{"damage_healed":0.0,"max_hp_gain":0.0,"max_hp_loss":0.0,"gold_gain":0.0,"event_name":"Accursed Blacksmith","player_choice":"Forge","floor":25.0,"gold_loss":0.0,"damage_taken":0.0,"cards_upgraded":["Seeing Red"]},{"damage_healed":0.0,"max_hp_gain":0.0,"max_hp_loss":0.0,"gold_gain":0.0,"event_name":"Masked Bandits","player_choice":"Fought Bandits","floor":30.0,"gold_loss":0.0,"damage_taken":0.0},{"damage_healed":0,"gold_gain":0,"player_choice":"Fight","damage_taken":0,"max_hp_gain":0,"max_hp_loss":0,"event_name":"MindBloom","floor":39,"gold_loss":0},{"damage_healed":0,"gold_gain":0,"player_choice":"Fight","damage_taken":0,"max_hp_gain":0,"max_hp_loss":0,"event_name":"Mysterious Sphere","floor":44,"gold_loss":0}],"is_beta":false,"boss_relics":[{"not_picked":["Empty Cage","Coffee Dripper"],"picked":"Sozu"},{"not_picked":["Runic Dome","Tiny House"],"picked":"Fusion Hammer"}],"items_purged_floors":[22,28,36],"is_endless":false,"potions_floor_spawned":[3,4,11,12,16,18,21,30,31,37,39,44,45],"killed_by":"Time Eater","ascension_level":20}}