{"host":"fdmexzkyss3ff9bv","time":1609871949,"event":{"mods":["BaseMod","Beaked The Cultist","BetterRewards","Downfall","Glutton Mod","Halation","Hubris","Infinite Spire","Minty Spire (QoL Compilation)","Replay The Spire","StSLib","The Animator","The Blackbeard","The Bug Knight","The Construct","The Mystic","The Servant 0.9.4","The Witch"],"gold_per_floor":[210,170,188,203,223,248,248,260,260,260,260,113,113,124,124,225,225,235,75,75,75,0,0,22,22,48,77,2,14,14],"floor_reached":29,"playtime":1903,"items_purged":["ReplayTheSpireMod:Restless Dread"],"score":223,"play_id":"5fe4de8d-281a-4d43-80f3-eabed17213b6","local_time":"20210105193909","is_ascension_mode":false,"campfire_choices":[{"floor":13,"key":"REST"},{"floor":15,"key":"REST"},{"data":"ReplayTheSpireMod:Fabricate Wheel","floor":23,"key":"SMITH"},{"data":"ReplayTheSpireMod:Fabricate Wheel","floor":25,"key":"SMITH"}],"circlet_count":0,"master_deck":["Strike_B","Strike_B","Strike_B","Strike_B","Defend_B","Defend_B","Defend_B","Defend_B","Zap","Dualcast","Turbo","Heatsinks","Leap","Gash","Force Field","Crystallizer","Ball Lightning","Storm+1","ReplayTheSpireMod:Fabricate Wheel+1","ReplayTheSpireMod:Whispers of Evil","Replay:Fractal Strike","All For One","Recycle","Ball Lightning","Auto Shields+1","Conserve Battery"],"relics":["Cracked Core","WingedGreaves","ReplayTheSpireMod:Ninjato","Bronze Scales","Nuclear Battery","Replay:Bandana","Prayer Wheel"],"acts_visited":["Exordium","TheCity"],"potions_floor_usage":[6,8,16,16,27,29],"damage_taken":[{"damage":3,"enemies":"Small Slimes","floor":1,"turns":3},{"damage":8,"enemies":"infinitespire:Voidling","floor":3,"turns":3},{"damage":0,"enemies":"2 Louse","floor":4,"turns":2},{"damage":12,"enemies":"Large Slime","floor":5,"turns":7},{"damage":36,"enemies":"Lagavulin","floor":6,"turns":10},{"damage":13,"enemies":"3 Louse","floor":8,"turns":3},{"damage":0,"enemies":"Red Slaver","floor":14,"turns":3},{"damage":44,"enemies":"Hexaghost","floor":16,"turns":9},{"damage":17,"enemies":"Spheric Guardian","floor":18,"turns":4},{"damage":29,"enemies":"2 Thieves","floor":24,"turns":4},{"damage":23,"enemies":"Snake Plant","floor":27,"turns":4},{"damage":6,"enemies":"3 Cultists","floor":29,"turns":3}],"seed_played":"2584735671428499395","potions_obtained":[{"floor":2,"key":"SteroidPotion"},{"floor":2,"key":"DistilledChaos"},{"floor":2,"key":"FearPotion"},{"floor":5,"key":"Fire Potion"},{"floor":6,"key":"Adrenaline Potion"},{"floor":8,"key":"Ancient Potion"},{"floor":18,"key":"SpeedPotion"}],"is_trial":false,"path_per_floor":["M","?","M","M","M","E","?","M","T","?","?","$","R","M","R","B",null,"M","$","?","AVR","?","R","M","R","T","M","$","M"],"character_chosen":"DEFECT","items_purchased":["Bronze Scales","ReplayTheSpireMod:Fabricate Wheel"],"campfire_rested":2,"item_purchase_floors":[12,19],"current_hp_per_floor":[72,72,68,68,56,20,20,7,7,7,7,7,29,29,51,7,75,58,58,58,58,58,58,29,29,29,6,6,0,0],"gold":14,"neow_bonus":"HUNDRED_GOLD","is_daily":false,"chose_seed":false,"campfire_upgraded":2,"win_rate":0.0,"timestamp":1609871949,"path_taken":["M","?","?","M","M","E","?","M","T","?","?","$","R","M","R","BOSS","M","$","?","AVR","?","R","M","R","T","M","?","?"],"items_purchased_type":["Relic","Card"],"build_version":"2020-12-13","purchased_purges":1,"victory":false,"max_hp_per_floor":[75,75,75,75,75,75,75,75,75,75,75,75,75,75,75,75,75,75,75,75,75,75,75,75,75,75,75,75,75,75],"card_choices":[{"not_picked":["Glacier","Redo"],"picked":"Turbo","floor":1},{"not_picked":["Conserve Battery","Cold Snap"],"picked":"Heatsinks","floor":3},{"not_picked":["Beam Cell","Streamline"],"picked":"Leap","floor":4},{"not_picked":["BasicCrystalCard","Redo"],"picked":"Gash","floor":5},{"not_picked":["hubris:Ukulele","Panic Button"],"picked":"Force Field","floor":6},{"not_picked":["Aggregate","Panic Button"],"picked":"Crystallizer","floor":8},{"not_picked":["Streamline","ReplayTheSpireMod:Repulse"],"picked":"Ball Lightning","floor":14},{"not_picked":["Core Surge","hubris:DoWhile"],"picked":"ReplayTheSpireMod:Fabricate Wheel","floor":16},{"not_picked":["Static Discharge+1","BasicCrystalCard"],"picked":"Storm+1","floor":18},{"not_picked":["infinitespire:Fortify","infinitespire:SevenWalls"],"picked":"Replay:Fractal Strike","floor":20},{"not_picked":["Redo","ReplayTheSpireMod:Reroute Power"],"picked":"Recycle","floor":24},{"not_picked":["Compile Driver","Streamline+1"],"picked":"Ball Lightning","floor":24},{"not_picked":["Conserve Battery","Streamline+1"],"picked":"Auto Shields+1","floor":27},{"not_picked":["Recycle","BasicCrystalCard"],"picked":"Conserve Battery","floor":27}],"player_experience":68965,"relics_obtained":[{"floor":6,"key":"WingedGreaves"},{"floor":9,"key":"ReplayTheSpireMod:Ninjato"}],"event_choices":[{"damage_healed":0,"gold_gain":0,"player_choice":"Bought 3 Potions","damage_taken":0,"max_hp_gain":0,"max_hp_loss":0,"event_name":"The Woman in Blue","floor":2,"gold_loss":0},{"damage_healed":0,"gold_gain":0,"player_choice":"Ignored","damage_taken":0,"max_hp_gain":0,"max_hp_loss":0,"event_name":"Golden Wing","floor":7,"gold_loss":0},{"damage_healed":0,"gold_gain":0,"player_choice":"Searched \u00271\u0027 times","damage_taken":0,"max_hp_gain":0,"max_hp_loss":0,"event_name":"Dead Adventurer","floor":10,"gold_loss":0},{"damage_healed":0,"gold_gain":0,"player_choice":"Ignored","damage_taken":0,"max_hp_gain":0,"max_hp_loss":0,"event_name":"Purifier","floor":11,"gold_loss":0},{"damage_healed":0,"gold_gain":0,"player_choice":"Paid Fearfully","damage_taken":0,"max_hp_gain":0,"max_hp_loss":0,"event_name":"Masked Bandits","floor":22,"gold_loss":75}],"is_beta":false,"boss_relics":[{"not_picked":["Replay:Cursed D8","hubris:Backtick"],"picked":"Nuclear Battery"}],"items_purged_floors":[28],"is_endless":false,"potions_floor_spawned":[5,6,8,18],"killed_by":"3 Cultists","ascension_level":0}}