{"host":"pivahb1bacxk2eup","time":1609881550,"event":{"mods":["AchievementEnabler","BaseMod","Colored Map","Colored Powertips","Downfall","Hermit","Hero for Fun","Hubris","Jedi Mod","Jorbs\u0027s Wanderer Trilogy","Lobotomy","Marisa????????","Minty Spire (QoL Compilation)","Remilia??????","StSLib","The Alterego","The Animator","The Construct","The Hierophant","The Runesmith","The Servant 0.9.4","TheBandit","TheFirefly","Yuri Mod","thorton"],"gold_per_floor":[100,100,100,100,200,236,236,236,121,35,35,54,75,75,95,200,200,200,219,25,25,48,48,100,100,140,60,60,79,4,40,69,173,173,23,51,79,108,59,97,97,97,121,121,121,144,144,172,201,201],"floor_reached":51,"playtime":5438,"items_purged":[],"score":798,"play_id":"f3660f83-1f35-4d40-96be-b8e443022f52","local_time":"20210105161910","is_ascension_mode":true,"campfire_choices":[{"data":"alterego_mod:BrynhildrsRune","floor":1.0,"key":"SMITH"},{"data":"alterego_mod:Venus","floor":8.0,"key":"SMITH"},{"floor":11.0,"key":"REST"},{"data":"alterego_mod:DiscoLights","floor":18.0,"key":"SMITH"},{"floor":28.0,"key":"REST"},{"floor":30,"key":"RECALL"},{"data":"alterego_mod:PainIsPleasure","floor":35,"key":"SMITH"},{"data":"alterego_mod:STier","floor":42,"key":"SMITH"},{"data":"alterego_mod:Palingenesis","floor":44,"key":"SMITH"},{"data":"alterego_mod:Support","floor":47,"key":"SMITH"}],"circlet_count":0,"master_deck":["alterego_mod:Strike","alterego_mod:Strike+1","alterego_mod:Strike","alterego_mod:Strike","alterego_mod:Defend","alterego_mod:Defend+1","alterego_mod:Defend+1","alterego_mod:Defend","alterego_mod:Impale","alterego_mod:BigMeatyClaws+1","alterego_mod:BrynhildrsRune+1","alterego_mod:Clap","alterego_mod:Pet","alterego_mod:Venus+1","alterego_mod:Bounce+1","alterego_mod:DiscoLights+1","alterego_mod:IndependentAction","alterego_mod:Support+1","alterego_mod:Birthday","alterego_mod:Undulate","alterego_mod:HighServant","alterego_mod:Pet","alterego_mod:Cushion","alterego_mod:Vow","alterego_mod:Lift","alterego_mod:Undulate","alterego_mod:GoddessCore","alterego_mod:BeGentle","alterego_mod:BiFurious","alterego_mod:Undulate","alterego_mod:Birthday","alterego_mod:Vow","alterego_mod:Birthday","alterego_mod:MagicResistance","alterego_mod:PainIsPleasure+1","alterego_mod:Pet+1","alterego_mod:Lingerie+1","alterego_mod:STier+1","alterego_mod:Cushion+1","alterego_mod:BiFurious","alterego_mod:Palingenesis+1","alterego_mod:Bounce","Parasite","alterego_mod:1TonWallop+1"],"relics":["alterego_mod:MasochisticConstitution","downfall:HeartsMalice","CeramicFish","Tiny Chest","hubris:TerracottaHorce","HandDrill","alterego_mod:SomeoneToFightFor","Juzu Bracelet","Nunchaku","downfall:HeartBlessingBlue","Runesmith:AutoHammer","hubris:Backtick","Calipers","downfall:HeartBlessingRed","downfall:HeartBlessingGreen","jedi:HeartOfTheCards","War Paint","hubris:Icosahedron","Boot","Whetstone"],"acts_visited":["Exordium","TheCity","TheBeyond"],"potions_floor_usage":[31,31,33,33,43,50],"damage_taken":[{"damage":0.0,"enemies":"Cultist","floor":2.0,"turns":1.0},{"damage":0.0,"enemies":"2 Louse","floor":3.0,"turns":1.0},{"damage":0.0,"enemies":"Jaw Worm","floor":4.0,"turns":1.0},{"damage":31.0,"enemies":"3 Sentries","floor":6.0,"turns":14.0},{"damage":10.0,"enemies":"downfall:FleeingMerchant","floor":9.0,"turns":4.0},{"damage":30.0,"enemies":"downfall:FleeingMerchant","floor":10.0,"turns":4.0},{"damage":7.0,"enemies":"Large Slime","floor":12.0,"turns":8.0},{"damage":13.0,"enemies":"Lots of Slimes","floor":13.0,"turns":6.0},{"damage":0.0,"enemies":"Blue Slaver","floor":15.0,"turns":4.0},{"damage":33.0,"enemies":"downfall:Defect","floor":16.0,"turns":9.0},{"damage":4.0,"enemies":"Shell Parasite","floor":19.0,"turns":6.0},{"damage":31.0,"enemies":"downfall:FleeingMerchant","floor":20.0,"turns":4.0},{"damage":6.0,"enemies":"3 Byrds","floor":22.0,"turns":5.0},{"damage":5.0,"enemies":"Gremlin Leader","floor":26.0,"turns":2.0},{"damage":29.0,"enemies":"downfall:FleeingMerchant","floor":27.0,"turns":5.0},{"damage":11,"enemies":"3 Cultists","floor":29,"turns":4},{"damage":53,"enemies":"Slavers","floor":31,"turns":7},{"damage":8,"enemies":"Centurion and Healer","floor":32,"turns":6},{"damage":23,"enemies":"downfall:Watcher","floor":33,"turns":9},{"damage":48,"enemies":"3 Shapes","floor":36,"turns":3},{"damage":1,"enemies":"Orb Walker","floor":37,"turns":5},{"damage":24,"enemies":"3 Darklings","floor":38,"turns":21},{"damage":37,"enemies":"downfall:FleeingMerchant","floor":39,"turns":5},{"damage":22,"enemies":"Giant Head","floor":40,"turns":9},{"damage":54,"enemies":"Transient","floor":43,"turns":5},{"damage":16,"enemies":"Reptomancer","floor":48,"turns":5},{"damage":1,"enemies":"Writhing Mass","floor":49,"turns":7},{"damage":7,"enemies":"downfall:Ironclad","floor":50,"turns":13}],"seed_played":"7828910553828182600","potions_obtained":[{"floor":6.0,"key":"LiquidBronze"},{"floor":13.0,"key":"DuplicationPotion"},{"floor":14.0,"key":"AttackPotion"},{"floor":14.0,"key":"DistilledChaos"},{"floor":19.0,"key":"FearPotion"},{"floor":26.0,"key":"Dexterity Potion"},{"floor":29,"key":"Explosive Potion"},{"floor":32,"key":"jedi:tentaclejuice"},{"floor":37,"key":"LiquidBronze"},{"floor":40,"key":"hexamod:EctoCoolerPotion"},{"floor":43,"key":"PowerPotion"}],"is_trial":false,"path_per_floor":["R","M","M","M","?","E","T","R","$","$","R","M","M","?","M","B",null,"R","M","$","T","M","?","T","?","E","$","R","M","R","E","M","B",null,"R","M","M","M","$","E","T","R","M","R","?","T","R","E","M","B",null],"character_chosen":"The_Alterego","items_purchased":["alterego_mod:DiscoLights","alterego_mod:IndependentAction","alterego_mod:Birthday","alterego_mod:Undulate","alterego_mod:Undulate","HandDrill","alterego_mod:Undulate","alterego_mod:Birthday","alterego_mod:BiFurious"],"campfire_rested":2,"item_purchase_floors":[9,9,10,10,20,20,27,27,39],"current_hp_per_floor":[70,70,70,70,70,54,54,54,45,16,37,47,58,58,60,30,65,65,64,36,36,54,54,54,54,66,40,64,56,66,25,38,29,79,79,34,59,73,41,71,71,71,92,92,92,92,92,98,103,101],"gold":201,"neow_bonus":"THREE_ENEMY_KILL","is_daily":false,"chose_seed":false,"campfire_upgraded":7,"win_rate":0.0,"timestamp":1609881550,"path_taken":["R","M","M","?","?","E","T","R","?","$","R","M","?","?","M","BOSS","R","M","$","?","M","?","T","?","E","$","R","M","R","E","M","BOSS","R","M","M","M","$","E","T","R","M","R","?","?","R","E","M","BOSS"],"items_purchased_type":["Card","Card","Card","Card","Card","Relic","Card","Card","Card"],"build_version":"2020-12-22","purchased_purges":0,"victory":true,"max_hp_per_floor":[70,70,70,70,70,71,71,71,72,73,73,74,75,75,75,76,76,76,77,78,78,79,79,79,79,80,81,81,82,92,93,94,95,95,95,96,97,98,99,100,100,100,101,101,101,101,101,102,103,104],"card_choices":[{"not_picked":["alterego_mod:DeftHands","alterego_mod:HighServant"],"picked":"alterego_mod:Clap","floor":2.0},{"not_picked":["alterego_mod:Collar","alterego_mod:DeftHands"],"picked":"alterego_mod:Pet","floor":3.0},{"not_picked":["alterego_mod:Pet","alterego_mod:PerceptionDisorder","alterego_mod:Maid"],"picked":"SKIP","floor":4.0},{"not_picked":["alterego_mod:Swimsuit","alterego_mod:Crossover"],"picked":"alterego_mod:Venus","floor":6.0},{"not_picked":["alterego_mod:SakuraLabyrinth","alterego_mod:HighServant"],"picked":"alterego_mod:Bounce","floor":9.0},{"not_picked":["alterego_mod:Collar","alterego_mod:BoobPocket"],"picked":"alterego_mod:Support","floor":10.0},{"not_picked":["alterego_mod:Pet","alterego_mod:Schoolgirl"],"picked":"alterego_mod:HighServant","floor":12.0},{"not_picked":["alterego_mod:Maid","alterego_mod:Skirt"],"picked":"alterego_mod:Pet","floor":13.0},{"not_picked":["alterego_mod:BustOut","alterego_mod:MagicResistance"],"picked":"alterego_mod:Cushion","floor":15.0},{"not_picked":["alterego_mod:TrickOrTreatment","alterego_mod:BrynhildrRomantia"],"picked":"alterego_mod:Vow","floor":16.0},{"not_picked":["alterego_mod:Punishment","alterego_mod:1TonWallop","alterego_mod:TrashNCrash"],"picked":"SKIP","floor":19.0},{"not_picked":["alterego_mod:Smother","alterego_mod:Birthday+1"],"picked":"alterego_mod:Lift","floor":20.0},{"not_picked":["alterego_mod:DustData","alterego_mod:Birthday"],"picked":"alterego_mod:GoddessCore","floor":22.0},{"not_picked":["alterego_mod:Punishment","alterego_mod:1TonWallop"],"picked":"alterego_mod:BeGentle","floor":26.0},{"not_picked":["alterego_mod:Schoolgirl","alterego_mod:Lingerie"],"picked":"alterego_mod:BiFurious","floor":27.0},{"not_picked":["alterego_mod:Mirror","alterego_mod:DeftHands"],"picked":"alterego_mod:Vow","floor":29},{"not_picked":["alterego_mod:Swimsuit+1","alterego_mod:Skirt"],"picked":"alterego_mod:Birthday","floor":31},{"not_picked":["alterego_mod:Complex+1","alterego_mod:Skirt"],"picked":"alterego_mod:MagicResistance","floor":32},{"not_picked":["alterego_mod:BrynhildrRomantia","alterego_mod:STier"],"picked":"alterego_mod:PainIsPleasure","floor":33},{"not_picked":["alterego_mod:1TonWallop+1","alterego_mod:HighServant+1"],"picked":"alterego_mod:Pet+1","floor":36},{"not_picked":["alterego_mod:GoddessCore","alterego_mod:DiscoLights"],"picked":"alterego_mod:Lingerie+1","floor":37},{"not_picked":["alterego_mod:Punishment+1","alterego_mod:Skirt"],"picked":"alterego_mod:STier","floor":38},{"not_picked":["alterego_mod:Stockings+1","alterego_mod:PerceptionDisorder"],"picked":"alterego_mod:Cushion+1","floor":39},{"not_picked":["alterego_mod:Complex","alterego_mod:Cooking+1"],"picked":"alterego_mod:Palingenesis","floor":40},{"not_picked":["alterego_mod:PerceptionDisorder","alterego_mod:PurpleHair"],"picked":"alterego_mod:Bounce","floor":43},{"not_picked":["alterego_mod:Jiggle","alterego_mod:Complex+1","alterego_mod:Maid"],"picked":"SKIP","floor":48},{"not_picked":["alterego_mod:BiFurious","alterego_mod:Lingerie"],"picked":"alterego_mod:1TonWallop+1","floor":49}],"player_experience":522700,"relics_obtained":[{"floor":6.0,"key":"CeramicFish"},{"floor":7.0,"key":"Tiny Chest"},{"floor":24.0,"key":"Juzu Bracelet"},{"floor":26.0,"key":"Nunchaku"},{"floor":31,"key":"Runesmith:AutoHammer"},{"floor":40,"key":"jedi:HeartOfTheCards"},{"floor":41,"key":"War Paint"},{"floor":46,"key":"Boot"},{"floor":48,"key":"Whetstone"}],"event_choices":[{"damage_healed":0.0,"max_hp_gain":0.0,"max_hp_loss":0.0,"gold_gain":0.0,"event_name":"Lab","player_choice":"Got Potions","floor":14.0,"gold_loss":0.0,"damage_taken":0.0},{"damage_healed":0.0,"max_hp_gain":0.0,"max_hp_loss":0.0,"gold_gain":0.0,"event_name":"Secret Garden","player_choice":"Choice 2","floor":23.0,"gold_loss":0.0,"damage_taken":0.0,"relics_obtained":["alterego_mod:SomeoneToFightFor"]}],"is_beta":false,"boss_relics":[{"not_picked":["Empty Cage","construct:WeddingRing"],"picked":"hubris:TerracottaHorce"},{"not_picked":["Tiny House","Snecko Eye"],"picked":"hubris:Backtick"}],"items_purged_floors":[],"is_endless":false,"potions_floor_spawned":[6,13,15,19,26,29,32,37,40,43],"ascension_level":1}}