{"host":"91blwi3hgehj6ch9","time":1609887807,"event":{"mods":["2.2 Compatiblity","AchievementEnabler","BaseMod","Colored Map","DeckTracker","Keyboard Shortcuts","Minty Spire (QoL Compilation)","Permanent Neow","Quick Restart","StSLib","SuperFastMode"],"gold_per_floor":[13,25,35,35,45,45,45,45],"floor_reached":7,"playtime":256,"items_purged":[],"score":70,"play_id":"d9edcc4f-9ee4-4f18-9e83-bdfefa4f418b","local_time":"20210106080327","is_ascension_mode":true,"campfire_choices":[{"data":"Reflex","floor":6,"key":"SMITH"}],"circlet_count":0,"master_deck":["AscendersBane","Strike_G","Strike_G","Strike_G","Strike_G","Strike_G","Defend_G","Defend_G","Defend_G","Defend_G","Defend_G","Survivor","Neutralize","Die Die Die","Deadly Poison","Quick Slash","Reflex+1"],"relics":["Ring of the Snake"],"acts_visited":["Exordium"],"potions_floor_usage":[7],"damage_taken":[{"damage":3,"enemies":"Cultist","floor":1,"turns":5},{"damage":5,"enemies":"Small Slimes","floor":2,"turns":3},{"damage":0,"enemies":"2 Louse","floor":3,"turns":3},{"damage":40,"enemies":"Large Slime","floor":4,"turns":11},{"damage":2,"enemies":"Exordium Thugs","floor":5,"turns":4},{"damage":27,"enemies":"Gremlin Nob","floor":7,"turns":3}],"seed_played":"-4929185117196215025","potions_obtained":[{"floor":3,"key":"SpeedPotion"}],"is_trial":false,"path_per_floor":["M","M","M","M","M","R","E"],"character_chosen":"THE_SILENT","items_purchased":[],"campfire_rested":0,"item_purchase_floors":[],"current_hp_per_floor":[60,55,55,15,13,13,0,0],"gold":45,"neow_bonus":"THREE_RARE_CARDS","is_daily":false,"chose_seed":false,"campfire_upgraded":1,"win_rate":0.0,"timestamp":1609887807,"path_taken":["M","M","M","?","M","R","E"],"items_purchased_type":[],"build_version":"2020-12-22","purchased_purges":0,"victory":false,"max_hp_per_floor":[70,70,70,70,70,70,70,70],"card_choices":[{"not_picked":["Doppelganger","Wraith Form v2"],"picked":"Die Die Die","floor":0},{"not_picked":["Underhanded Strike","Outmaneuver","Concentrate"],"picked":"SKIP","floor":1},{"not_picked":["Prepared","Dodge and Roll"],"picked":"Deadly Poison","floor":2},{"not_picked":["Dagger Spray","Poisoned Stab"],"picked":"Quick Slash","floor":3},{"not_picked":["Underhanded Strike","Footwork","Prepared"],"picked":"SKIP","floor":4},{"not_picked":["Sucker Punch","Outmaneuver"],"picked":"Reflex","floor":5}],"player_experience":87908,"relics_obtained":[],"event_choices":[],"is_beta":false,"boss_relics":[],"items_purged_floors":[],"is_endless":false,"potions_floor_spawned":[3,4],"killed_by":"Gremlin Nob","ascension_level":11}}