{"host":"kg61lsvem4dxoat8","time":1609840619,"event":{"mods":["BaseMod","Colored Powertips","Minty Spire (QoL Compilation)","Quick Restart","Rare Cards Sparkle","Relic Stats","slay the spire mod where everything is the same but ironclad has a cowboy hat"],"gold_per_floor":[114,127,127,202,106,106,136,166,166,166,10,20,40,59,59,161,161,179,179,179,193,206,531,309,309,333,294,308,308,334,334,334,334,334],"floor_reached":33,"playtime":1105,"items_purged":["Strike_G+1"],"score":541,"play_id":"add2a99e-aa8a-4c84-bcfe-a80b64a69eb6","local_time":"20210105175659","is_ascension_mode":true,"campfire_choices":[{"data":"Dagger Spray","floor":6,"key":"SMITH"},{"data":"Neutralize","floor":10,"key":"SMITH"},{"data":"Adrenaline","floor":15,"key":"SMITH"},{"data":"Venomology","floor":25,"key":"SMITH"},{"data":"Blade Dance","floor":29,"key":"SMITH"},{"data":"Accuracy","floor":32,"key":"SMITH"}],"circlet_count":0,"master_deck":["AscendersBane","Strike_G+1","Strike_G+1","Strike_G+1","Defend_G+1","Defend_G+1","Defend_G+1","Defend_G+1","Defend_G+1","Survivor","Neutralize+1","Dagger Spray+1","Bandage Up","Heel Hook","Heel Hook","Adrenaline+1","Venomology+1","Blade Dance+1","Sucker Punch","Accuracy+1","PiercingWail+1"],"relics":["Ring of the Snake","NeowsBlessing","Ninja Scroll","Pear","Mercury Hourglass","Bronze Scales","WristBlade","Old Coin","Medical Kit","Dream Catcher","Red Mask","NlothsMask"],"acts_visited":["Exordium","TheCity"],"potions_floor_usage":[16,18,21,23,28,30,33,33],"damage_taken":[{"damage":0,"enemies":"Jaw Worm","floor":1,"turns":1},{"damage":0,"enemies":"2 Louse","floor":2,"turns":1},{"damage":0,"enemies":"3 Sentries","floor":7,"turns":1},{"damage":1,"enemies":"Small Slimes","floor":12,"turns":2},{"damage":6,"enemies":"Gremlin Gang","floor":13,"turns":3},{"damage":0,"enemies":"3 Louse","floor":14,"turns":1},{"damage":0,"enemies":"Hexaghost","floor":16,"turns":10},{"damage":0,"enemies":"Spheric Guardian","floor":18,"turns":3},{"damage":3,"enemies":"2 Thieves","floor":21,"turns":3},{"damage":4,"enemies":"Chosen and Byrds","floor":22,"turns":4},{"damage":9,"enemies":"Book of Stabbing","floor":23,"turns":5},{"damage":7,"enemies":"Centurion and Healer","floor":28,"turns":3},{"damage":0,"enemies":"Masked Bandits","floor":30,"turns":2},{"damage":92,"enemies":"Champ","floor":33,"turns":8}],"seed_played":"5042939753362988509","potions_obtained":[{"floor":2,"key":"SpeedPotion"},{"floor":7,"key":"SpeedPotion"},{"floor":12,"key":"ColorlessPotion"},{"floor":14,"key":"Block Potion"},{"floor":21,"key":"SpeedPotion"},{"floor":28,"key":"Swift Potion"}],"is_trial":false,"path_per_floor":["M","M","?","?","$","R","E","?","T","R","$","M","M","M","R","B",null,"M","?","?","M","M","E","$","R","T","$","M","R","?","?","R","B"],"character_chosen":"THE_SILENT","items_purchased":["Bandage Up","Bronze Scales","Medical Kit","Accuracy"],"campfire_rested":0,"item_purchase_floors":[5,11,24,27],"current_hp_per_floor":[63,63,56,45,45,45,45,55,55,55,55,58,56,60,60,64,76,80,80,80,77,76,71,71,71,71,71,68,68,68,68,68,0,0],"gold":334,"neow_bonus":"THREE_ENEMY_KILL","is_daily":false,"chose_seed":false,"campfire_upgraded":6,"win_rate":0.0,"timestamp":1609840619,"path_taken":["M","M","?","?","$","R","E","?","T","R","$","M","?","M","R","BOSS","M","?","?","M","?","E","$","R","T","$","M","R","?","?","R","BOSS"],"items_purchased_type":["Card","Relic","Relic","Card"],"build_version":"2020-12-22","purchased_purges":1,"victory":false,"max_hp_per_floor":[70,70,70,70,70,70,70,80,80,80,80,80,80,80,80,80,80,80,80,80,80,80,80,80,80,80,80,80,80,80,80,80,80,80],"relic_stats":{"Dream Catcher":0,"counters":[14,46],"Bronze Scales":[138],"Medical Kit":[0],"obtain_stats":[{"Dream Catcher":26,"Pear":8,"NeowsBlessing":0,"WristBlade":17,"Ninja Scroll":7,"Bronze Scales":11,"Red Mask":30,"Medical Kit":24,"Ring of the Snake":0,"Mercury Hourglass":9,"Old Coin":23,"NlothsMask":31},{"Dream Catcher":11,"Pear":3,"NeowsBlessing":0,"WristBlade":7,"Ninja Scroll":3,"Bronze Scales":3,"Red Mask":13,"Medical Kit":11,"Ring of the Snake":0,"Mercury Hourglass":3,"Old Coin":11,"NlothsMask":13},{"Dream Catcher":33,"Pear":3,"NeowsBlessing":0,"WristBlade":19,"Ninja Scroll":3,"Bronze Scales":3,"Red Mask":38,"Medical Kit":33,"Ring of the Snake":0,"Mercury Hourglass":3,"Old Coin":33,"NlothsMask":38}],"Ring of the Snake":[28],"Mercury Hourglass":[155]},"card_choices":[{"not_picked":["Backflip","Accuracy","PiercingWail"],"picked":"SKIP","floor":1},{"not_picked":["Outmaneuver","PiercingWail"],"picked":"Dagger Spray","floor":2},{"not_picked":["Prepared","Well Laid Plans"],"picked":"Heel Hook","floor":7},{"not_picked":["Quick Slash","Deflect"],"picked":"Heel Hook","floor":12},{"not_picked":["Bouncing Flask","Footwork"],"picked":"Adrenaline","floor":13},{"not_picked":["Deadly Poison","Acrobatics","Prepared"],"picked":"SKIP","floor":14},{"not_picked":["Die Die Die","Bullet Time"],"picked":"Venomology","floor":16},{"not_picked":["Bane","Predator","Dagger Spray"],"picked":"SKIP","floor":18},{"not_picked":["Deadly Poison","Poisoned Stab"],"picked":"Blade Dance","floor":21},{"not_picked":["Dagger Spray","Dagger Throw","Acrobatics"],"picked":"SKIP","floor":22},{"not_picked":["Distraction","Predator"],"picked":"Sucker Punch","floor":23},{"not_picked":["Dagger Spray","All Out Attack","Riddle With Holes"],"picked":"SKIP","floor":28},{"not_picked":["Poisoned Stab","Acrobatics"],"picked":"PiercingWail+1","floor":30}],"player_experience":1300506,"relics_obtained":[{"floor":7,"key":"Ninja Scroll"},{"floor":9,"key":"Mercury Hourglass"},{"floor":23,"key":"Old Coin"},{"floor":26,"key":"Dream Catcher"},{"floor":30,"key":"Red Mask"}],"event_choices":[{"cards_removed":["Strike_G"],"damage_healed":0,"gold_gain":0,"player_choice":"Card Removal","damage_taken":7,"max_hp_gain":0,"max_hp_loss":0,"event_name":"Golden Wing","floor":3,"gold_loss":0},{"damage_healed":0,"gold_gain":75,"player_choice":"Gather Gold","damage_taken":11,"max_hp_gain":0,"max_hp_loss":0,"event_name":"World of Goop","floor":4,"gold_loss":0},{"damage_healed":0,"gold_gain":30,"player_choice":"Searched \u00272\u0027 times","damage_taken":0,"relics_obtained":["Pear"],"max_hp_gain":0,"max_hp_loss":0,"event_name":"Dead Adventurer","floor":8,"gold_loss":0},{"damage_healed":0,"gold_gain":0,"player_choice":"Simplicity","damage_taken":0,"max_hp_gain":0,"max_hp_loss":0,"event_name":"Back to Basics","floor":19,"gold_loss":0,"cards_upgraded":["Strike_G","Strike_G","Strike_G","Strike_G","Defend_G","Defend_G","Defend_G","Defend_G","Defend_G"]},{"damage_healed":0,"gold_gain":0,"player_choice":"Ignored","damage_taken":0,"max_hp_gain":0,"max_hp_loss":0,"event_name":"N\u0027loth","floor":20,"gold_loss":0},{"damage_healed":0,"gold_gain":0,"player_choice":"Fought Bandits","damage_taken":0,"max_hp_gain":0,"max_hp_loss":0,"event_name":"Masked Bandits","floor":30,"gold_loss":0},{"damage_healed":0,"gold_gain":0,"player_choice":"Trade","damage_taken":0,"relics_obtained":["NlothsMask"],"max_hp_gain":0,"max_hp_loss":0,"event_name":"FaceTrader","floor":31,"gold_loss":0}],"is_beta":false,"boss_relics":[{"not_picked":["SlaversCollar","Runic Pyramid"],"picked":"WristBlade"}],"items_purged_floors":[24],"is_endless":false,"potions_floor_spawned":[2,7,12,14,21,28],"killed_by":"Champ","ascension_level":12}}