{"host":"ixl9a8gzl87gveif","time":1609829493,"event":{"mods":["2.2 Compatiblity","BaseMod","Better Note","Colored Map","Colored Powertips","Minty Spire (QoL Compilation)","Permanent Neow","Relic Stats","StSLib","everything is the same but u backflip on backflip"],"gold_per_floor":[109,109,65,83,83,118,128,128,155,166,201,201,228,228,228,302,302,319,589,600,612,246,279,298,325,325,351,351,382,51,63,63,140,140,154,169,193,47,61,96,110,110,110,144,144,161,208,208,208,208,208,208],"floor_reached":51,"playtime":2826,"items_purged":["Strike_B","Strike_B"],"score":1656,"play_id":"2695f8fb-4d68-4905-a802-4f0dda7eadea","local_time":"20210105065133","is_ascension_mode":true,"campfire_choices":[{"data":"Echo Form","floor":8,"key":"SMITH"},{"data":"Self Repair","floor":12,"key":"SMITH"},{"data":"Sunder","floor":15,"key":"SMITH"},{"data":"Meteor Strike","floor":28,"key":"SMITH"},{"data":"Force Field","floor":32,"key":"SMITH"},{"data":"Self Repair","floor":42,"key":"SMITH"},{"floor":49,"key":"RECALL"}],"circlet_count":0,"master_deck":["AscendersBane","Strike_B","Strike_B","Defend_B","Defend_B","Defend_B","Zap","Dualcast","Echo Form+1","Self Repair+1","Fusion","Echo Form+1","Force Field+1","Electrodynamics","Meteor Strike+1","Purity","Glacier+1","Echo Form+1","Self Repair+1","Doom and Gloom","Mayhem+1","CurseOfTheBell","Capacitor+1","Master of Strategy","Capacitor+1","Writhe"],"relics":["Snecko Eye","Bag of Marbles","Ancient Tea Set","Tiny Chest","Du-Vu Doll","Busted Crown","DollysMirror","Smiling Mask","Toy Ornithopter","The Courier","Frozen Egg 2","Symbiotic Virus","ClockworkSouvenir","Calling Bell","MealTicket","Cables","Gambling Chip","InkBottle","Ice Cream","Calipers","Mango"],"acts_visited":["Exordium","TheCity","TheBeyond"],"potions_floor_usage":[1,6,7,23,50],"damage_taken":[{"damage":1,"enemies":"Small Slimes","floor":1,"turns":4},{"damage":0,"enemies":"Cultist","floor":4,"turns":3},{"damage":5,"enemies":"3 Sentries","floor":6,"turns":6},{"damage":9,"enemies":"2 Louse","floor":7,"turns":5},{"damage":0,"enemies":"Exordium Thugs","floor":10,"turns":1},{"damage":32,"enemies":"Gremlin Nob","floor":11,"turns":4},{"damage":0,"enemies":"Lagavulin","floor":13,"turns":5},{"damage":0,"enemies":"The Guardian","floor":16,"turns":6},{"damage":0,"enemies":"Spheric Guardian","floor":18,"turns":1},{"damage":0,"enemies":"Shell Parasite","floor":20,"turns":1},{"damage":18,"enemies":"Cultist and Chosen","floor":21,"turns":5},{"damage":27,"enemies":"Slavers","floor":23,"turns":4},{"damage":1,"enemies":"3 Cultists","floor":24,"turns":4},{"damage":38,"enemies":"Gremlin Leader","floor":25,"turns":5},{"damage":25,"enemies":"Book of Stabbing","floor":27,"turns":4},{"damage":9,"enemies":"Slavers","floor":29,"turns":4},{"damage":0,"enemies":"Snecko","floor":31,"turns":2},{"damage":16,"enemies":"Collector","floor":33,"turns":5},{"damage":8,"enemies":"Orb Walker","floor":35,"turns":3},{"damage":6,"enemies":"3 Shapes","floor":36,"turns":2},{"damage":9,"enemies":"Sphere and 2 Shapes","floor":39,"turns":4},{"damage":43,"enemies":"Nemesis","floor":40,"turns":5},{"damage":12,"enemies":"Transient","floor":41,"turns":6},{"damage":13,"enemies":"Giant Head","floor":44,"turns":6},{"damage":20,"enemies":"3 Darklings","floor":46,"turns":5},{"damage":47,"enemies":"2 Orb Walkers","floor":47,"turns":4},{"damage":65,"enemies":"Awakened One","floor":50,"turns":12},{"damage":97,"enemies":"Time Eater","floor":51,"turns":10}],"seed_played":"5211104130157971987","potions_obtained":[{"floor":1,"key":"EntropicBrew"},{"floor":11,"key":"Dexterity Potion"},{"floor":13,"key":"Strength Potion"},{"floor":23,"key":"FairyPotion"},{"floor":25,"key":"FocusPotion"}],"is_trial":false,"path_per_floor":["M","?","$","M","?","E","M","R","T","M","E","R","E","?","R","B",null,"M","?","M","M","$","E","M","E","T","E","R","E","$","M","R","B",null,"M","M","T","$","M","E","M","R","T","E","?","M","?","?","R","B","B"],"character_chosen":"DEFECT","items_purchased":["Self Repair","DollysMirror","Self Repair","Doom and Gloom","Mayhem+1","ClockworkSouvenir","Master of Strategy"],"campfire_rested":0,"item_purchase_floors":[3,22,22,22,30,30,38],"current_hp_per_floor":[63,63,63,71,71,71,71,71,71,71,46,46,66,59,59,71,71,71,38,48,50,50,47,71,60,60,59,59,67,67,71,71,71,71,63,71,71,71,71,55,60,60,60,71,71,71,78,85,85,60,0,0],"gold":208,"neow_bonus":"BOSS_RELIC","is_daily":false,"chose_seed":false,"campfire_upgraded":6,"win_rate":0.0,"timestamp":1609829493,"path_taken":["M","?","$","?","?","E","M","R","T","M","E","R","E","?","R","BOSS","M","?","M","M","$","E","M","E","T","E","R","E","?","M","R","BOSS","M","M","?","$","M","E","M","R","T","E","?","M","?","?","R","BOSS","BOSS"],"items_purchased_type":["Card","Relic","Card","Card","Card","Relic","Card"],"build_version":"2020-12-22","purchased_purges":2,"victory":false,"max_hp_per_floor":[71,71,71,71,71,71,71,71,71,71,71,71,71,71,71,71,71,71,71,71,71,71,71,71,71,71,71,71,71,71,71,71,71,71,71,71,71,71,71,71,71,71,71,71,71,71,85,85,85,85,85,85],"relic_stats":{"Busted Crown":38,"counters":[28,126],"Gambling Chip":[46],"Snecko Eye":[198,237,226,231],"Tiny Chest":1,"MealTicket":0,"Smiling Mask":30,"obtain_stats":[{"Ice Cream":43,"Calipers":44,"Mango":47,"The Courier":26,"Frozen Egg 2":27,"Ancient Tea Set":9,"Smiling Mask":23,"ClockworkSouvenir":30,"Cables":34,"Du-Vu Doll":13,"Calling Bell":34,"Busted Crown":17,"DollysMirror":22,"Gambling Chip":34,"Snecko Eye":0,"Tiny Chest":11,"MealTicket":34,"Bag of Marbles":6,"Cracked Core":0,"Symbiotic Virus":29,"Toy Ornithopter":25,"InkBottle":40},{"Ice Cream":23,"Calipers":24,"Mango":26,"The Courier":14,"Frozen Egg 2":15,"Ancient Tea Set":4,"Smiling Mask":12,"ClockworkSouvenir":16,"Cables":18,"Du-Vu Doll":7,"Calling Bell":18,"Busted Crown":8,"DollysMirror":11,"Gambling Chip":18,"Snecko Eye":0,"Tiny Chest":6,"MealTicket":18,"Bag of Marbles":3,"Cracked Core":0,"Symbiotic Virus":16,"Toy Ornithopter":14,"InkBottle":22},{"Ice Cream":89,"Calipers":95,"Mango":104,"The Courier":54,"Frozen Egg 2":58,"Ancient Tea Set":18,"Smiling Mask":45,"ClockworkSouvenir":62,"Cables":69,"Du-Vu Doll":28,"Calling Bell":69,"Busted Crown":34,"DollysMirror":41,"Gambling Chip":69,"Snecko Eye":0,"Tiny Chest":23,"MealTicket":69,"Bag of Marbles":13,"Cracked Core":0,"Symbiotic Virus":62,"Toy Ornithopter":54,"InkBottle":83}],"Toy Ornithopter":0,"InkBottle":[31],"Cables":[58,5,7,29,17]},"card_choices":[{"not_picked":["Tempest","Doom and Gloom"],"picked":"Sunder","floor":1},{"not_picked":["Coolheaded","Chaos"],"picked":"Fusion","floor":4},{"not_picked":["Barrage","Go for the Eyes","Coolheaded"],"picked":"SKIP","floor":6},{"not_picked":["Leap","Auto Shields"],"picked":"Echo Form","floor":7},{"not_picked":["Sunder","Steam"],"picked":"Force Field","floor":10},{"not_picked":["Lockon","Storm","BootSequence"],"picked":"SKIP","floor":11},{"not_picked":["Rebound","FTL"],"picked":"Electrodynamics","floor":13},{"not_picked":["Biased Cognition","Machine Learning"],"picked":"Meteor Strike","floor":16},{"not_picked":["Rebound"],"picked":"SKIP","floor":18},{"not_picked":[],"picked":"Glacier+1","floor":20},{"not_picked":["Conserve Battery"],"picked":"SKIP","floor":21},{"not_picked":["Recycle"],"picked":"SKIP","floor":23},{"not_picked":["Go for the Eyes"],"picked":"SKIP","floor":24},{"not_picked":["Stack"],"picked":"SKIP","floor":25},{"not_picked":["Turbo"],"picked":"SKIP","floor":27},{"not_picked":["Recycle"],"picked":"SKIP","floor":29},{"not_picked":["Stack"],"picked":"SKIP","floor":31},{"not_picked":["Leap"],"picked":"SKIP","floor":35},{"not_picked":[],"picked":"Capacitor+1","floor":36},{"not_picked":["Stack"],"picked":"SKIP","floor":39},{"not_picked":["Double Energy"],"picked":"SKIP","floor":40},{"not_picked":["Cold Snap"],"picked":"SKIP","floor":41},{"not_picked":["Coolheaded"],"picked":"SKIP","floor":44},{"not_picked":[],"picked":"Capacitor+1","floor":46}],"player_experience":350299,"relics_obtained":[{"floor":6,"key":"Bag of Marbles"},{"floor":9,"key":"Ancient Tea Set"},{"floor":11,"key":"Tiny Chest"},{"floor":13,"key":"Du-Vu Doll"},{"floor":23,"key":"Smiling Mask"},{"floor":25,"key":"Toy Ornithopter"},{"floor":26,"key":"The Courier"},{"floor":27,"key":"Frozen Egg 2"},{"floor":29,"key":"Symbiotic Virus"},{"floor":34,"key":"MealTicket"},{"floor":34,"key":"Cables"},{"floor":34,"key":"Gambling Chip"},{"floor":40,"key":"InkBottle"},{"floor":43,"key":"Ice Cream"},{"floor":44,"key":"Calipers"},{"floor":47,"key":"Mango"}],"event_choices":[{"cards_removed":["Sunder"],"damage_healed":0,"gold_gain":0,"player_choice":"Take \u0026 Give","damage_taken":0,"max_hp_gain":0,"max_hp_loss":0,"event_name":"betterNote:BetterNote","floor":2,"gold_loss":0,"cards_obtained":["Echo Form"]},{"damage_healed":0,"gold_gain":0,"player_choice":"Ignored","damage_taken":0,"max_hp_gain":0,"max_hp_loss":0,"event_name":"Liars Game","floor":5,"gold_loss":0},{"cards_removed":["Defend_B"],"damage_healed":0,"gold_gain":0,"player_choice":"Card Removal","damage_taken":7,"max_hp_gain":0,"max_hp_loss":0,"event_name":"Golden Wing","floor":14,"gold_loss":0},{"damage_healed":0,"gold_gain":270,"player_choice":"CARD GOLD GOLD GOLD ","damage_taken":33,"max_hp_gain":0,"max_hp_loss":0,"event_name":"Knowing Skull","floor":19,"potions_obtained":[],"gold_loss":0,"cards_obtained":["Purity"]},{"cards_removed":["Sunder"],"damage_healed":0,"gold_gain":0,"player_choice":"Removed Attack","damage_taken":0,"max_hp_gain":0,"max_hp_loss":0,"event_name":"Falling","floor":45,"gold_loss":0},{"damage_healed":0,"gold_gain":0,"player_choice":"Fight","damage_taken":0,"max_hp_gain":0,"max_hp_loss":0,"event_name":"Mysterious Sphere","floor":47,"gold_loss":0},{"damage_healed":17,"gold_gain":0,"player_choice":"Writhe","damage_taken":0,"max_hp_gain":0,"max_hp_loss":0,"event_name":"Winding Halls","floor":48,"gold_loss":0,"cards_obtained":["Writhe"]}],"is_beta":false,"boss_relics":[{"not_picked":["Velvet Choker","Philosopher\u0027s Stone"],"picked":"Busted Crown"},{"not_picked":["Tiny House","Cursed Key"],"picked":"Calling Bell"}],"items_purged_floors":[22,30],"is_endless":false,"potions_floor_spawned":[1,4,11,13,21,23,25,27,31,39,40,44,46],"killed_by":"Time Eater","ascension_level":20}}