{"host":"doxo6v3vhswwfk80","time":1609816298,"event":{"mods":["2.2 Compatiblity","AchievementEnabler","Act Like it!","BaseMod","Better Altar","Better Match","Better Note","Better Sensory Stone","Better Skull","Better Third Choice","Curses Come First","Hermit","Marisa????????","Minty Spire (QoL Compilation)","Quick Restart","Relic Stats","Shade Mod","StSLib","The Hayseed","The Hierophant","The Runesmith","The Servant 0.9.4"],"gold_per_floor":[115,132,149,169,169,169,169,190,190,203,221,221,245,26,26,157,157,181,204,24,37,37,37],"floor_reached":22,"playtime":1711,"items_purged":["Strike_B","Strike_B"],"score":182,"play_id":"2ff004da-b1c6-43e5-b71a-4ccc8ec61cbf","local_time":"20210104211138","is_ascension_mode":false,"campfire_choices":[{"floor":6,"key":"REST"},{"floor":12,"key":"REST"},{"floor":15,"key":"REST"}],"circlet_count":0,"master_deck":["Strike_B","Strike_B","Defend_B","Defend_B","Defend_B","Defend_B","Zap","Dualcast","Cold Snap","Redo","Fusion","Darkness","Panacea","Storm","Redo","Coolheaded","Ball Lightning","Echo Form","Chaos","Hologram","Heatsinks"],"relics":["Cracked Core","Golden Idol","Kunai","Orichalcum","Nuclear Battery"],"acts_visited":["Exordium","TheCity"],"potions_floor_usage":[10,11,11,16,16,21],"damage_taken":[{"damage":7,"enemies":"Jaw Worm","floor":1,"turns":4},{"damage":12,"enemies":"Small Slimes","floor":2,"turns":4},{"damage":8,"enemies":"2 Louse","floor":3,"turns":2},{"damage":20,"enemies":"Lots of Slimes","floor":4,"turns":4},{"damage":7,"enemies":"2 Fungi Beasts","floor":8,"turns":3},{"damage":9,"enemies":"Exordium Thugs","floor":10,"turns":4},{"damage":5,"enemies":"Lots of Slimes","floor":11,"turns":2},{"damage":7,"enemies":"Blue Slaver","floor":13,"turns":4},{"damage":29,"enemies":"The Guardian","floor":16,"turns":16},{"damage":11,"enemies":"Shell Parasite","floor":18,"turns":7},{"damage":12,"enemies":"Spheric Guardian","floor":19,"turns":4},{"damage":23,"enemies":"Snake Plant","floor":21,"turns":4},{"damage":46,"enemies":"Chosen and Byrds","floor":22,"turns":6}],"seed_played":"-4190008050985506951","potions_obtained":[{"floor":2,"key":"AttackPotion"},{"floor":3,"key":"Fire Potion"},{"floor":8,"key":"ColorlessPotion"},{"floor":11,"key":"Dexterity Potion"},{"floor":13,"key":"SkillPotion"},{"floor":19,"key":"Energy Potion"}],"is_trial":false,"path_per_floor":["M","M","M","M","?","R","?","M","T","M","M","R","M","$","R","B",null,"M","M","$","M","M"],"character_chosen":"DEFECT","items_purchased":["Orichalcum","Heatsinks"],"campfire_rested":3,"item_purchase_floors":[14,20],"current_hp_per_floor":[68,56,48,28,10,32,32,25,25,16,11,33,26,26,48,19,75,64,52,52,29,0,0],"gold":37,"neow_bonus":"THREE_CARDS","is_daily":false,"chose_seed":false,"campfire_upgraded":0,"win_rate":0.0,"timestamp":1609816298,"path_taken":["M","M","M","M","?","R","?","?","T","M","M","R","M","$","R","BOSS","M","M","$","M","M"],"items_purchased_type":["Relic","Card"],"build_version":"2020-12-22","purchased_purges":2,"victory":false,"max_hp_per_floor":[75,75,75,75,75,75,75,75,75,75,75,75,75,75,75,75,75,75,75,75,75,75,75],"relic_stats":{"counters":[13,64],"Golden Idol":55,"Kunai":[2],"Orichalcum":[42],"obtain_stats":[{"Golden Idol":5,"Kunai":9,"Orichalcum":14,"Cracked Core":0,"Nuclear Battery":17},{"Golden Idol":4,"Kunai":5,"Orichalcum":8,"Cracked Core":0,"Nuclear Battery":9},{"Golden Idol":14,"Kunai":17,"Orichalcum":27,"Cracked Core":0,"Nuclear Battery":43}]},"card_choices":[{"not_picked":["Glacier","Blizzard"],"picked":"Cold Snap","floor":0},{"not_picked":["Tempest","Barrage"],"picked":"Redo","floor":1},{"not_picked":["Streamline","Reprogram"],"picked":"Fusion","floor":2},{"not_picked":["Beam Cell","Buffer","Reprogram"],"picked":"SKIP","floor":3},{"not_picked":["Rip and Tear","Stack"],"picked":"Darkness","floor":4},{"not_picked":["PanicButton","Mayhem"],"picked":"Panacea","floor":7},{"not_picked":["Lockon","Rebound"],"picked":"Storm","floor":8},{"not_picked":["Barrage","Steam Power"],"picked":"Redo","floor":10},{"not_picked":["Streamline","Hologram"],"picked":"Coolheaded","floor":11},{"not_picked":["Heatsinks","White Noise"],"picked":"Ball Lightning","floor":13},{"not_picked":["Rainbow","Core Surge"],"picked":"Echo Form","floor":16},{"not_picked":["Redo","Auto Shields"],"picked":"Chaos","floor":18},{"not_picked":["Rebound","Reprogram"],"picked":"Hologram","floor":19},{"not_picked":["Streamline","Sweeping Beam","Go for the Eyes"],"picked":"SKIP","floor":21}],"player_experience":120823,"relics_obtained":[{"floor":9,"key":"Kunai"}],"event_choices":[{"damage_healed":0,"gold_gain":0,"player_choice":"Take Damage","damage_taken":18,"relics_obtained":["Golden Idol"],"max_hp_gain":0,"max_hp_loss":0,"event_name":"Golden Idol","floor":5,"gold_loss":0},{"damage_healed":0,"gold_gain":1,"player_choice":"1","damage_taken":0,"max_hp_gain":0,"max_hp_loss":0,"event_name":"betterStone:BetterStone","floor":7,"gold_loss":0}],"is_beta":false,"boss_relics":[{"not_picked":["Philosopher\u0027s Stone","Tiny House"],"picked":"Nuclear Battery"}],"items_purged_floors":[14,20],"is_endless":false,"potions_floor_spawned":[2,3,8,11,13,19],"killed_by":"Chosen and Byrds","ascension_level":0}}