{"host":"utqe55yv0jihe4d6","time":1609809838,"event":{"mods":["2.2 Compatiblity","AchievementEnabler","BaseMod","Block Reminder","Colored Map","Colored Powertips","Minty Spire (QoL Compilation)","Quick Restart","Rare Cards Sparkle","Relic Stats","SuperFastMode"],"gold_per_floor":[113,132,132,149,168,168,185,219,219,219,235,254,254,254,254,331,331,307,325,375,375,375],"floor_reached":21,"playtime":688,"items_purged":[],"score":370,"play_id":"751413db-09a6-4c8e-9db8-ed8f1f2b9c66","local_time":"20210104202358","is_ascension_mode":true,"campfire_choices":[{"data":"Ball Lightning","floor":6,"key":"SMITH"},{"floor":10,"key":"REST"},{"data":"Defragment","floor":15,"key":"SMITH"}],"circlet_count":0,"master_deck":["AscendersBane","Strike_B","Strike_B","Strike_B","Strike_B","Defend_B","Defend_B","Defend_B","Zap","Dualcast","Hologram","Loop","Ball Lightning+1","Steam","Defragment+1","FTL","Heatsinks+1","Sweeping Beam","Core Surge","Self Repair+1","Glacier"],"relics":["Cracked Core","Orichalcum","Frozen Egg 2","Torii","Lizard Tail","Inserter"],"acts_visited":["Exordium","TheCity"],"potions_floor_usage":[12,14,18,21],"damage_taken":[{"damage":2,"enemies":"2 Louse","floor":1,"turns":3},{"damage":0,"enemies":"Cultist","floor":2,"turns":3},{"damage":4,"enemies":"Small Slimes","floor":4,"turns":4},{"damage":13,"enemies":"Looter","floor":5,"turns":4},{"damage":8,"enemies":"3 Louse","floor":7,"turns":4},{"damage":24,"enemies":"Gremlin Nob","floor":8,"turns":4},{"damage":8,"enemies":"Blue Slaver","floor":11,"turns":3},{"damage":12,"enemies":"Large Slime","floor":12,"turns":4},{"damage":0,"enemies":"Gremlin Gang","floor":14,"turns":1},{"damage":45,"enemies":"The Guardian","floor":16,"turns":10},{"damage":24,"enemies":"2 Thieves","floor":18,"turns":4},{"damage":25,"enemies":"Spheric Guardian","floor":19,"turns":5},{"damage":30,"enemies":"3 Cultists","floor":21,"turns":4}],"seed_played":"-3721195718906350866","potions_obtained":[{"floor":5,"key":"SmokeBomb"},{"floor":11,"key":"SpeedPotion"},{"floor":16,"key":"Weak Potion"},{"floor":19,"key":"DuplicationPotion"}],"is_trial":false,"path_per_floor":["M","M","?","M","M","R","M","E","T","R","M","M","?","M","R","B",null,"M","M","?","M"],"character_chosen":"DEFECT","items_purchased":[],"campfire_rested":1,"item_purchase_floors":[],"current_hp_per_floor":[62,62,62,58,45,45,37,13,13,34,26,14,3,3,3,20,58,34,19,19,0,0],"gold":375,"neow_bonus":"RANDOM_COMMON_RELIC","is_daily":false,"chose_seed":false,"campfire_upgraded":2,"win_rate":0.0,"timestamp":1609809838,"path_taken":["M","M","?","?","M","R","M","E","T","R","?","M","?","M","R","BOSS","M","M","?","?"],"items_purchased_type":[],"build_version":"2020-12-22","purchased_purges":0,"victory":false,"max_hp_per_floor":[71,71,71,71,71,71,71,71,71,71,71,71,71,71,71,71,71,71,71,71,71,71],"relic_stats":{"Lizard Tail":35,"Inserter":[6],"Torii":35,"counters":[13,51],"Orichalcum":[138],"obtain_stats":[{"Lizard Tail":13,"Inserter":17,"Torii":9,"Orichalcum":0,"Frozen Egg 2":8,"Cracked Core":0},{"Lizard Tail":8,"Inserter":10,"Torii":6,"Orichalcum":0,"Frozen Egg 2":6,"Cracked Core":0},{"Lizard Tail":27,"Inserter":38,"Torii":20,"Orichalcum":0,"Frozen Egg 2":20,"Cracked Core":0}]},"card_choices":[{"not_picked":["Gash","Turbo"],"picked":"Hologram","floor":1},{"not_picked":["Leap","Steam"],"picked":"Loop","floor":2},{"not_picked":["Skim","Redo"],"picked":"Ball Lightning","floor":4},{"not_picked":["Thunder Strike","Compile Driver"],"picked":"Steam","floor":5},{"not_picked":["Cold Snap","Turbo"],"picked":"Defragment","floor":7},{"not_picked":["Reboot","Turbo"],"picked":"FTL","floor":8},{"not_picked":["Barrage","Doom and Gloom"],"picked":"Heatsinks+1","floor":11},{"not_picked":["Tempest","Leap"],"picked":"Sweeping Beam","floor":12},{"not_picked":["Seek","Thunder Strike"],"picked":"Core Surge","floor":16},{"not_picked":["Recycle","Blizzard+1"],"picked":"Self Repair+1","floor":18},{"not_picked":["Skim","Stack"],"picked":"Glacier","floor":19}],"player_experience":2936805,"relics_obtained":[{"floor":8,"key":"Frozen Egg 2"},{"floor":9,"key":"Torii"}],"event_choices":[{"cards_removed":["Defend_B"],"damage_healed":0,"gold_gain":0,"player_choice":"Purged","damage_taken":0,"max_hp_gain":0,"max_hp_loss":0,"event_name":"Purifier","floor":3,"gold_loss":0},{"damage_healed":0,"gold_gain":0,"player_choice":"Success","damage_taken":11,"relics_obtained":["Lizard Tail"],"max_hp_gain":0,"max_hp_loss":0,"event_name":"Scrap Ooze","floor":13,"gold_loss":0},{"damage_healed":0,"gold_gain":100,"player_choice":"Bet on Murderer","damage_taken":0,"max_hp_gain":0,"max_hp_loss":0,"event_name":"The Joust","floor":20,"gold_loss":50}],"is_beta":false,"boss_relics":[{"not_picked":["Cursed Key","SacredBark"],"picked":"Inserter"}],"items_purged_floors":[],"is_endless":false,"potions_floor_spawned":[5,11,14,16,19],"killed_by":"3 Cultists","ascension_level":20}}