{"host":"utqe55yv0jihe4d6","time":1609807587,"event":{"mods":["2.2 Compatiblity","AchievementEnabler","BaseMod","Block Reminder","Colored Map","Colored Powertips","Minty Spire (QoL Compilation)","Quick Restart","Rare Cards Sparkle","Relic Stats","SuperFastMode"],"gold_per_floor":[166,1,1,18,35,60,73,99,99,99,129,145,161,175,175,250,250,265,265,265,26,43,78,88,88,112,112,130,55,55,90,90,90,90],"floor_reached":33,"playtime":2478,"items_purged":["Strike_B+1"],"score":614,"play_id":"830cc5f0-9a34-4bbf-b8f4-05c2905d2641","local_time":"20210104194627","is_ascension_mode":true,"campfire_choices":[{"floor":10,"key":"REST"},{"data":"Defragment","floor":15,"key":"SMITH"},{"floor":25,"key":"REST"},{"floor":27,"key":"REST"},{"floor":30,"key":"REST"},{"data":"Buffer","floor":32,"key":"SMITH"}],"circlet_count":0,"master_deck":["AscendersBane","Defend_B+1","Defend_B+1","Defend_B+1","Defend_B+1","Zap+1","Dualcast+1","Ball Lightning","Undo","Defragment+1","Doom and Gloom","Coolheaded","FTL","Loop","Conserve Battery","Reinforced Body","Echo Form","Biased Cognition","Defragment","Melter","Conserve Battery","Sweeping Beam+1","Buffer+1","Go for the Eyes"],"relics":["Tiny House","Orichalcum","Girya","Unceasing Top","Du-Vu Doll","SlaversCollar","PreservedInsect","Thread and Needle","Lantern","InkBottle"],"acts_visited":["Exordium","TheCity"],"potions_floor_usage":[6,31,33],"damage_taken":[{"damage":3,"enemies":"Small Slimes","floor":1,"turns":3},{"damage":0,"enemies":"2 Louse","floor":4,"turns":2},{"damage":7,"enemies":"Jaw Worm","floor":5,"turns":3},{"damage":6,"enemies":"Gremlin Nob","floor":6,"turns":3},{"damage":3,"enemies":"Blue Slaver","floor":7,"turns":3},{"damage":11,"enemies":"Lagavulin","floor":8,"turns":6},{"damage":5,"enemies":"3 Sentries","floor":11,"turns":5},{"damage":0,"enemies":"Exordium Wildlife","floor":12,"turns":3},{"damage":15,"enemies":"Large Slime","floor":13,"turns":5},{"damage":0,"enemies":"2 Fungi Beasts","floor":14,"turns":4},{"damage":2,"enemies":"Hexaghost","floor":16,"turns":6},{"damage":5,"enemies":"Spheric Guardian","floor":18,"turns":4},{"damage":16,"enemies":"Shell Parasite","floor":22,"turns":6},{"damage":22,"enemies":"Gremlin Leader","floor":23,"turns":6},{"damage":17,"enemies":"Snake Plant","floor":24,"turns":7},{"damage":40,"enemies":"3 Cultists","floor":28,"turns":5},{"damage":2,"enemies":"Book of Stabbing","floor":31,"turns":4},{"damage":33,"enemies":"Automaton","floor":33,"turns":6}],"seed_played":"8663577276077990094","potions_obtained":[{"floor":0,"key":"SneckoOil"},{"floor":4,"key":"FearPotion"},{"floor":6,"key":"LiquidBronze"},{"floor":8,"key":"ColorlessPotion"},{"floor":12,"key":"SkillPotion"},{"floor":18,"key":"EssenceOfDarkness"}],"is_trial":false,"path_per_floor":["M","$","?","M","M","E","M","E","T","R","E","M","M","M","R","B",null,"M","?","?","$","M","E","M","R","T","R","M","?","R","E","R","B"],"character_chosen":"DEFECT","items_purchased":["Defragment","Doom and Gloom","PreservedInsect"],"campfire_rested":4,"item_purchase_floors":[2,2,21],"current_hp_per_floor":[66,66,43,43,36,30,27,16,16,38,33,33,18,18,18,16,61,56,56,56,56,40,18,1,23,23,45,5,5,27,25,25,0,0],"gold":90,"neow_bonus":"BOSS_RELIC","is_daily":false,"chose_seed":false,"campfire_upgraded":2,"win_rate":0.0,"timestamp":1609807587,"path_taken":["M","$","?","M","M","E","M","E","T","R","E","M","M","M","R","BOSS","M","?","?","$","M","E","M","R","T","R","M","?","R","E","R","BOSS"],"items_purchased_type":["Card","Card","Relic"],"build_version":"2020-12-22","purchased_purges":1,"victory":false,"max_hp_per_floor":[76,76,76,76,76,76,76,76,76,76,76,76,76,76,76,76,76,76,76,76,76,76,76,76,76,76,76,76,76,76,76,76,76,76],"relic_stats":{"counters":[18,80],"PreservedInsect":92,"Orichalcum":[132],"obtain_stats":[{"Du-Vu Doll":11,"Girya":8,"SlaversCollar":17,"Lantern":26,"Tiny House":0,"Thread and Needle":23,"PreservedInsect":21,"Orichalcum":6,"Cracked Core":0,"Unceasing Top":9,"InkBottle":31},{"Du-Vu Doll":7,"Girya":6,"SlaversCollar":11,"Lantern":15,"Tiny House":0,"Thread and Needle":14,"PreservedInsect":12,"Orichalcum":4,"Cracked Core":0,"Unceasing Top":6,"InkBottle":17},{"Du-Vu Doll":25,"Girya":20,"SlaversCollar":43,"Lantern":65,"Tiny House":0,"Thread and Needle":59,"PreservedInsect":47,"Orichalcum":11,"Cracked Core":0,"Unceasing Top":20,"InkBottle":74}],"Unceasing Top":[2],"InkBottle":[3]},"card_choices":[{"not_picked":["Cold Snap","Rebound"],"picked":"Ball Lightning","floor":0},{"not_picked":["Stack","Aggregate"],"picked":"Undo","floor":1},{"not_picked":["Go for the Eyes","Steam"],"picked":"Coolheaded","floor":4},{"not_picked":["All For One","Stack"],"picked":"FTL","floor":5},{"not_picked":["Darkness","Streamline","Rebound"],"picked":"SKIP","floor":6},{"not_picked":["Coolheaded","Beam Cell"],"picked":"Loop","floor":7},{"not_picked":["Double Energy","Darkness"],"picked":"Conserve Battery","floor":8},{"not_picked":["Steam","Stack"],"picked":"Reinforced Body","floor":11},{"not_picked":["Hologram","Fusion"],"picked":"Echo Form","floor":12},{"not_picked":["Gash","Double Energy","Turbo"],"picked":"SKIP","floor":13},{"not_picked":["Blizzard","Turbo","Compile Driver"],"picked":"SKIP","floor":14},{"not_picked":["Buffer","Creative AI"],"picked":"Biased Cognition","floor":16},{"not_picked":["Recycle","Hologram"],"picked":"Defragment","floor":18},{"not_picked":["Cold Snap","Consume"],"picked":"Sweeping Beam+1","floor":22},{"not_picked":["Hologram","Streamline"],"picked":"Buffer","floor":23},{"not_picked":["Rebound","Hologram","Steam"],"picked":"SKIP","floor":24},{"not_picked":["Hologram","Stack"],"picked":"Go for the Eyes","floor":28},{"not_picked":["Double Energy","Ball Lightning+1","Hello World"],"picked":"SKIP","floor":31}],"player_experience":2936805,"relics_obtained":[{"floor":6,"key":"Orichalcum"},{"floor":8,"key":"Girya"},{"floor":9,"key":"Unceasing Top"},{"floor":11,"key":"Du-Vu Doll"},{"floor":23,"key":"Thread and Needle"},{"floor":26,"key":"Lantern"},{"floor":31,"key":"InkBottle"}],"event_choices":[{"damage_healed":0,"gold_gain":0,"player_choice":"Entered Light","damage_taken":23,"max_hp_gain":0,"max_hp_loss":0,"event_name":"Shining Light","floor":3,"gold_loss":0,"cards_upgraded":["Dualcast","Zap"]},{"damage_healed":0,"gold_gain":0,"player_choice":"Simplicity","damage_taken":0,"max_hp_gain":0,"max_hp_loss":0,"event_name":"Back to Basics","floor":19,"gold_loss":0,"cards_upgraded":["Strike_B","Strike_B","Strike_B","Defend_B","Defend_B","Defend_B","Defend_B"]},{"damage_healed":0,"gold_gain":0,"cards_transformed":["Strike_B","Strike_B"],"player_choice":"Became Test Subject","damage_taken":0,"max_hp_gain":0,"max_hp_loss":0,"event_name":"Drug Dealer","floor":20,"gold_loss":0,"cards_obtained":["Melter","Conserve Battery"]},{"cards_removed":["Strike_B"],"damage_healed":0,"gold_gain":0,"player_choice":"Gave Gold","damage_taken":0,"max_hp_gain":0,"max_hp_loss":0,"event_name":"Beggar","floor":29,"gold_loss":75}],"is_beta":false,"boss_relics":[{"not_picked":["Philosopher\u0027s Stone","Black Star"],"picked":"SlaversCollar"}],"items_purged_floors":[21],"is_endless":false,"potions_floor_spawned":[4,6,8,12,18,23,28],"killed_by":"Automaton","ascension_level":20}}