{"host":"mike","time":1609888390,"event":{"mods":["2.2 Compatiblity","AchievementEnabler","BaseMod","Dio Mod","Hermit","Highlight Path","Jorbs\u0027s Wanderer Trilogy","Minty Spire (QoL Compilation)","Random Character Button","Rare Cards Sparkle","Relic Stats","StSLib","The Bladedancer","The Cursed","The Marked"],"gold_per_floor":[114,114,114,128,148,174,174,209,209,240,253,271,271,289,289,387,387,407,419,344,73,108,108,133,107,107,133,133,160,186,195,195,302,302,316,316,327,386,300,344,566,566,599,639,317,349,361,379,379,379,379,379,48,83,83],"floor_reached":56,"playtime":4353,"items_purged":["theMarked:Strike"],"score":1472,"play_id":"eb3dd589-2e00-4af9-88bc-f394f921f1d9","local_time":"20210105181310","is_ascension_mode":true,"campfire_choices":[{"data":"theMarked:SoldierOfQuellstein","floor":13,"key":"SMITH"},{"data":"theMarked:Challenge","floor":15,"key":"SMITH"},{"data":"theMarked:MysticalArsenal","floor":23,"key":"SMITH"},{"data":"theMarked:SoldierForm","floor":28,"key":"SMITH"},{"data":"theMarked:WardOff","floor":32,"key":"SMITH"},{"floor":42,"key":"RECALL"},{"data":"theMarked:RogueSparks","floor":49,"key":"SMITH"},{"data":"theMarked:WardOff","floor":52,"key":"SMITH"}],"circlet_count":0,"master_deck":["theMarked:Strike","theMarked:Strike","theMarked:Defend+1","theMarked:Defend","theMarked:Defend","theMarked:Defend+1","theMarked:SoldierOfQuellstein+1","theMarked:ElectricStrings","theMarked:Abjuration+1","theMarked:HeightenedSenses","theMarked:ParalyzingBlade","theMarked:ElectricStrings","stsjorbsmod:Withering","theMarked:MysticalArsenal+1","theMarked:EmpowerWeapon","theMarked:SwordAndMagic","theMarked:Challenge+1","theMarked:SoldierForm+1","theMarked:WardOff+1","theMarked:WardOff+1","theMarked:RogueSparks+1","theMarked:BanishingWave+1","theMarked:SelfDefenseTraining+1","theMarked:MuscleMemory","theMarked:EternalStudent","theMarked:Overcharge+1","theMarked:HeritageOfTheMarked","theMarked:Vacuum","Clumsy","theMarked:StartUp+1","theMarked:MysticalArsenal+1","Panache+1","theMarked:ContemptForTheProud"],"relics":["Cursed Key","War Paint","Eternal Feather","Du-Vu Doll","theMarked:SpiritSword","Membership Card","Omamori","Red Mask","CeramicFish","Shuriken","Blue Candle","Philosopher\u0027s Stone","theMarked:KettuFlask","Art of War","Letter Opener","Happy Flower","The Courier","Nunchaku","Pantograph","Lantern","Frozen Egg 2","Mummified Hand","Sling","theMarked:VonisonLock","Centennial Puzzle","HornCleat"],"acts_visited":["Exordium","TheCity","TheBeyond","TheEnding"],"potions_floor_usage":[22,55,55],"damage_taken":[{"damage":0,"enemies":"Small Slimes","floor":1,"turns":3},{"damage":0,"enemies":"Cultist","floor":4,"turns":3},{"damage":0,"enemies":"Jaw Worm","floor":5,"turns":3},{"damage":19,"enemies":"3 Sentries","floor":6,"turns":7},{"damage":0,"enemies":"Lagavulin","floor":8,"turns":6},{"damage":11,"enemies":"Gremlin Nob","floor":10,"turns":5},{"damage":0,"enemies":"2 Fungi Beasts","floor":11,"turns":4},{"damage":7,"enemies":"Exordium Wildlife","floor":12,"turns":4},{"damage":9,"enemies":"3 Louse","floor":14,"turns":2},{"damage":21,"enemies":"Slime Boss","floor":16,"turns":6},{"damage":7,"enemies":"Shell Parasite","floor":18,"turns":4},{"damage":19,"enemies":"2 Thieves","floor":19,"turns":4},{"damage":16,"enemies":"Masked Bandits","floor":22,"turns":4},{"damage":1,"enemies":"Gremlin Leader","floor":24,"turns":6},{"damage":0,"enemies":"Cultist and Chosen","floor":27,"turns":5},{"damage":15,"enemies":"Slavers","floor":29,"turns":5},{"damage":1,"enemies":"Snake Plant","floor":30,"turns":4},{"damage":5,"enemies":"Collector","floor":33,"turns":5},{"damage":0,"enemies":"Orb Walker","floor":35,"turns":2},{"damage":2,"enemies":"3 Shapes","floor":37,"turns":2},{"damage":10,"enemies":"Mind Bloom Boss Battle","floor":38,"turns":5},{"damage":1,"enemies":"Giant Head","floor":40,"turns":6},{"damage":0,"enemies":"Reptomancer","floor":44,"turns":3},{"damage":39,"enemies":"Nemesis","floor":46,"turns":5},{"damage":0,"enemies":"3 Darklings","floor":47,"turns":3},{"damage":1,"enemies":"Transient","floor":48,"turns":5},{"damage":28,"enemies":"Time Eater","floor":50,"turns":6},{"damage":21,"enemies":"Shield and Spear","floor":54,"turns":2},{"damage":25,"enemies":"The Heart","floor":55,"turns":7}],"seed_played":"-351268207321604036","potions_obtained":[{"floor":4,"key":"FearPotion"},{"floor":5,"key":"SteroidPotion"},{"floor":11,"key":"AttackPotion"},{"floor":16,"key":"Energy Potion"},{"floor":27,"key":"DistilledChaos"},{"floor":29,"key":"DuplicationPotion"},{"floor":40,"key":"EssenceOfSteel"}],"is_trial":false,"path_per_floor":["M","?","?","M","M","E","?","E","T","E","M","M","R","M","R","B",null,"M","M","?","$","?","R","E","$","T","M","R","E","M","?","R","B",null,"M","?","M","?","$","E","?","R","T","E","$","E","M","M","R","B",null,"R","$","E","B",null],"character_chosen":"THE_DEFAULT","items_purchased":["Membership Card","Omamori","theMarked:RogueSparks","theMarked:HeritageOfTheMarked","Art of War","Nunchaku","Pantograph","Lantern","Frozen Egg 2","theMarked:MysticalArsenal+1","Sling","theMarked:VonisonLock","Centennial Puzzle","Panache+1"],"campfire_rested":0,"item_purchase_floors":[21,21,25,39,39,45,45,45,45,53,53,53,53,53],"current_hp_per_floor":[70,70,75,75,75,56,56,56,56,45,45,38,47,38,47,26,75,68,49,49,49,33,45,44,44,44,44,56,41,40,40,52,47,75,75,75,73,63,63,62,62,75,75,75,75,36,36,35,53,47,75,75,75,54,50],"gold":83,"neow_bonus":"BOSS_RELIC","is_daily":false,"chose_seed":false,"campfire_upgraded":7,"win_rate":0.0,"timestamp":1609888390,"path_taken":["M","?","?","M","M","E","?","E","T","E","M","?","R","M","R","BOSS","M","M","?","$","?","R","E","?","T","M","R","E","?","?","R","BOSS","M","?","M","?","$","E","?","R","T","E","$","E","M","M","R","BOSS","R","$","E","BOSS"],"items_purchased_type":["Relic","Relic","Card","Card","Relic","Relic","Relic","Relic","Relic","Card","Relic","Relic","Relic","Card"],"build_version":"2020-12-18","purchased_purges":1,"victory":true,"max_hp_per_floor":[70,70,75,75,75,75,75,75,75,75,75,75,75,75,75,75,75,75,75,75,75,75,75,75,75,75,75,75,75,75,75,75,75,75,75,75,75,75,75,75,75,75,75,75,75,75,75,75,75,75,75,75,75,75,75],"relic_stats":{"Happy Flower":[10],"counters":[29,125],"CeramicFish":117,"Blue Candle":[7],"Eternal Feather":85,"Letter Opener":[40],"War Paint":["theMarked:Defend","theMarked:Defend"],"Cursed Key":3,"Nunchaku":[9],"Centennial Puzzle":[6],"Shuriken":[36],"Mummified Hand":[20],"Pantograph":43,"Art of War":[2],"obtain_stats":[{"Lantern":45,"CeramicFish":24,"theMarked:SpiritSword":17,"Cursed Key":0,"Sling":53,"theMarked:KettuFlask":38,"Nunchaku":45,"Centennial Puzzle":53,"HornCleat":54,"Mummified Hand":46,"Pantograph":45,"Philosopher\u0027s Stone":34,"theMarked:VonisonLock":53,"Red Mask":22,"Happy Flower":43,"Blue Candle":29,"Eternal Feather":8,"The Courier":44,"Omamori":21,"Letter Opener":40,"War Paint":6,"Frozen Egg 2":45,"Du-Vu Doll":10,"theMarked:ArtifactOfAir":0,"Shuriken":26,"Art of War":39,"Membership Card":21},{"Lantern":23,"CeramicFish":14,"theMarked:SpiritSword":10,"Cursed Key":0,"Sling":27,"theMarked:KettuFlask":21,"Nunchaku":23,"Centennial Puzzle":27,"HornCleat":28,"Mummified Hand":24,"Pantograph":23,"Philosopher\u0027s Stone":18,"theMarked:VonisonLock":27,"Red Mask":13,"Happy Flower":22,"Blue Candle":16,"Eternal Feather":5,"The Courier":23,"Omamori":12,"Letter Opener":22,"War Paint":4,"Frozen Egg 2":23,"Du-Vu Doll":6,"theMarked:ArtifactOfAir":0,"Shuriken":14,"Art of War":21,"Membership Card":12},{"Lantern":98,"CeramicFish":61,"theMarked:SpiritSword":43,"Cursed Key":0,"Sling":116,"theMarked:KettuFlask":89,"Nunchaku":98,"Centennial Puzzle":116,"HornCleat":118,"Mummified Hand":102,"Pantograph":98,"Philosopher\u0027s Stone":80,"theMarked:VonisonLock":116,"Red Mask":55,"Happy Flower":95,"Blue Candle":71,"Eternal Feather":22,"The Courier":98,"Omamori":51,"Letter Opener":95,"War Paint":16,"Frozen Egg 2":98,"Du-Vu Doll":27,"theMarked:ArtifactOfAir":0,"Shuriken":61,"Art of War":89,"Membership Card":51}]},"card_choices":[{"not_picked":["theMarked:Frustration","theMarked:Electrify"],"picked":"theMarked:ElectricStrings","floor":1},{"not_picked":["theMarked:Improvise","theMarked:ResourceFulStrike"],"picked":"theMarked:HeightenedSenses","floor":4},{"not_picked":["theMarked:MaelstromOfLightning","theMarked:SwordAndMagic"],"picked":"theMarked:ParalyzingBlade","floor":5},{"not_picked":["theMarked:Parkour","theMarked:WastefulAttack"],"picked":"theMarked:ElectricStrings","floor":6},{"not_picked":["theMarked:TwofoldDefense","theMarked:CreepingChasm","theMarked:GodGivenPower"],"picked":"SKIP","floor":8},{"not_picked":["theMarked:TunnelVision","theMarked:Standoff"],"picked":"theMarked:MysticalArsenal","floor":10},{"not_picked":["theMarked:Static","theMarked:HeightenedSenses"],"picked":"theMarked:EmpowerWeapon","floor":11},{"not_picked":["theMarked:Overthink","theMarked:Aftermath"],"picked":"theMarked:SwordAndMagic","floor":12},{"not_picked":["theMarked:HeightenedSenses","theMarked:EnhanceMovement"],"picked":"theMarked:Challenge","floor":14},{"not_picked":["theMarked:ThrowWeapon","theMarked:Challenge"],"picked":"theMarked:SoldierForm","floor":16},{"not_picked":["theMarked:Overthink","theMarked:EmpowerWeapon","theMarked:RepellingDischarge"],"picked":"SKIP","floor":18},{"not_picked":["theMarked:RepellingDischarge","theMarked:SelfDefenseTraining+1"],"picked":"theMarked:WardOff","floor":19},{"not_picked":["theMarked:Frustration","theMarked:RepellingDischarge"],"picked":"theMarked:WardOff","floor":22},{"not_picked":["theMarked:ElectricStrings+1","theMarked:HeightenedSenses+1","theMarked:Parkour+1"],"picked":"SKIP","floor":24},{"not_picked":["theMarked:Frustration","theMarked:RogueSparks"],"picked":"theMarked:BanishingWave+1","floor":27},{"not_picked":["theMarked:ElectricStrings","theMarked:Frustration","theMarked:Parkour+1"],"picked":"SKIP","floor":29},{"not_picked":["theMarked:Standoff+1","theMarked:SwordAndMagic"],"picked":"theMarked:SelfDefenseTraining+1","floor":30},{"not_picked":["theMarked:Levitate","theMarked:Vacuum"],"picked":"theMarked:EternalStudent","floor":33},{"not_picked":["theMarked:HeightenedSenses","theMarked:ParalyzingBlade","theMarked:Frustration"],"picked":"SKIP","floor":35},{"not_picked":["theMarked:RogueSparks+1","theMarked:Improvise+1","theMarked:Parkour"],"picked":"SKIP","floor":37},{"not_picked":["theMarked:EmpowerWeapon+1","theMarked:RepellingDischarge+1"],"picked":"theMarked:Overcharge+1","floor":38},{"not_picked":["theMarked:Static+1","theMarked:Aftermath+1"],"picked":"theMarked:Vacuum","floor":40},{"not_picked":["theMarked:ResourceFulStrike+1","theMarked:MagicAdept"],"picked":"theMarked:StartUp+1","floor":44},{"not_picked":["theMarked:PowerFlow","theMarked:BanishingStrike+1","theMarked:RepellingDischarge"],"picked":"SKIP","floor":46},{"not_picked":["theMarked:RepellingDischarge+1","theMarked:Frustration","theMarked:Generate+1"],"picked":"SKIP","floor":47},{"not_picked":["theMarked:Aftermath","theMarked:WardOff","theMarked:BanishingStrike+1"],"picked":"SKIP","floor":48},{"not_picked":["theMarked:ResourceFulStrike","theMarked:CreepingChasm+1"],"picked":"theMarked:ContemptForTheProud","floor":54}],"player_experience":310284,"relics_obtained":[{"floor":6,"key":"War Paint"},{"floor":8,"key":"Eternal Feather"},{"floor":10,"key":"Du-Vu Doll"},{"floor":22,"key":"Red Mask"},{"floor":24,"key":"CeramicFish"},{"floor":26,"key":"Shuriken"},{"floor":29,"key":"Blue Candle"},{"floor":38,"key":"theMarked:KettuFlask"},{"floor":40,"key":"Letter Opener"},{"floor":43,"key":"Happy Flower"},{"floor":44,"key":"The Courier"},{"floor":46,"key":"Mummified Hand"},{"floor":54,"key":"HornCleat"}],"event_choices":[{"damage_healed":0,"gold_gain":0,"cards_transformed":["theMarked:Strike"],"player_choice":"Change","damage_taken":0,"max_hp_gain":0,"max_hp_loss":0,"event_name":"Living Wall","floor":2,"gold_loss":0,"cards_obtained":["theMarked:Abjuration"]},{"damage_healed":0,"gold_gain":0,"player_choice":"Donut","damage_taken":0,"max_hp_gain":5,"max_hp_loss":0,"event_name":"Big Fish","floor":3,"gold_loss":0},{"damage_healed":0,"gold_gain":0,"player_choice":"Upgraded","damage_taken":0,"max_hp_gain":0,"max_hp_loss":0,"event_name":"Upgrade Shrine","floor":7,"gold_loss":0,"cards_upgraded":["theMarked:Abjuration"]},{"cards_removed":["theMarked:Strike"],"damage_healed":0,"gold_gain":0,"player_choice":"Gave Gold","damage_taken":0,"max_hp_gain":0,"max_hp_loss":0,"event_name":"Beggar","floor":20,"gold_loss":75},{"damage_healed":0,"gold_gain":0,"player_choice":"Fought Bandits","damage_taken":0,"max_hp_gain":0,"max_hp_loss":0,"event_name":"Masked Bandits","floor":22,"gold_loss":0},{"damage_healed":0,"gold_gain":0,"player_choice":"Read","damage_taken":0,"max_hp_gain":0,"max_hp_loss":0,"event_name":"The Library","floor":31,"gold_loss":0,"cards_obtained":["theMarked:MuscleMemory"]},{"damage_healed":19,"gold_gain":0,"player_choice":"Writhe","damage_taken":0,"max_hp_gain":0,"max_hp_loss":0,"event_name":"Winding Halls","floor":36,"gold_loss":0,"cards_obtained":["Writhe"]},{"damage_healed":0,"gold_gain":0,"player_choice":"Fight","damage_taken":0,"max_hp_gain":0,"max_hp_loss":0,"event_name":"MindBloom","floor":38,"gold_loss":0},{"damage_healed":0,"gold_gain":222,"player_choice":"Wore Mask","damage_taken":0,"max_hp_gain":0,"max_hp_loss":0,"event_name":"Tomb of Lord Red Mask","floor":41,"gold_loss":0}],"is_beta":true,"boss_relics":[{"not_picked":["Fusion Hammer","Busted Crown"],"picked":"theMarked:SpiritSword"},{"not_picked":["Pandora\u0027s Box","Runic Dome"],"picked":"Philosopher\u0027s Stone"}],"items_purged_floors":[21],"is_endless":false,"potions_floor_spawned":[4,5,11,12,16,27,29,30,35,40,44,48,54],"ascension_level":2}}