{"host":"rolltorest","time":1609831452,"event":{"mods":["BaseMod","Minty Spire (QoL Compilation)","Relic Stats","Slay the Relics Exporter","StSLib","The Servant 0.9.4"],"gold_per_floor":[117,117,117,138,138,138,173,173,197,197,216,252,252,273,273,362,362,385,32,46,67,67,67,95,95,95,43,60,89,89,89,89],"floor_reached":31,"playtime":714,"items_purged":[],"score":612,"play_id":"bf5e935c-3cb0-481e-8551-1f3117129eb3","local_time":"20210104232412","is_ascension_mode":true,"campfire_choices":[{"data":"Potential","floor":6,"key":"SMITH"},{"data":"KidneyShot","floor":8,"key":"SMITH"},{"data":"Deadline","floor":13,"key":"SMITH"},{"floor":15,"key":"REST"},{"floor":23,"key":"REST"},{"floor":25,"key":"REST"}],"circlet_count":0,"master_deck":["AscendersBane","Strike_S+1","Strike_S","Strike_S","Strike_S+1","Defend_S","Defend_S","Defend_S","Defend_S","KidneyShot+1","Exchange","TimeWarp","Potential+1","Deadline+1","Misdirection","Desolation","Starlight","FloweringNight","Gouge+1","Moondial","DualDimension","Defy+1","Replace+1","FastForward+1","Writhe"],"relics":["Uniform","NeowsBlessing","Bloody Idol","Broom","Art of War","Boot","Ginger","StoneMask","Shuriken","KneeBrace","Toxic Egg 2","Eternal Feather","Darkstone Periapt"],"acts_visited":["Exordium","TheCity"],"potions_floor_usage":[12,18,20,24,29],"damage_taken":[{"damage":0,"enemies":"Jaw Worm","floor":1,"turns":1},{"damage":0,"enemies":"2 Louse","floor":4,"turns":1},{"damage":0,"enemies":"Lagavulin","floor":7,"turns":1},{"damage":2,"enemies":"Small Slimes","floor":11,"turns":3},{"damage":8,"enemies":"Gremlin Nob","floor":12,"turns":4},{"damage":11,"enemies":"Exordium Wildlife","floor":14,"turns":3},{"damage":17,"enemies":"Slime Boss","floor":16,"turns":8},{"damage":16,"enemies":"2 Thieves","floor":18,"turns":4},{"damage":8,"enemies":"Spheric Guardian","floor":20,"turns":4},{"damage":13,"enemies":"Cultist and Chosen","floor":21,"turns":5},{"damage":32,"enemies":"Gremlin Leader","floor":24,"turns":5},{"damage":17,"enemies":"Shelled Parasite and Fungi","floor":28,"turns":5},{"damage":21,"enemies":"Slavers","floor":29,"turns":4},{"damage":24,"enemies":"Gremlin Leader","floor":31,"turns":2}],"seed_played":"-7795051999733741450","potions_obtained":[{"floor":4,"key":"LiquidBronze"},{"floor":7,"key":"PowerPotion"},{"floor":16,"key":"Block Potion"},{"floor":18,"key":"SkillPotion"},{"floor":24,"key":"BlessingOfTheForge"},{"floor":29,"key":"Energy Potion"}],"is_trial":false,"path_per_floor":["M","?","?","M","?","R","E","R","T","?","M","E","R","M","R","B",null,"M","$","M","M","?","R","E","R","T","$","M","E","?","E"],"character_chosen":"THE_SERVANT","items_purchased":["Shuriken","Moondial","Defy+1"],"campfire_rested":3,"item_purchase_floors":[19,19,27],"current_hp_per_floor":[54,54,38,38,27,27,27,27,27,27,25,17,17,6,22,5,42,32,32,27,20,20,37,13,31,31,31,25,18,24,0,0],"gold":89,"neow_bonus":"THREE_ENEMY_KILL","is_daily":false,"chose_seed":false,"campfire_upgraded":3,"win_rate":0.0,"timestamp":1609831452,"path_taken":["M","?","?","M","?","R","E","R","T","?","M","E","R","?","R","BOSS","M","$","M","M","?","R","E","R","T","$","M","E","?","E"],"items_purchased_type":["Relic","Card","Card"],"build_version":"2020-12-18","purchased_purges":0,"victory":false,"max_hp_per_floor":[60,54,54,54,54,54,54,54,54,54,54,54,54,54,54,54,54,56,56,57,59,59,59,60,60,60,60,62,65,71,71,71],"relic_stats":{"Darkstone Periapt":6,"counters":[14,50],"Shuriken":[12],"Bloody Idol":15,"Eternal Feather":0,"Art of War":[2],"Ginger":[10],"Boot":[22],"obtain_stats":[{"Darkstone Periapt":30,"KneeBrace":24,"NeowsBlessing":0,"Golden Idol":2,"StoneMask":17,"Eternal Feather":29,"Uniform":0,"Broom":5,"Ginger":12,"Boot":9,"Shuriken":19,"Bloody Idol":22,"Art of War":7,"Toxic Egg 2":26},{"Darkstone Periapt":13,"KneeBrace":11,"NeowsBlessing":0,"Golden Idol":1,"StoneMask":7,"Eternal Feather":13,"Uniform":0,"Broom":2,"Ginger":5,"Boot":3,"Shuriken":8,"Bloody Idol":10,"Art of War":3,"Toxic Egg 2":11},{"Darkstone Periapt":48,"KneeBrace":39,"NeowsBlessing":0,"Golden Idol":1,"StoneMask":21,"Eternal Feather":48,"Uniform":0,"Broom":2,"Ginger":10,"Boot":3,"Shuriken":25,"Bloody Idol":34,"Art of War":3,"Toxic Egg 2":39}]},"card_choices":[{"not_picked":["BottledTime","ReturningBlade"],"picked":"TimeWarp","floor":1},{"not_picked":["TimeWarp","Unruled"],"picked":"Potential","floor":4},{"not_picked":["FastForward","Desolation"],"picked":"Deadline","floor":7},{"not_picked":["BestPractice","Defy"],"picked":"Misdirection","floor":11},{"not_picked":["BottledTime","Potential"],"picked":"Desolation","floor":12},{"not_picked":["ReturningBlade","TimeWarp"],"picked":"Starlight","floor":14},{"not_picked":["Duplication","Dilation"],"picked":"FloweringNight","floor":16},{"not_picked":["Misdirection","Unruled"],"picked":"Gouge+1","floor":18},{"not_picked":["FastForward","GearUp","Starlight"],"picked":"SKIP","floor":20},{"not_picked":["RealityMarble+1","Rewind"],"picked":"DualDimension","floor":21},{"not_picked":["BestPractice","Potential","Misdirection"],"picked":"SKIP","floor":24},{"not_picked":["Starlight","WasteNot"],"picked":"Replace+1","floor":28},{"not_picked":["TimeWarp","Rearm+1"],"picked":"FastForward+1","floor":29}],"player_experience":1916676,"relics_obtained":[{"floor":7,"key":"Art of War"},{"floor":9,"key":"Boot"},{"floor":12,"key":"Ginger"},{"floor":24,"key":"KneeBrace"},{"floor":26,"key":"Toxic Egg 2"},{"floor":29,"key":"Eternal Feather"}],"event_choices":[{"damage_healed":0,"gold_gain":0,"player_choice":"Lose Max HP","damage_taken":0,"relics_obtained":["Golden Idol"],"max_hp_gain":0,"max_hp_loss":6,"event_name":"Golden Idol","floor":2,"gold_loss":0},{"damage_healed":0,"gold_gain":0,"player_choice":"Entered Light","damage_taken":16,"max_hp_gain":0,"max_hp_loss":0,"event_name":"Shining Light","floor":3,"gold_loss":0,"cards_upgraded":["Strike_S","Strike_S"]},{"damage_healed":0,"gold_gain":0,"player_choice":"Success","damage_taken":11,"relics_obtained":["Broom"],"max_hp_gain":0,"max_hp_loss":0,"event_name":"Scrap Ooze","floor":5,"gold_loss":0},{"damage_healed":0,"gold_gain":0,"player_choice":"Ignored","damage_taken":0,"max_hp_gain":0,"max_hp_loss":0,"event_name":"Golden Wing","floor":10,"gold_loss":0},{"damage_healed":0,"gold_gain":0,"player_choice":"Gave Idol","damage_taken":0,"relics_obtained":["Bloody Idol"],"max_hp_gain":0,"max_hp_loss":0,"event_name":"Forgotten Altar","floor":22,"relics_lost":["Golden Idol"],"gold_loss":0},{"damage_healed":0,"gold_gain":0,"player_choice":"Opened","damage_taken":0,"relics_obtained":["Darkstone Periapt"],"max_hp_gain":0,"max_hp_loss":0,"event_name":"The Mausoleum","floor":30,"gold_loss":0,"cards_obtained":["Writhe"]}],"is_beta":true,"boss_relics":[{"not_picked":["SlaversCollar","Calling Bell"],"picked":"StoneMask"}],"items_purged_floors":[],"is_endless":false,"potions_floor_spawned":[4,7,16,18,24,29],"killed_by":"Gremlin Leader","ascension_level":20}}