{"host":"kg61lsvem4dxoat8","time":1609840886,"event":{"mods":["BaseMod","Colored Powertips","Minty Spire (QoL Compilation)","Quick Restart","Rare Cards Sparkle","Relic Stats","slay the spire mod where everything is the same but ironclad has a cowboy hat"],"gold_per_floor":[99,99,99,99,99,99,99,99,99,99,99],"floor_reached":10,"playtime":264,"items_purged":[],"score":102,"play_id":"bcb2f77a-3bcd-4c7e-9256-e67a2deb4c80","local_time":"20210105180126","is_ascension_mode":true,"campfire_choices":[{"data":"Blade Dance","floor":6,"key":"SMITH"}],"circlet_count":0,"master_deck":["AscendersBane","Strike_G","Strike_G","Strike_G","Strike_G","Defend_G+1","Defend_G+1","Defend_G","Defend_G","Defend_G","Survivor","Neutralize","Blade Dance+1","Dodge and Roll"],"relics":["Ectoplasm","Art of War","Ninja Scroll"],"acts_visited":["Exordium"],"potions_floor_usage":[7],"damage_taken":[{"damage":0,"enemies":"Small Slimes","floor":1,"turns":4},{"damage":4,"enemies":"Jaw Worm","floor":4,"turns":5},{"damage":31,"enemies":"Gremlin Nob","floor":7,"turns":5},{"damage":12,"enemies":"Lagavulin","floor":10,"turns":2}],"seed_played":"-2838152387411323726","potions_obtained":[{"floor":4,"key":"GhostInAJar"}],"is_trial":false,"path_per_floor":["M","?","?","M","?","R","E","$","T","E"],"character_chosen":"THE_SILENT","items_purchased":[],"campfire_rested":0,"item_purchase_floors":[],"current_hp_per_floor":[63,49,49,45,38,38,7,7,7,0,0],"gold":99,"neow_bonus":"BOSS_RELIC","is_daily":false,"chose_seed":false,"campfire_upgraded":1,"win_rate":0.0,"timestamp":1609840886,"path_taken":["M","?","?","M","?","R","E","?","T","E"],"items_purchased_type":[],"build_version":"2020-12-22","purchased_purges":0,"victory":false,"max_hp_per_floor":[70,70,70,70,70,70,70,70,70,70,70],"relic_stats":{"counters":[4,16],"Ectoplasm":134,"Art of War":[0],"obtain_stats":[{"Ninja Scroll":9,"Ectoplasm":0,"Art of War":7,"Ring of the Snake":0},{"Ninja Scroll":3,"Ectoplasm":0,"Art of War":3,"Ring of the Snake":0},{"Ninja Scroll":14,"Ectoplasm":0,"Art of War":14,"Ring of the Snake":0}]},"card_choices":[{"not_picked":["Deflect","Acrobatics","Catalyst"],"picked":"SKIP","floor":1},{"not_picked":["Outmaneuver","Setup"],"picked":"Blade Dance","floor":4},{"not_picked":["Dagger Throw","Underhanded Strike"],"picked":"Dodge and Roll","floor":7}],"player_experience":1300506,"relics_obtained":[{"floor":7,"key":"Art of War"},{"floor":9,"key":"Ninja Scroll"}],"event_choices":[{"damage_healed":0,"gold_gain":0,"player_choice":"Entered Light","damage_taken":14,"max_hp_gain":0,"max_hp_loss":0,"event_name":"Shining Light","floor":2,"gold_loss":0,"cards_upgraded":["Defend_G","Defend_G"]},{"damage_healed":0,"gold_gain":0,"player_choice":"Ignored","damage_taken":0,"max_hp_gain":0,"max_hp_loss":0,"event_name":"Liars Game","floor":3,"gold_loss":0},{"cards_removed":["Strike_G"],"damage_healed":0,"gold_gain":0,"player_choice":"Card Removal","damage_taken":7,"max_hp_gain":0,"max_hp_loss":0,"event_name":"Golden Wing","floor":5,"gold_loss":0}],"is_beta":false,"boss_relics":[],"items_purged_floors":[],"is_endless":false,"potions_floor_spawned":[4],"killed_by":"Lagavulin","ascension_level":12}}