{"host":"uikxj58mzlixykyi","time":1609878855,"event":{"mods":["AchievementEnabler","BaseMod","BetterRewards","Colored Map","Colored Powertips","Downfall","Highlight Path","Minty Spire (QoL Compilation)","Rare Cards Sparkle","Replay The Spire","Shop Mod","StSLib"],"gold_per_floor":[99,117,117,392,411,411,434,384,404,434,384,400,350,363,379,481,481,431,443,461,461,461,134,160,160,35,35,51,69,19,48,79,191,203,165,191,203,229,254,281,293,355,393,355,367,329,351,66,79,79],"floor_reached":51,"playtime":2374,"items_purged":["Regret","Normality"],"score":1247,"play_id":"f103c2c0-47bb-4542-84e3-da86d17e3bb7","local_time":"20210105223415","is_ascension_mode":true,"campfire_choices":[{"data":"Slimebound:Recycling","floor":8.0,"key":"SMITH"},{"data":"Slimebound:CorrosiveSpit","floor":11.0,"key":"SMITH"},{"data":"Slimebound:RejuvenatingLick","floor":13.0,"key":"SMITH"},{"data":"Slimebound:Split","floor":18.0,"key":"SMITH"},{"data":"Slimebound:Overexert","floor":26.0,"key":"SMITH"},{"floor":30,"key":"REST"},{"data":"Slimebound:MassRepurpose","floor":35,"key":"SMITH"},{"data":"Slimebound:SamplingLick","floor":44,"key":"SMITH"},{"data":"Slimebound:SamplingLick","floor":46,"key":"SMITH"}],"circlet_count":0,"master_deck":["AscendersBane","Slimebound:Tackle","Slimebound:Defend_Slimebound","Slimebound:Defend_Slimebound","Slimebound:Defend_Slimebound","Slimebound:Defend_Slimebound","Slimebound:Split+1","Slimebound:CorrosiveSpit+1","Slimebound:Recycling+1","Slimebound:SplitMire","Slimebound:SamplingLick+1","Slimebound:RejuvenatingLick+1","Slimebound:LeechLife","Slimebound:SamplingLick+1","Slimebound:Overexert+1","Slimebound:SlimeTap+1","Slimebound:Tackle+1","Slimebound:Tackle+1","Slimebound:Tackle+1","Slimebound:SplitLeeching","Slimebound:SplitLeeching","Shame","Slimebound:SlimeBarrage+1","Slimebound:SamplingLick+1","Slimebound:RallyTheTroops+1","Slimebound:MassRepurpose+1","CurseOfTheBell","Slimebound:Overexert+1","Slimebound:SplitLeeching+1","Slimebound:SlimeBarrage+1","Slimebound:Recollect+1","Slimebound:Repurpose+1","Slimebound:ServeAndProtect+1","Slimebound:DivideAndConquer+1","Slimebound:SplitMire+1"],"relics":["Slimebound:AbsorbEndCombat","Slimebound:GreedOozeRelic","Blue Doll","Mummified Hand","ChewingGum","The Courier","WingedGreaves","downfall:HeartBlessingBlue","Molten Egg 2","MawBank","Replay:Grab Bag","Cursed Key","Slimebound:TarBlob","Calling Bell","Bronze Scales","Matryoshka","Ginger","Eternal Feather","Bag of Preparation","Slimebound:SlimedTailRelic","Question Card","Sling","Du-Vu Doll","ReplayFunnel"],"acts_visited":["Exordium","TheCity","TheBeyond"],"potions_floor_usage":[29,50],"damage_taken":[{"damage":21.0,"enemies":"Small Slimes","floor":2.0,"turns":4.0},{"damage":12.0,"enemies":"Jaw Worm","floor":5.0,"turns":4.0},{"damage":13.0,"enemies":"Cultist","floor":9.0,"turns":3.0},{"damage":38.0,"enemies":"Lagavulin","floor":10.0,"turns":6.0},{"damage":23.0,"enemies":"3 Louse","floor":12.0,"turns":3.0},{"damage":29.0,"enemies":"Lots of Slimes","floor":14.0,"turns":3.0},{"damage":16.0,"enemies":"Large Slime","floor":15.0,"turns":4.0},{"damage":59.0,"enemies":"downfall:Watcher","floor":16.0,"turns":8.0},{"damage":33.0,"enemies":"Spheric Guardian","floor":19.0,"turns":4.0},{"damage":40.0,"enemies":"Shell Parasite","floor":20.0,"turns":3.0},{"damage":14.0,"enemies":"downfall:FleeingMerchant","floor":23.0,"turns":4.0},{"damage":30,"enemies":"Cultist and Chosen","floor":28,"turns":3},{"damage":18,"enemies":"Snake Plant","floor":29,"turns":3},{"damage":40,"enemies":"Replay:Snechameleon","floor":31,"turns":3},{"damage":29,"enemies":"Shelled Parasite and Fungi","floor":32,"turns":3},{"damage":49,"enemies":"downfall:Defect","floor":33,"turns":6},{"damage":28,"enemies":"3 Darklings","floor":36,"turns":3},{"damage":6,"enemies":"Orb Walker","floor":38,"turns":1},{"damage":73,"enemies":"4 Shapes","floor":39,"turns":6},{"damage":18,"enemies":"Sphere and 2 Shapes","floor":40,"turns":3},{"damage":30,"enemies":"Mind Bloom Boss Battle","floor":42,"turns":3},{"damage":36,"enemies":"Nemesis","floor":43,"turns":5},{"damage":36,"enemies":"Spire Growth","floor":47,"turns":2},{"damage":24,"enemies":"downfall:FleeingMerchant","floor":48,"turns":4},{"damage":24,"enemies":"4 Shapes","floor":49,"turns":3},{"damage":36,"enemies":"downfall:Ironclad","floor":50,"turns":4}],"seed_played":"-6715850096916180769","potions_obtained":[{"floor":1.0,"key":"Venom Potion"},{"floor":1.0,"key":"SpeedPotion"},{"floor":12.0,"key":"Ancient Potion"},{"floor":14.0,"key":"champ:CounterPotion"},{"floor":28,"key":"Adrenaline Potion"},{"floor":32,"key":"Energy Potion"}],"is_trial":false,"path_per_floor":["R_BF","M","?","?","M","?","T","R","M","E","R","M","R","M","M","B",null,"R","M","M","?","?","$","T","?","R","?","M","M","R","E","M","B",null,"R","M","?","M","M","M","T","?","E","R","?","R","M","$","M","B",null],"character_chosen":"SLIMEBOUND","items_purchased":["Slimebound:SplitLeeching","WingedGreaves","Slimebound:DivideAndConquer+1","Sling","Du-Vu Doll","Adrenaline Potion","ReplayFunnel"],"campfire_rested":1,"item_purchase_floors":[23,23,48,48,48,48,48],"current_hp_per_floor":[54,57,57,57,60,60,60,60,60,50,50,41,41,44,60,55,59,59,52,60,60,60,58,58,48,58,58,60,58,75,69,72,56,70,70,75,75,75,52,50,50,54,60,75,75,75,55,75,75,75],"gold":79,"neow_bonus":"ONE_RANDOM_RARE_CARD","is_daily":false,"chose_seed":false,"campfire_upgraded":8,"win_rate":0.0,"timestamp":1609878855,"path_taken":["R_BF","M","?","?","?","?","T","R","M","E","R","M","R","?","M","BOSS","R","M","M","?","?","$","T","?","R","?","M","M","R","E","M","BOSS","R","M","?","?","M","M","T","?","E","R","?","R","?","$","M","BOSS"],"items_purchased_type":["Card","Relic","Card","Relic","Relic","Potion","Relic"],"build_version":"2020-12-22","purchased_purges":2,"victory":true,"max_hp_per_floor":[60,60,60,60,60,60,60,60,60,60,60,60,60,60,60,60,60,60,60,60,60,60,60,60,65,75,75,75,75,75,75,75,75,75,75,75,75,75,75,75,75,75,75,75,75,75,75,75,75,75],"card_choices":[{"not_picked":["Slimebound:ViciousTackle","Slimebound:Equalize"],"picked":"Slimebound:SplitMire","floor":2.0},{"not_picked":["Slimebound:SplitLeeching","Slimebound:RainOfGoop"],"picked":"Slimebound:SamplingLick","floor":5.0},{"not_picked":["Slimebound:ForwardTackle","Slimebound:FinishingTackle"],"picked":"Slimebound:RejuvenatingLick","floor":9.0},{"not_picked":["Slimebound:Replication","Slimebound:SlimeSpikes"],"picked":"Slimebound:LeechLife","floor":10.0},{"not_picked":["Slimebound:LeechEnergy","Slimebound:SlimeSpikes"],"picked":"Slimebound:SamplingLick","floor":12.0},{"not_picked":["Slimebound:ComboTackle","Slimebound:PressTheAttack","Slimebound:SplitAcid"],"picked":"SKIP","floor":14.0},{"not_picked":["Slimebound:DivideAndConquer","Slimebound:GoopTackle","Slimebound:SpikyOuterGoop"],"picked":"SKIP","floor":15.0},{"not_picked":["Slimebound:MassRepurpose","Slimebound:WasteNot"],"picked":"Slimebound:Overexert","floor":16.0},{"not_picked":["Slimebound:Dissolve","Slimebound:Repurpose"],"picked":"Slimebound:SlimeTap+1","floor":19.0},{"not_picked":["Slimebound:GoopSpray","Slimebound:SpikyOuterGoop","Slimebound:PressTheAttack"],"picked":"SKIP","floor":20.0},{"not_picked":["Slimebound:GoopSpray","Slimebound:SlimeSpikes","Slimebound:RollThrough"],"picked":"SKIP","floor":23.0},{"not_picked":["Slimebound:ServeAndProtect","Slimebound:GrowthPunch+1"],"picked":"Slimebound:SlimeBarrage+1","floor":28},{"not_picked":["Slimebound:ViciousTackle+1","Slimebound:PressTheAttack+1"],"picked":"Slimebound:SamplingLick+1","floor":29},{"not_picked":["Slimebound:LeechingTouch+1","Slimebound:Gluttony"],"picked":"Slimebound:RallyTheTroops+1","floor":31},{"not_picked":["Slimebound:Gluttony","Slimebound:DivideAndConquer","Slimebound:LeechingTouch+1"],"picked":"SKIP","floor":32},{"not_picked":["Slimebound:DuplicatedForm","Slimebound:Overexert"],"picked":"Slimebound:MassRepurpose","floor":33},{"not_picked":["Slimebound:SpikyOuterGoop","Slimebound:Grow+1","Slimebound:DivideAndConquer"],"picked":"SKIP","floor":36},{"not_picked":["Slimebound:ViciousTackle+1","Slimebound:FinishingTackle+1"],"picked":"Slimebound:SplitLeeching+1","floor":38},{"not_picked":["Slimebound:Grow","Slimebound:GrowthPunch+1"],"picked":"Slimebound:SlimeBarrage+1","floor":39},{"not_picked":["Slimebound:DisruptingSlam+1","Slimebound:ComboTackle+1","Slimebound:LeechingTouch+1"],"picked":"SKIP","floor":40},{"not_picked":["Slimebound:SplitLeeching","Slimebound:Dissolve"],"picked":"Slimebound:Recollect+1","floor":42},{"not_picked":["Slimebound:LevelUp","Slimebound:ForwardTackle+1"],"picked":"Slimebound:Repurpose+1","floor":43},{"not_picked":["Slimebound:MassFeed+1","Slimebound:GrowthPunch+1","Slimebound:ComboTackle+1","Slimebound:LeechEnergy+1"],"picked":"SKIP","floor":47},{"not_picked":["Slimebound:Replication","Slimebound:FlameTackle+1","Slimebound:SlimeSpikes"],"picked":"Slimebound:ServeAndProtect+1","floor":48},{"not_picked":["Slimebound:SamplingLick","Slimebound:ComboTackle+1","Slimebound:SplitBruiser"],"picked":"Slimebound:SplitMire+1","floor":49}],"player_experience":116471,"relics_obtained":[{"floor":7.0,"key":"Blue Doll"},{"floor":10.0,"key":"Mummified Hand"},{"floor":31,"key":"MawBank"},{"floor":34,"key":"Bronze Scales"},{"floor":34,"key":"Matryoshka"},{"floor":34,"key":"Ginger"},{"floor":41,"key":"Eternal Feather"},{"floor":41,"key":"Bag of Preparation"},{"floor":42,"key":"Slimebound:SlimedTailRelic"},{"floor":43,"key":"Question Card"}],"event_choices":[{"damage_healed":0.0,"max_hp_gain":0.0,"max_hp_loss":0.0,"gold_gain":0.0,"event_name":"Addict","player_choice":"Stole Relic","floor":27.0,"gold_loss":0.0,"damage_taken":0.0,"relics_obtained":["Molten Egg 2"],"cards_obtained":["Shame"]},{"damage_healed":0,"gold_gain":0,"player_choice":"Copied","damage_taken":0,"max_hp_gain":0,"max_hp_loss":0,"event_name":"Duplicator","floor":37,"gold_loss":0,"cards_obtained":["Slimebound:Overexert"]},{"damage_healed":0,"gold_gain":0,"player_choice":"Got Potions","damage_taken":0,"max_hp_gain":0,"max_hp_loss":0,"event_name":"Lab","floor":45,"gold_loss":0}],"is_beta":false,"boss_relics":[{"not_picked":["Runic Pyramid","Coffee Dripper"],"picked":"ChewingGum"},{"not_picked":["ReplayTheSpireMod:DimensionalGlitch","Replay:Wanted Poster"],"picked":"Replay:Grab Bag"},{"not_picked":["Painkiller Herb","Philosopher\u0027s Stone"],"picked":"Cursed Key"},{"not_picked":["ReplayTheSpireMod:Onyx Gauntlets","Runic Dome"],"picked":"Slimebound:TarBlob"},{"not_picked":["Ring of Chaos","expansioncontent:StudyCardRelic"],"picked":"Calling Bell"}],"items_purged_floors":[23,48],"is_endless":false,"potions_floor_spawned":[5,12,14,15,28,32,38,39,40],"ascension_level":11}}