{"host":"gzsdmyo07u314vug","time":1609869443,"event":{"mods":["2.2 Compatiblity","BaseMod","Downfall","GifTheSpireLib","Minty Spire (QoL Compilation)","Quick Restart","Rare Cards Sparkle","Relic Stats","Replay The Spire","Shop Mod","StSLib","The Bug Knight","The Construct","The Elementalist","The IronCluck","The Servant 0.9.4","Unceasing Turn Reminder","everything is the same but u backflip on backflip","slay the spire mod where everything is the same but ironclad has a cowboy hat","vexMod"],"gold_per_floor":[117,117,137,16,31,31,42,42,69,69,16,33,33,33,33,134,134,151,161,61,61,76,76,76],"floor_reached":23,"playtime":1172,"items_purged":["Strike_R","Strike_R"],"score":262,"play_id":"2e5d5d1d-0f44-48be-84e2-bf620289bea3","local_time":"20210105145723","is_ascension_mode":true,"campfire_choices":[{"data":"Rampage","floor":6.0,"key":"SMITH"},{"data":"Brutality","floor":8.0,"key":"SMITH"},{"data":"Shrug It Off","floor":10.0,"key":"SMITH"},{"data":"Shrug It Off","floor":13.0,"key":"SMITH"},{"data":"Bash","floor":15.0,"key":"SMITH"}],"circlet_count":0,"master_deck":["Defend_R","Defend_R","Defend_R","Defend_R","Bash+1","Rampage+1","Shrug It Off+1","Headbutt","Brutality+1","Shrug It Off+1","Hemogenesis"],"relics":["Black Blood","Tiny Chest"],"acts_visited":["Exordium","TheCity"],"potions_floor_usage":[18],"damage_taken":[{"damage":7.0,"enemies":"2 Louse","floor":1.0,"turns":3.0},{"damage":1.0,"enemies":"Cultist","floor":3.0,"turns":3.0},{"damage":2.0,"enemies":"Small Slimes","floor":5.0,"turns":4.0},{"damage":10.0,"enemies":"Gremlin Gang","floor":7.0,"turns":5.0},{"damage":10.0,"enemies":"Large Slime","floor":12.0,"turns":3.0},{"damage":24.0,"enemies":"Slime Boss","floor":16.0,"turns":7.0},{"damage":50,"enemies":"3 Byrds","floor":18,"turns":7},{"damage":18,"enemies":"Shell Parasite","floor":19,"turns":9},{"damage":37,"enemies":"Snake Plant","floor":22,"turns":6},{"damage":35,"enemies":"Book of Stabbing","floor":23,"turns":4}],"seed_played":"-3793767493216873399","potions_obtained":[{"floor":3.0,"key":"LiquidBronze"},{"floor":5.0,"key":"champ:CounterPotion"},{"floor":22,"key":"Explosive Potion"}],"is_trial":false,"path_per_floor":["M","?","M","$","M","R","M","R","T","R","$","M","R","?","R","B",null,"M","M","$","?","M","E"],"character_chosen":"IRONCLAD","items_purchased":["Headbutt","Shrug It Off"],"campfire_rested":0,"item_purchase_floors":[4,11],"current_hp_per_floor":[71,71,76,76,80,80,76,76,76,76,76,72,72,72,72,54,74,47,54,54,54,29,0,0],"gold":76,"neow_bonus":"REMOVE_CARD","is_daily":false,"chose_seed":false,"campfire_upgraded":5,"win_rate":0.0,"timestamp":1609869443,"path_taken":["M","?","?","$","M","R","M","R","T","R","$","M","R","?","R","BOSS","M","?","$","?","M","E"],"items_purchased_type":["Card","Card"],"build_version":"2020-12-22","purchased_purges":2,"victory":false,"max_hp_per_floor":[80,80,80,80,80,80,80,80,80,80,80,80,80,80,80,80,80,80,80,80,80,80,80,80],"relic_stats":{"counters":[10,51],"Black Blood":72,"Tiny Chest":0,"obtain_stats":[{"Black Blood":17,"Tiny Chest":9,"Burning Blood":0},{"Black Blood":6,"Tiny Chest":4,"Burning Blood":0},{"Black Blood":25,"Tiny Chest":15,"Burning Blood":0}]},"card_choices":[{"not_picked":["Thunderclap","Shrug It Off"],"picked":"Rampage","floor":1.0},{"not_picked":["Life Link","Havoc"],"picked":"Shrug It Off","floor":3.0},{"not_picked":["Twin Strike","Thunderclap"],"picked":"Brutality","floor":5.0},{"not_picked":["Headbutt","Wild Strike","Disarm"],"picked":"SKIP","floor":7.0},{"not_picked":["ReplayTheSpireMod:Limb From Limb","Warcry","Flex"],"picked":"SKIP","floor":12.0},{"not_picked":["Barricade","Bludgeon"],"picked":"Hemogenesis","floor":16.0},{"not_picked":["Anger+1","Second Wind","Shockwave"],"picked":"SKIP","floor":18},{"not_picked":["Feel No Pain","Dual Wield","Anger"],"picked":"SKIP","floor":19},{"not_picked":["Pommel Strike","Sword Boomerang","Body Slam+1"],"picked":"SKIP","floor":22}],"player_experience":651055,"relics_obtained":[{"floor":9.0,"key":"Tiny Chest"}],"event_choices":[{"cards_removed":["Strike_R"],"damage_healed":0.0,"max_hp_gain":0.0,"max_hp_loss":0.0,"gold_gain":0.0,"event_name":"Purifier","player_choice":"Purged","floor":2.0,"gold_loss":0.0,"damage_taken":0.0},{"cards_removed":["Strike_R"],"damage_healed":0.0,"max_hp_gain":0.0,"max_hp_loss":0.0,"gold_gain":0.0,"event_name":"Bonfire Elementals","player_choice":"Offered Basic","floor":14.0,"gold_loss":0.0,"damage_taken":0.0}],"is_beta":false,"boss_relics":[{"not_picked":["vexMod:EndlessSickness","SacredBark"],"picked":"Black Blood"}],"items_purged_floors":[4,20],"is_endless":false,"potions_floor_spawned":[3,5,22],"killed_by":"Book of Stabbing","ascension_level":9}}