{"host":"a5lz0e76zb3fcwkm","time":1609865775,"event":{"mods":["AchievementEnabler","BaseMod","Colored Map","Colored Powertips","Minty Spire (QoL Compilation)","StSLib","SuperFastMode"],"gold_per_floor":[113,129,148,148,160,160,170,170,238,238,238,238],"floor_reached":11,"playtime":183,"items_purged":[],"score":130,"play_id":"0ad06792-49b9-492d-9a23-0fd3284db6ba","local_time":"20210106015615","is_ascension_mode":true,"campfire_choices":[{"data":"Immolate","floor":6,"key":"SMITH"},{"data":"Blood for Blood","floor":8,"key":"SMITH"},{"floor":10,"key":"DIG"}],"circlet_count":0,"master_deck":["AscendersBane","Strike_R","Strike_R","Strike_R","Strike_R","Strike_R","Defend_R","Defend_R","Defend_R","Defend_R","Bash","Inflame","Blood for Blood+1","Immolate+1"],"relics":["Burning Blood","Shovel","Letter Opener","StoneCalendar"],"acts_visited":["Exordium"],"potions_floor_usage":[7,11],"damage_taken":[{"damage":11.0,"enemies":"Jaw Worm","floor":1.0,"turns":4.0},{"damage":6.0,"enemies":"Cultist","floor":2.0,"turns":3.0},{"damage":9.0,"enemies":"2 Louse","floor":3.0,"turns":4.0},{"damage":16,"enemies":"Looter","floor":5,"turns":4},{"damage":46,"enemies":"Large Slime","floor":7,"turns":7},{"damage":32,"enemies":"Gremlin Nob","floor":11,"turns":3}],"seed_played":"5235892147872516333","potions_obtained":[{"floor":2.0,"key":"Regen Potion"},{"floor":3.0,"key":"BloodPotion"}],"is_trial":false,"path_per_floor":["M","M","M","?","M","R","M","R","T","R","E"],"character_chosen":"IRONCLAD","items_purchased":[],"campfire_rested":0,"item_purchase_floors":[],"current_hp_per_floor":[63,63,60,60,50,50,23,23,23,23,0,0],"gold":238,"neow_bonus":"ONE_RARE_RELIC","is_daily":false,"chose_seed":false,"campfire_upgraded":2,"win_rate":0.0,"timestamp":1609865775,"path_taken":["M","M","M","?","?","R","M","R","T","R","E"],"items_purchased_type":[],"build_version":"2020-12-22","purchased_purges":0,"victory":false,"max_hp_per_floor":[68,68,68,68,68,68,68,68,68,68,68,68],"card_choices":[{"not_picked":["Heavy Blade","True Grit"],"picked":"Inflame","floor":1.0},{"not_picked":["Havoc","Iron Wave"],"picked":"Blood for Blood","floor":2.0},{"not_picked":["Spot Weakness","Twin Strike"],"picked":"Immolate","floor":3.0},{"not_picked":["Anger","Armaments","Clash"],"picked":"SKIP","floor":5},{"not_picked":["Combust","Heavy Blade","Feel No Pain"],"picked":"SKIP","floor":7}],"player_experience":1673404,"relics_obtained":[{"floor":9,"key":"Letter Opener"},{"floor":10,"key":"StoneCalendar"}],"event_choices":[{"damage_healed":0,"gold_gain":0,"player_choice":"0 cards matched","damage_taken":0,"max_hp_gain":0,"max_hp_loss":0,"event_name":"Match and Keep!","floor":4,"gold_loss":0,"cards_obtained":[]}],"is_beta":false,"boss_relics":[],"items_purged_floors":[],"is_endless":false,"potions_floor_spawned":[2,3],"killed_by":"Gremlin Nob","ascension_level":20}}