{"host":"bjzqjr1ycgj8gt55","time":1609814306,"event":{"mods":["100% Spire Juice","Arknights The Spire","BaseMod","Better Altar","Better Match","Better Sensory Stone","Better Skull","Better Third Choice","Better Vampires","Block Reminder","Colored Map","Colored Powertips","GifTheSpireLib","Infinite Spire","Minty Spire (QoL Compilation)","Rare Cards Sparkle","Red Circlet Mod","Spicy Shops","StSLib","The Alterego","Waifu the Spire","everything is the same but u backflip on backflip","slay the spire mod where everything is the same but ironclad has a cowboy hat"],"gold_per_floor":[114,131,142,41,57,57,3,30,30,30,30,57,57,72,72,172,172,69,69,86,105,105,105,123,102,128,128,163,163,195,228,228,330,140,159,159,176,2,2,2],"floor_reached":39,"playtime":1721,"items_purged":[],"score":449,"play_id":"f46bfae6-a006-46c8-bd20-da53f1f5001c","local_time":"20210104203826","is_ascension_mode":false,"campfire_choices":[{"data":"Moonworks:Ambush","floor":6,"key":"SMITH"},{"data":"Moonworks:JonathanRush","floor":10,"key":"SMITH"},{"floor":13,"key":"REST"},{"floor":15,"key":"REST"},{"floor":23,"key":"REST"},{"floor":29,"key":"REST"},{"floor":32,"key":"REST"}],"circlet_count":0,"master_deck":["Moonworks:Strike+1","Moonworks:Strike+1","Moonworks:Strike+1","Moonworks:Strike+1","Moonworks:Defend+1","Moonworks:Defend+1","Moonworks:Defend+1","Moonworks:Defend+1","Moonworks:Ambush+1","Moonworks:LongDistanceShot","Moonworks:FinalSurgery","Moonworks:EvilSpyWorkPreparation+1","Moonworks:JonathanRush","Moonworks:WindyEnchantment","Moonworks:EvilSpyWorkPreparation","Moonworks:JonathanRush+1","Moonworks:JonathanRush","Moonworks:CloudOfSeagulls","Moonworks:PlushieMaster","Moonworks:Heat300Percent","Moonworks:EvilSpyWorkPreparation","Moonworks:SakisCookie","Moonworks:CompletionReward+1","Moonworks:RagingMadness","Moonworks:ForcedRevival+1","Moonworks:StarBlastingFuse","Moonworks:DeployBits+1","Moonworks:LulusLuckyEgg+1","Moonworks:LulusLuckyEgg+1","Moonworks:WindyEnchantment"],"relics":["Moonworks:BrokenBomb","Moonworks:Homemark","NeowsBlessing","Incense Burner","Dead Branch","CultistMask","WingedGreaves","Black Star","Ginger","PreservedInsect","infinitespire:Eraser","Gambling Chip","Mummified Hand","Pocketwatch","Omamori","Tiny House","Torii","Strawberry"],"acts_visited":["Exordium","TheCity","TheBeyond"],"potions_floor_usage":[18,24,31,33],"damage_taken":[{"damage":0,"enemies":"2 Louse","floor":1,"turns":1},{"damage":0,"enemies":"Cultist","floor":2,"turns":1},{"damage":0,"enemies":"Small Slimes","floor":3,"turns":1},{"damage":0,"enemies":"2 Fungi Beasts","floor":4,"turns":2},{"damage":6,"enemies":"Blue Slaver","floor":5,"turns":3},{"damage":6,"enemies":"3 Sentries","floor":8,"turns":4},{"damage":26,"enemies":"Gremlin Nob","floor":12,"turns":4},{"damage":7,"enemies":"Lots of Slimes","floor":14,"turns":3},{"damage":6,"enemies":"Slime Boss","floor":16,"turns":6},{"damage":13,"enemies":"Spheric Guardian","floor":18,"turns":4},{"damage":7,"enemies":"2 Thieves","floor":20,"turns":3},{"damage":5,"enemies":"3 Cultists","floor":21,"turns":4},{"damage":12,"enemies":"Snake Plant","floor":24,"turns":2},{"damage":26,"enemies":"Gremlin Leader","floor":28,"turns":5},{"damage":22,"enemies":"Book of Stabbing","floor":30,"turns":5},{"damage":7,"enemies":"Slavers","floor":31,"turns":2},{"damage":36,"enemies":"Champ","floor":33,"turns":7},{"damage":19,"enemies":"3 Shapes","floor":35,"turns":3},{"damage":25,"enemies":"3 Darklings","floor":37,"turns":4},{"damage":48,"enemies":"4 Shapes","floor":39,"turns":3}],"seed_played":"5815513106632112137","potions_obtained":[{"floor":4,"key":"LiquidBronze"},{"floor":8,"key":"FearPotion"},{"floor":12,"key":"PowerPotion"},{"floor":14,"key":"SkillPotion"},{"floor":28,"key":"Ancient Potion"},{"floor":33,"key":"SpeedPotion"},{"floor":34,"key":"FearPotion"}],"is_trial":false,"path_per_floor":["M","M","M","M","M","R","$","E","T","R","?","E","R","M","R","B",null,"M","T","M","M","?","R","M","?","T","AVR","E","R","E","E","R","B",null,"M","?","M","$","M"],"character_chosen":"THE_STARBREAKER","items_purchased":["Moonworks:EvilSpyWorkPreparation","Torii","Strawberry","Moonworks:WindyEnchantment"],"campfire_rested":5,"item_purchase_floors":[7,38,38,38],"current_hp_per_floor":[60,60,60,60,54,54,54,48,48,48,48,22,40,33,51,45,60,47,47,40,35,35,53,45,45,45,45,23,41,23,20,38,14,65,46,49,28,35,0,0],"gold":2,"neow_bonus":"THREE_ENEMY_KILL","is_daily":false,"chose_seed":false,"campfire_upgraded":2,"win_rate":0.0,"timestamp":1609814306,"path_taken":["M","M","M","M","M","R","$","E","T","R","?","E","R","?","R","BOSS","M","?","?","?","?","R","M","?","T","AVR","E","R","E","E","R","BOSS","M","?","M","$","M"],"items_purchased_type":["Card","Relic","Relic","Card"],"build_version":"2020-12-22","purchased_purges":0,"victory":false,"max_hp_per_floor":[60,60,60,60,60,60,60,60,60,60,60,60,60,60,60,60,60,60,60,60,60,60,60,60,60,60,60,60,60,60,60,60,60,65,65,65,65,72,72,72],"card_choices":[{"not_picked":["Moonworks:CastOff","Moonworks:BigMagnum"],"picked":"Moonworks:FinalSurgery","floor":1},{"not_picked":["Moonworks:IndiscriminateFireSupport","Moonworks:WindyEnchantment"],"picked":"Moonworks:EvilSpyWorkPreparation","floor":2},{"not_picked":["Moonworks:SakisCookie","Moonworks:x16BigRocket"],"picked":"Moonworks:JonathanRush","floor":3},{"not_picked":["Moonworks:CookingTime","Moonworks:Flamethrower"],"picked":"Moonworks:WindyEnchantment","floor":4},{"not_picked":["Moonworks:MixPhenomenon","Moonworks:IndiscriminateFireSupport","Moonworks:BeyondHell"],"picked":"SKIP","floor":5},{"not_picked":["Moonworks:SakisCookie","Moonworks:WeAreWaruda"],"picked":"Moonworks:JonathanRush","floor":8},{"not_picked":["Moonworks:IndiscriminateFireSupport","Moonworks:FullSpeedAlicianrone"],"picked":"Moonworks:JonathanRush","floor":12},{"not_picked":["Moonworks:Assault","Moonworks:ScrambledEve"],"picked":"Moonworks:CloudOfSeagulls","floor":14},{"not_picked":["Moonworks:ReflectiveShell","Moonworks:SubspaceTunnel"],"picked":"Moonworks:PlushieMaster","floor":16},{"not_picked":["Moonworks:BigMagnum","Moonworks:LulusLuckyEgg"],"picked":"Moonworks:Heat300Percent","floor":18},{"not_picked":["Moonworks:WindyEnchantment","Moonworks:ImmovableObject"],"picked":"Moonworks:EvilSpyWorkPreparation","floor":20},{"not_picked":["Moonworks:Dash","Moonworks:LulusLuckyEgg"],"picked":"Moonworks:SakisCookie","floor":21},{"not_picked":["Moonworks:MixPhenomenon+1","Moonworks:BigBangBell+1","Moonworks:Assault+1"],"picked":"SKIP","floor":24},{"not_picked":["Moonworks:BigMagnum","Moonworks:SealedMemories"],"picked":"Moonworks:CompletionReward+1","floor":28},{"not_picked":["Moonworks:NicePresent+1","Moonworks:Gamble"],"picked":"Moonworks:RagingMadness","floor":30},{"not_picked":["Moonworks:IndiscriminateFireSupport","Moonworks:x16BigRocket"],"picked":"Moonworks:ForcedRevival+1","floor":31},{"not_picked":["Moonworks:HolyNight","Moonworks:Wanted"],"picked":"Moonworks:StarBlastingFuse","floor":33},{"not_picked":["Moonworks:LulusLuckyEgg+1","Moonworks:NicePresent+1"],"picked":"Moonworks:DeployBits+1","floor":34},{"not_picked":["Moonworks:ReproductionOfRecords","Moonworks:DevilHand+1"],"picked":"Moonworks:LulusLuckyEgg+1","floor":35},{"not_picked":["Moonworks:BigMagnum+1","Moonworks:ExtendedPhotonRifle+1"],"picked":"Moonworks:LulusLuckyEgg+1","floor":37}],"player_experience":97462,"relics_obtained":[{"floor":8,"key":"Incense Burner"},{"floor":9,"key":"Dead Branch"},{"floor":12,"key":"WingedGreaves"},{"floor":19,"key":"Ginger"},{"floor":28,"key":"PreservedInsect"},{"floor":28,"key":"infinitespire:Eraser"},{"floor":30,"key":"Gambling Chip"},{"floor":30,"key":"Mummified Hand"},{"floor":31,"key":"Pocketwatch"},{"floor":31,"key":"Omamori"}],"event_choices":[{"damage_healed":0,"gold_gain":0,"player_choice":"Trade","damage_taken":0,"relics_obtained":["CultistMask"],"max_hp_gain":0,"max_hp_loss":0,"event_name":"FaceTrader","floor":11,"gold_loss":0},{"damage_healed":0,"gold_gain":0,"player_choice":"Simplicity","damage_taken":0,"max_hp_gain":0,"max_hp_loss":8,"event_name":"betterThird:BetterWriting","floor":22,"gold_loss":0},{"damage_healed":0,"gold_gain":99,"player_choice":"Steal","damage_taken":0,"max_hp_gain":0,"max_hp_loss":0,"event_name":"betterThird:BetterNest","floor":25,"gold_loss":0},{"damage_healed":3,"gold_gain":0,"player_choice":"LEAVE ","damage_taken":0,"relics_obtained":[],"max_hp_gain":0,"max_hp_loss":0,"event_name":"betterSkull:BetterSkull","floor":36,"gold_loss":0,"cards_upgraded":[]}],"is_beta":false,"boss_relics":[{"not_picked":["Cursed Key","SacredBark"],"picked":"Black Star"},{"not_picked":["Astrolabe","Velvet Choker"],"picked":"Tiny House"}],"items_purged_floors":[],"is_endless":false,"potions_floor_spawned":[4,8,12,14,16,28,33],"killed_by":"4 Shapes","ascension_level":0}}