{"host":"jq8d8epkoknfq6em","time":1609807296,"event":{"mods":["AchievementEnabler","BaseMod","Colored Map","Colored Powertips","Highlight Path","Minty Spire (QoL Compilation)","Quick Restart","StSLib"],"gold_per_floor":[113,83,99,111,129,129,160,160,214,249,264,283,301,301,301,402,402,416,433,358,358,51,51,84,84,84],"floor_reached":25,"playtime":1530,"items_purged":[],"score":386,"play_id":"29585562-1621-44d4-a176-ff2a8b6db9ee","local_time":"20210105014136","is_ascension_mode":true,"campfire_choices":[{"data":"Searing Blow","floor":6,"key":"SMITH"},{"data":"Searing Blow+1","floor":8,"key":"SMITH"},{"data":"Berserk","floor":15,"key":"SMITH"},{"floor":23,"key":"REST"}],"circlet_count":0,"master_deck":["AscendersBane","Strike_R","Strike_R","Strike_R","Strike_R","Defend_R","Defend_R","Defend_R","Defend_R","Bash","Searing Blow+2","Second Wind","Clash","Berserk+1","Evolve","Clash","Clash","Second Wind","Armaments"],"relics":["Burning Blood","Eternal Feather","Bag of Preparation","Art of War","Velvet Choker","Singing Bowl","Shuriken"],"acts_visited":["Exordium","TheCity"],"potions_floor_usage":[2,10,16,18,19],"damage_taken":[{"damage":2,"enemies":"2 Louse","floor":1,"turns":3},{"damage":10,"enemies":"Cultist","floor":3,"turns":5},{"damage":2,"enemies":"Small Slimes","floor":4,"turns":4},{"damage":21,"enemies":"3 Louse","floor":5,"turns":5},{"damage":10,"enemies":"Gremlin Nob","floor":7,"turns":4},{"damage":33,"enemies":"Lagavulin","floor":10,"turns":8},{"damage":2,"enemies":"Exordium Wildlife","floor":11,"turns":2},{"damage":18,"enemies":"Exordium Thugs","floor":12,"turns":5},{"damage":0,"enemies":"2 Fungi Beasts","floor":13,"turns":3},{"damage":46,"enemies":"Slime Boss","floor":16,"turns":12},{"damage":48,"enemies":"3 Byrds","floor":18,"turns":6},{"damage":28,"enemies":"2 Thieves","floor":19,"turns":4},{"damage":78,"enemies":"Book of Stabbing","floor":24,"turns":8},{"damage":19,"enemies":"Sentry and Sphere","floor":25,"turns":3}],"seed_played":"-9022125182731123007","potions_obtained":[{"floor":1,"key":"SkillPotion"},{"floor":2,"key":"Fruit Juice"},{"floor":2,"key":"FairyPotion"},{"floor":7,"key":"Block Potion"},{"floor":11,"key":"Regen Potion"},{"floor":16,"key":"BloodPotion"},{"floor":18,"key":"Block Potion"}],"is_trial":false,"path_per_floor":["M","?","M","M","M","R","E","R","T","E","M","M","M","?","R","B",null,"M","M","?","?","$","R","E","M"],"character_chosen":"IRONCLAD","items_purchased":["Singing Bowl","Armaments"],"campfire_rested":1,"item_purchase_floors":[22,22],"current_hp_per_floor":[84,89,85,89,74,74,70,76,76,49,53,41,47,47,56,31,78,54,32,32,14,14,52,16,0,0],"gold":84,"neow_bonus":"TEN_PERCENT_HP_BONUS","is_daily":false,"chose_seed":false,"campfire_upgraded":3,"win_rate":0.0,"timestamp":1609807296,"path_taken":["M","?","M","M","?","R","E","R","T","E","M","M","M","?","R","BOSS","M","M","?","?","?","R","E","M"],"items_purchased_type":["Relic","Card"],"build_version":"2020-12-22","purchased_purges":0,"victory":false,"max_hp_per_floor":[88,93,93,93,93,93,93,93,93,93,93,93,93,93,93,93,93,93,93,93,98,98,98,100,100,100],"card_choices":[{"not_picked":["Iron Wave","Sentinel"],"picked":"Searing Blow","floor":1},{"not_picked":["Sword Boomerang","Perfected Strike"],"picked":"Second Wind","floor":3},{"not_picked":["Body Slam","Heavy Blade","Pommel Strike"],"picked":"SKIP","floor":4},{"not_picked":["Shockwave","Anger"],"picked":"Clash","floor":5},{"not_picked":["Havoc","Carnage","Heavy Blade"],"picked":"SKIP","floor":7},{"not_picked":["Wild Strike","Combust"],"picked":"Berserk","floor":10},{"not_picked":["Flame Barrier","Rampage"],"picked":"Evolve","floor":11},{"not_picked":["Warcry","Cleave"],"picked":"Clash","floor":12},{"not_picked":["Body Slam","Thunderclap","Wild Strike"],"picked":"SKIP","floor":13},{"not_picked":["Twin Strike","Havoc"],"picked":"Clash","floor":18},{"not_picked":["Clash","Ghostly Armor"],"picked":"Second Wind","floor":19},{"not_picked":["Armaments","True Grit","Heavy Blade"],"picked":"Singing Bowl","floor":24}],"player_experience":938338,"relics_obtained":[{"floor":7,"key":"Eternal Feather"},{"floor":9,"key":"Bag of Preparation"},{"floor":10,"key":"Art of War"},{"floor":24,"key":"Shuriken"}],"event_choices":[{"damage_healed":0,"gold_gain":0,"player_choice":"Bought 2 Potions","damage_taken":0,"max_hp_gain":0,"max_hp_loss":0,"event_name":"The Woman in Blue","floor":2,"gold_loss":0},{"damage_healed":0,"gold_gain":0,"player_choice":"Ignored","damage_taken":0,"max_hp_gain":0,"max_hp_loss":0,"event_name":"Liars Game","floor":14,"gold_loss":0},{"cards_removed":["Strike_R"],"damage_healed":0,"gold_gain":0,"player_choice":"Gave Gold","damage_taken":0,"max_hp_gain":0,"max_hp_loss":0,"event_name":"Beggar","floor":20,"gold_loss":75},{"damage_healed":0,"gold_gain":0,"player_choice":"Shed Blood","damage_taken":23,"max_hp_gain":5,"max_hp_loss":0,"event_name":"Forgotten Altar","floor":21,"gold_loss":0}],"is_beta":false,"boss_relics":[{"not_picked":["SlaversCollar","Cursed Key"],"picked":"Velvet Choker"}],"items_purged_floors":[],"is_endless":false,"potions_floor_spawned":[1,4,7,11,16,18],"killed_by":"Sentry and Sphere","ascension_level":11}}