{"host":"s6mlqkqtr3ey2mm2","time":1609886876,"event":{"mods":["2.2 Compatiblity","AchievementEnabler","Aspiration","Bard","BaseMod","Beaked The Cultist","Better Note","Better Vampires","BetterRewards","Challenge The Spire","Colored Map","Colored Powertips","Conspire","Curses Come First","Downfall","Emptier Cage","Energized Spire","GifTheSpireLib","GungeonMod","Halation","Hermit","Hubris","Infinite Spire","Ironclad Rager","Marked Mod","Minty Spire (QoL Compilation)","Quick Restart","RatMod","Replay The Spire","Retaliation","Robot Space Explorer","Shade Mod","Somnambulant","Spicy Shops","StSLib","Stuff the Spire","The Blue Laboratory","The Construct","The Druid","The IronCluck","The Mystic","The Necromancer","The Poker Player","The Runesmith","The Valiant","vexMod"],"gold_per_floor":[113,113,113,129,129,154,154],"floor_reached":6,"playtime":324,"items_purged":[],"score":44,"play_id":"70a925b7-d972-4f4c-bb5d-123946f1f09d","local_time":"20210105174756","is_ascension_mode":false,"campfire_choices":[],"circlet_count":0,"master_deck":["theDruid:Strike_O","theDruid:Strike_O","theDruid:Strike_O","theDruid:Strike_O","theDruid:Defend_O","theDruid:Defend_O","theDruid:Defend_O","theDruid:Defend_O","theDruid:BriarArmor","theDruid:WildSlash","theDruid:FuriousSlash","theDruid:Starfall","theDruid:Scavenge"],"relics":["theDruid:CrownOfTheWilds","hubris:AstralHammer","hubris:Icosahedron","DemoMod:GlassGuonStoneRelic","halation:IllGainedPizza"],"acts_visited":["Exordium"],"potions_floor_usage":[],"damage_taken":[{"damage":4,"enemies":"2 Louse","floor":1,"turns":2},{"damage":6,"enemies":"Small Slimes","floor":4,"turns":3},{"damage":31,"enemies":"Lagavulin","floor":6,"turns":6}],"seed_played":"2709165650782029962","potions_obtained":[{"floor":4,"key":"blueLaboratory:Moonshine"},{"floor":6,"key":"PowerPotion"}],"is_trial":false,"path_per_floor":["M","?","?","M","?","E"],"character_chosen":"DRUID","items_purchased":[],"campfire_rested":0,"item_purchase_floors":[],"current_hp_per_floor":[78,78,60,54,54,23,23],"gold":154,"neow_bonus":"TEN_PERCENT_HP_BONUS","is_daily":false,"chose_seed":false,"campfire_upgraded":0,"win_rate":0.0,"timestamp":1609886876,"path_taken":["M","?","?","M","?","E"],"items_purchased_type":[],"build_version":"2020-12-22","purchased_purges":0,"victory":false,"max_hp_per_floor":[82,82,82,82,82,82,82],"card_choices":[{"not_picked":["theDruid:Fortitude","theDruid:BagofTricks"],"picked":"theDruid:FuriousSlash","floor":1},{"not_picked":["theDruid:ExposingSlash","theDruid:Resupply"],"picked":"theDruid:Starfall","floor":4},{"not_picked":["theDruid:BrambleLash","theDruid:HerbalismKit"],"picked":"theDruid:Scavenge","floor":6}],"player_experience":60249,"relics_obtained":[{"floor":6,"key":"halation:IllGainedPizza"}],"event_choices":[{"damage_healed":0,"gold_gain":0,"player_choice":"Leave","damage_taken":0,"max_hp_gain":0,"max_hp_loss":0,"event_name":"The Cleric","floor":2,"gold_loss":0},{"damage_healed":0,"gold_gain":0,"player_choice":"Success","damage_taken":18,"relics_obtained":["hubris:AstralHammer"],"max_hp_gain":0,"max_hp_loss":0,"event_name":"Scrap Ooze","floor":3,"gold_loss":0}],"is_beta":false,"boss_relics":[],"items_purged_floors":[],"is_endless":false,"potions_floor_spawned":[4,6],"killed_by":"Lagavulin","ascension_level":0}}