{"host":"s9dep4x43c14s74h","time":1609840216,"event":{"mods":["BaseMod","Downfall","Gremlin Mod","Hermit","HololiveMod","Jorbs\u0027s Wanderer Trilogy","Lobotomy","Marisa????????","Minty Spire (QoL Compilation)","Replay The Spire","StSLib","The Animator","The Bug Knight","The Construct","The Cursed","The Necromancer","The Runesmith","The Servant 0.9.4"],"gold_per_floor":[99,117,133,408,426,426,451,469,502,502,529,243,243,262,278,378,378,457,476,476,487,487,487,510,524,540,62,90,124,199,226,247,351,351,351,379,388,447,42,69,69,78,78,78,78],"floor_reached":43,"playtime":3402,"items_purged":["ReplayTheSpireMod:Doomed","Normality"],"score":602,"play_id":"578d3037-a586-40a2-ab7d-c344296389c2","local_time":"20210105125016","is_ascension_mode":true,"campfire_choices":[{"floor":1.0,"key":"DIG"},{"data":"Slimebound:Split","floor":6.0,"key":"SMITH"},{"data":"Slimebound:ProtectTheBoss","floor":13.0,"key":"SMITH"},{"floor":35,"key":"DIG"}],"circlet_count":0,"master_deck":["Slimebound:Tackle","Slimebound:Defend_Slimebound","Slimebound:Defend_Slimebound","Slimebound:Defend_Slimebound","Slimebound:Defend_Slimebound","Slimebound:Split+1","Slimebound:CorrosiveSpit","Slimebound:OneTwoCombo+1","Slimebound:LeadByExample+1","Slimebound:SplitBruiser","Regret","Slimebound:LeechEnergy","Slimebound:RejuvenatingLick","Slimebound:FlameTackle","Slimebound:ProtectTheBoss+1","Slimebound:SplitBruiser","Slimebound:Equalize+1","Slimebound:SlimeTap+1","Slimebound:HungryTackle+1","Slimebound:Replication+1","Slimebound:SplitLeeching","Slimebound:ViciousTackle","Slimebound:MinionMaster+1","Writhe","Slimebound:Schlurp+1","Slimebound:RainOfGoop","Slimebound:Tackle+1","Slimebound:Tackle+1","Slimebound:Tackle+1","Slimebound:LevelUp","Slimebound:SplitMire","Slimebound:ProtectTheBoss+1","Slimebound:RainOfGoop+1","Slimebound:RollThrough+1","Slimebound:SplitMire","Slimebound:OneTwoCombo+1","Slimebound:RallyTheTroops+1","Slimebound:SplitMire+1","Slimebound:RejuvenatingLick","Slimebound:SplitLeeching","Slimebound:Replication+1","Slimebound:SamplingLick+1","Slimebound:OozeBath+1","Slimebound:GoopSpray","expansioncontent:SuperHexaguard","Slimebound:HauntingLick+1","Slimebound:AcidTongue+1","Slimebound:LeechEnergy+1","Slimebound:Schlurp+1","Slimebound:SplitLeeching+1","Slimebound:SlimeBrawl","Slimebound:Darklings+1"],"relics":["Slimebound:AbsorbEndCombat","Golden Egg","Guardian:PocketSentry","Pen Nib","Omamori","ReplayTheSpireMod:CursedCoin","Bottled Lightning","Replay:Ancient Bell","Pet Ghost","Mercury Hourglass","Bird Faced Urn","Ring of Peace","ReplayTheSpireMod:Ring of Addiction","Toy Ornithopter","Potion Belt","Strange Spoon","CeramicFish","Bronze Scales","Guide Book","Runic Dome","HollowMod:QueensCombRelic","Replay:Towering Pillar of Hats","Sling","Replay:Bottled Steam"],"acts_visited":["Exordium","TheCity","TheBeyond"],"potions_floor_usage":[38],"damage_taken":[{"damage":13.0,"enemies":"2 Louse","floor":2.0,"turns":4.0},{"damage":10.0,"enemies":"Cultist","floor":3.0,"turns":3.0},{"damage":14.0,"enemies":"Small Slimes","floor":5.0,"turns":2.0},{"damage":33.0,"enemies":"Exordium Thugs","floor":8.0,"turns":3.0},{"damage":27.0,"enemies":"3 Sentries","floor":9.0,"turns":4.0},{"damage":30.0,"enemies":"Lagavulin","floor":11.0,"turns":4.0},{"damage":22.0,"enemies":"downfall:FleeingMerchant","floor":12.0,"turns":4.0},{"damage":15.0,"enemies":"2 Fungi Beasts","floor":14.0,"turns":1.0},{"damage":12.0,"enemies":"Blue Slaver","floor":15.0,"turns":1.0},{"damage":56.0,"enemies":"downfall:Ironclad","floor":16.0,"turns":4.0},{"damage":13.0,"enemies":"Spheric Guardian","floor":19.0,"turns":3.0},{"damage":18.0,"enemies":"3 Byrds","floor":21.0,"turns":2.0},{"damage":31.0,"enemies":"Snake Plant","floor":25.0,"turns":3.0},{"damage":8.0,"enemies":"Sentry and Sphere","floor":26.0,"turns":3.0},{"damage":44.0,"enemies":"downfall:FleeingMerchant","floor":27.0,"turns":4.0},{"damage":19.0,"enemies":"Chosen and Byrds","floor":28.0,"turns":4.0},{"damage":66.0,"enemies":"Gremlin Leader","floor":29.0,"turns":6.0},{"damage":4.0,"enemies":"downfall:FleeingMerchant","floor":30.0,"turns":2.0},{"damage":27,"enemies":"Snecko","floor":32,"turns":4},{"damage":49,"enemies":"downfall:Watcher","floor":33,"turns":5},{"damage":15,"enemies":"Orb Walker","floor":36,"turns":3},{"damage":15,"enemies":"Mind Bloom Boss Battle","floor":38,"turns":5},{"damage":12,"enemies":"3 Shapes","floor":40,"turns":3},{"damage":31,"enemies":"R_Hoarder","floor":43,"turns":2}],"seed_played":"-5945016146114032532","potions_obtained":[{"floor":2.0,"key":"DistilledChaos"},{"floor":9.0,"key":"SkillPotion"},{"floor":15.0,"key":"Slimebound:SlimedPotion"},{"floor":16.0,"key":"Block Potion"},{"floor":23.0,"key":"Slimebound:SlimedPotion"},{"floor":23.0,"key":"AttackPotion"},{"floor":23.0,"key":"SpeedPotion"},{"floor":25.0,"key":"hexamod:EctoCoolerPotion"},{"floor":28.0,"key":"SteroidPotion"},{"floor":29.0,"key":"Fruit Juice"},{"floor":33,"key":"Strength Potion"},{"floor":40,"key":"Slimebound:SpawnSlimePotion"}],"is_trial":false,"path_per_floor":["R","M","M","?","M","R","T","M","E","?","E","$","R","M","M","B",null,"R","M","?","M","?","?","T","M","M","$","M","E","$","?","M","B",null,"R","M","?","?","$","M","T","?","E"],"character_chosen":"SLIMEBOUND","items_purchased":["ReplayTheSpireMod:CursedCoin","Bottled Lightning","Slimebound:SlimeTap","Slimebound:HungryTackle","Slimebound:Replication","Slimebound:ProtectTheBoss","Slimebound:RainOfGoop+1","Slimebound:RollThrough","Strange Spoon","CeramicFish","Guide Book","Slimebound:SplitMire","Slimebound:AcidTongue","Slimebound:LeechEnergy","Slimebound:Schlurp","Slimebound:SplitLeeching","Sling"],"campfire_rested":0,"item_purchase_floors":[12,12,12,12,12,27,27,27,27,27,30,30,39,39,39,39,39],"current_hp_per_floor":[54,54,54,54,47,47,47,34,29,29,29,41,41,42,42,28,54,54,54,54,54,54,54,54,31,54,44,51,32,50,36,37,31,57,38,38,36,36,36,36,36,34,0,0,0],"gold":78,"neow_bonus":"THREE_RARE_CARDS","is_daily":false,"chose_seed":false,"campfire_upgraded":2,"win_rate":0.0,"timestamp":1609840216,"path_taken":["R","M","M","?","M","R","T","?","E","?","E","?","R","M","M","BOSS","R","M","?","M","?","?","T","M","?","$","M","E","$","?","M","BOSS","R","M","?","?","?","M","T","?","E"],"items_purchased_type":["Relic","Relic","Card","Card","Card","Card","Card","Card","Relic","Relic","Relic","Card","Card","Card","Card","Card","Relic"],"build_version":"2020-12-22","purchased_purges":2,"victory":false,"max_hp_per_floor":[54,54,54,54,54,54,54,54,54,54,54,54,54,54,54,54,54,54,54,54,54,54,54,54,54,54,54,54,59,59,59,59,59,57,38,38,36,36,36,36,36,34,34,34,34],"card_choices":[{"not_picked":["Slimebound:DouseInSlime","Slimebound:Recycling"],"picked":"Slimebound:OneTwoCombo","floor":0.0},{"not_picked":["Slimebound:LivingWall","Slimebound:ViciousTackle"],"picked":"Slimebound:LeadByExample","floor":2.0},{"not_picked":["Slimebound:PressTheAttack","Slimebound:SlimeBrawl"],"picked":"Slimebound:SplitBruiser","floor":3.0},{"not_picked":["Slimebound:FirmFortitude","Slimebound:Recollect"],"picked":"Slimebound:LeechEnergy","floor":5.0},{"not_picked":["Slimebound:Repurpose","Slimebound:ProtectTheBoss"],"picked":"Slimebound:RejuvenatingLick","floor":8.0},{"not_picked":["Slimebound:LeechingTouch","Slimebound:FinishingTackle"],"picked":"Slimebound:FlameTackle","floor":9.0},{"not_picked":["Slimebound:SlimeSpikes","Slimebound:Schlurp"],"picked":"Slimebound:SplitBruiser","floor":11.0},{"not_picked":["Slimebound:PrepareCrush","Slimebound:SamplingLick"],"picked":"Slimebound:Equalize","floor":12.0},{"not_picked":["Slimebound:LivingWall","Slimebound:ProtectTheBoss"],"picked":"Slimebound:SplitLeeching","floor":14.0},{"not_picked":["Slimebound:Dissolve","Slimebound:SlimeBarrage"],"picked":"Slimebound:ViciousTackle","floor":15.0},{"not_picked":["Slimebound:LeechLife","Slimebound:MassRepurpose"],"picked":"Slimebound:MinionMaster","floor":16.0},{"not_picked":["sneckomod:Bewildered","Looming Evil"],"picked":"CommonCold","floor":17.0},{"not_picked":["CommonCold","Decay"],"picked":"ReplayTheSpireMod:Doomed","floor":17.0},{"not_picked":["stsjorbsmod:Amnesia","Shame"],"picked":"Writhe","floor":17.0},{"not_picked":["Slimebound:FinishingTackle+1","Slimebound:GrowthPunch+1"],"picked":"Slimebound:Schlurp+1","floor":19.0},{"not_picked":["Slimebound:GoopSpray","Slimebound:HungryTackle"],"picked":"Slimebound:RainOfGoop","floor":21.0},{"not_picked":["Slimebound:FinishingTackle+1","Slimebound:SamplingLick"],"picked":"Slimebound:LevelUp","floor":25.0},{"not_picked":["Slimebound:SlimeTap","Slimebound:GrowthPunch"],"picked":"Slimebound:SplitMire","floor":26.0},{"not_picked":["Slimebound:DouseInSlime","Slimebound:FinishingTackle","Slimebound:TongueLash"],"picked":"SKIP","floor":27.0},{"not_picked":["Slimebound:SplitBruiser","Slimebound:Grow"],"picked":"Slimebound:SplitMire","floor":28.0},{"not_picked":["Slimebound:GrowthPunch","Slimebound:Equalize"],"picked":"Slimebound:OneTwoCombo","floor":29.0},{"not_picked":["Slimebound:ComboTackle","Slimebound:FinishingTackle"],"picked":"Slimebound:RallyTheTroops","floor":30.0},{"not_picked":["Slimebound:ComboTackle","Slimebound:SplitMire"],"picked":"Slimebound:RejuvenatingLick","floor":31},{"not_picked":["Slimebound:Chomp","Slimebound:LeechEnergy"],"picked":"Slimebound:SplitLeeching","floor":31},{"not_picked":["Slimebound:GrowthPunch+1","Slimebound:FinishingTackle"],"picked":"Slimebound:Replication+1","floor":31},{"not_picked":["Slimebound:SplitBruiser","Slimebound:MassFeed"],"picked":"Slimebound:SamplingLick+1","floor":32},{"not_picked":["Slimebound:MinionMaster","Slimebound:CheckThePlaybook"],"picked":"Slimebound:OozeBath","floor":33},{"not_picked":["Slimebound:PressTheAttack+1","Slimebound:Recollect+1"],"picked":"Slimebound:GoopSpray","floor":36},{"not_picked":["expansioncontent:GuardianWhirl","expansioncontent:Sear"],"picked":"expansioncontent:SuperHexaguard","floor":37},{"not_picked":["Slimebound:Grow+1","Slimebound:PressTheAttack"],"picked":"Slimebound:HauntingLick+1","floor":38},{"not_picked":["Slimebound:LeechEnergy+1","Slimebound:SplitAcid"],"picked":"Slimebound:SlimeBrawl","floor":40}],"player_experience":822018,"relics_obtained":[{"floor":1.0,"key":"Golden Egg"},{"floor":7.0,"key":"Guardian:PocketSentry"},{"floor":9.0,"key":"Pen Nib"},{"floor":11.0,"key":"Omamori"},{"floor":23.0,"key":"Ring of Peace"},{"floor":23.0,"key":"ReplayTheSpireMod:Ring of Addiction"},{"floor":23.0,"key":"Toy Ornithopter"},{"floor":23.0,"key":"Potion Belt"},{"floor":29.0,"key":"Bronze Scales"},{"floor":35,"key":"HollowMod:QueensCombRelic"},{"floor":38,"key":"Replay:Towering Pillar of Hats"},{"floor":41,"key":"Replay:Bottled Steam"}],"event_choices":[{"damage_healed":0.0,"max_hp_gain":0.0,"max_hp_loss":0.0,"gold_gain":0.0,"cards_transformed":["Slimebound:Strike_Slimebound"],"event_name":"Transmorgrifier","player_choice":"Transformed","floor":10.0,"gold_loss":0.0,"damage_taken":0.0,"cards_obtained":["Slimebound:ProtectTheBoss"]},{"damage_healed":0.0,"max_hp_gain":0.0,"max_hp_loss":0.0,"gold_gain":0.0,"event_name":"Vampires","player_choice":"Ignored","floor":20.0,"gold_loss":0.0,"damage_taken":0.0}],"is_beta":false,"boss_relics":[{"not_picked":["ReplayTheSpireMod:DimensionalGlitch","Honey Jar"],"picked":"Replay:Ancient Bell"},{"not_picked":["Runesmith:AutoHammer","MawBank"],"picked":"Pet Ghost"},{"not_picked":["Replay:WaspNest","Eternal Feather"],"picked":"Mercury Hourglass"},{"not_picked":["Ginger","Replay:Multitool"],"picked":"Bird Faced Urn"},{"not_picked":["Ring of Chaos","Calling Bell"],"picked":"Runic Dome"}],"items_purged_floors":[30,39],"is_endless":false,"potions_floor_spawned":[2,9,15,16,25,28,29,33,40],"killed_by":"R_Hoarder","ascension_level":3}}