{"host":"vlqejv0notyktumz","time":1609877984,"event":{"mods":["AchievementEnabler","BaseMod","Googly Eyes","Minty Spire (QoL Compilation)"],"gold_per_floor":[112,123,136,155,155,185,185,210,210,210,285,304,304,332,332,429,429,439,457,10,30,30,30,65,65,65,65,92,92,108,33,33,135,135,151,151,151,7,27,27,27,27,50,79,79,79,97,113,113,113,113],"floor_reached":50,"playtime":1760,"items_purged":["Defend_P"],"score":606,"play_id":"6c5562cf-4128-4242-98c0-7b9b55299468","local_time":"20210105141944","is_ascension_mode":true,"campfire_choices":[{"data":"Vigilance","floor":7,"key":"SMITH"},{"data":"ClearTheMind","floor":10,"key":"SMITH"},{"data":"EmptyBody","floor":13,"key":"SMITH"},{"floor":15,"key":"REST"},{"data":"Judgement","floor":23,"key":"SMITH"},{"data":"Protect","floor":25,"key":"SMITH"},{"data":"PathToVictory","floor":29,"key":"SMITH"},{"floor":32,"key":"REST"},{"data":"DevaForm","floor":40,"key":"SMITH"},{"data":"Sanctity","floor":42,"key":"SMITH"},{"floor":46,"key":"REST"},{"floor":49,"key":"REST"}],"circlet_count":0,"master_deck":["Strike_P+1","Defend_P","Defend_P","Eruption+1","Vigilance+1","Sanctity+1","EmptyBody+1","EmptyFist+1","FollowUp","PathToVictory","ClearTheMind+1","PathToVictory+1","Protect+1","Judgement+1","ClearTheMind+1","FlurryOfBlows","FlyingSleeves+1","MentalFortress+1","DevaForm+1","Tantrum+1","MasterReality+1","Adaptation+1","CrushJoints+1","Decay","Worship+1"],"relics":["PureWater","StrikeDummy","Art of War","White Beast Statue","CaptainsWheel","Sozu","Oddly Smooth Stone","Whetstone","Strange Spoon","Bronze Scales","Dream Catcher","Matryoshka","Astrolabe","Lee\u0027s Waffle","Bag of Preparation","Orichalcum","Smiling Mask"],"acts_visited":["Exordium","TheCity","TheBeyond"],"potions_floor_usage":[6,8,14,19,19,48],"damage_taken":[{"damage":0,"enemies":"Jaw Worm","floor":1,"turns":4},{"damage":6,"enemies":"Cultist","floor":2,"turns":5},{"damage":10,"enemies":"Small Slimes","floor":3,"turns":4},{"damage":14,"enemies":"Exordium Thugs","floor":4,"turns":9},{"damage":1,"enemies":"3 Sentries","floor":6,"turns":10},{"damage":0,"enemies":"Gremlin Nob","floor":8,"turns":2},{"damage":0,"enemies":"Blue Slaver","floor":12,"turns":2},{"damage":9,"enemies":"Lagavulin","floor":14,"turns":4},{"damage":14,"enemies":"The Guardian","floor":16,"turns":10},{"damage":0,"enemies":"Spheric Guardian","floor":18,"turns":3},{"damage":0,"enemies":"Chosen","floor":19,"turns":4},{"damage":1,"enemies":"3 Cultists","floor":21,"turns":5},{"damage":29,"enemies":"Book of Stabbing","floor":24,"turns":6},{"damage":19,"enemies":"Gremlin Leader","floor":28,"turns":5},{"damage":0,"enemies":"Snake Plant","floor":30,"turns":3},{"damage":14,"enemies":"Collector","floor":33,"turns":10},{"damage":8,"enemies":"Orb Walker","floor":35,"turns":3},{"damage":28,"enemies":"3 Darklings","floor":39,"turns":4},{"damage":7,"enemies":"Giant Head","floor":44,"turns":8},{"damage":0,"enemies":"Sphere and 2 Shapes","floor":47,"turns":3},{"damage":47,"enemies":"Transient","floor":48,"turns":5},{"damage":38,"enemies":"Time Eater","floor":50,"turns":5}],"seed_played":"3963207269596545386","potions_obtained":[{"floor":1,"key":"Block Potion"},{"floor":3,"key":"LiquidBronze"},{"floor":4,"key":"SkillPotion"},{"floor":12,"key":"Explosive Potion"},{"floor":14,"key":"SpeedPotion"},{"floor":16,"key":"Swift Potion"}],"is_trial":false,"path_per_floor":["M","M","M","M","?","E","R","E","T","R","?","M","R","E","R","B",null,"M","M","$","M","$","R","E","R","T","$","E","R","M","$","R","B",null,"M","?","?","$","M","R","?","R","T","E","?","R","M","M","R","B"],"character_chosen":"WATCHER","items_purchased":["Oddly Smooth Stone","Whetstone","Strange Spoon","Lee\u0027s Waffle"],"campfire_rested":4,"item_purchase_floors":[20,20,20,38],"current_hp_per_floor":[72,66,56,42,42,41,41,41,41,41,34,34,34,25,46,32,72,72,72,72,71,71,71,42,42,42,42,23,23,23,23,44,30,72,64,64,64,75,47,47,47,47,47,40,40,62,62,15,37,0,0],"gold":113,"neow_bonus":"UPGRADE_CARD","is_daily":false,"chose_seed":false,"campfire_upgraded":8,"win_rate":0.0,"timestamp":1609877984,"path_taken":["M","M","M","M","?","E","R","E","T","R","?","M","R","E","R","BOSS","M","M","$","M","?","R","E","R","T","$","E","R","?","$","R","BOSS","M","?","?","$","?","R","?","R","T","E","?","R","M","M","R","BOSS"],"items_purchased_type":["Relic","Relic","Relic","Relic"],"build_version":"2020-12-22","purchased_purges":1,"victory":false,"max_hp_per_floor":[72,72,72,72,72,72,72,72,72,72,72,72,72,72,72,72,72,72,72,72,72,72,72,72,72,72,72,72,72,72,72,72,72,72,72,72,68,75,75,75,75,75,75,75,75,75,75,75,75,75,75],"card_choices":[{"not_picked":["WheelKick","CutThroughFate"],"picked":"Sanctity","floor":1},{"not_picked":["Nirvana","Crescendo"],"picked":"EmptyBody","floor":2},{"not_picked":["DeceiveReality","MentalFortress"],"picked":"EmptyFist","floor":3},{"not_picked":["FlurryOfBlows","MasterReality"],"picked":"FollowUp","floor":4},{"not_picked":["EmptyFist","EmptyBody"],"picked":"PathToVictory","floor":6},{"not_picked":["Halt","Crescendo"],"picked":"ClearTheMind","floor":8},{"not_picked":["Weave","WheelKick"],"picked":"PathToVictory","floor":12},{"not_picked":["Evaluate","SashWhip"],"picked":"Protect","floor":14},{"not_picked":["DeusExMachina","Blasphemy"],"picked":"Judgement","floor":16},{"not_picked":["Prostrate","FollowUp"],"picked":"ClearTheMind+1","floor":18},{"not_picked":["ReachHeaven","EmptyBody","EmptyFist"],"picked":"SKIP","floor":19},{"not_picked":["WaveOfTheHand","Evaluate+1"],"picked":"FlurryOfBlows","floor":21},{"not_picked":["EmptyBody","Wish","Scrawl"],"picked":"SKIP","floor":24},{"not_picked":["ClearTheMind","BowlingBash"],"picked":"FlyingSleeves+1","floor":28},{"not_picked":["FlyingSleeves","Wireheading","Study+1"],"picked":"SKIP","floor":30},{"not_picked":["SignatureMove","ClearTheMind"],"picked":"MentalFortress+1","floor":32},{"not_picked":["Omniscience","SpiritShield"],"picked":"DevaForm","floor":33},{"not_picked":["Crescendo","Indignation+1","Wireheading+1"],"picked":"SKIP","floor":35},{"not_picked":["LikeWater","Evaluate","Fasting2+1"],"picked":"SKIP","floor":39},{"not_picked":["FollowUp+1","Halt+1"],"picked":"CrushJoints+1","floor":44},{"not_picked":["BowlingBash","SpiritShield"],"picked":"Worship+1","floor":47},{"not_picked":["Evaluate+1","TalkToTheHand","Consecrate"],"picked":"SKIP","floor":48}],"player_experience":292463,"relics_obtained":[{"floor":6,"key":"StrikeDummy"},{"floor":8,"key":"Art of War"},{"floor":9,"key":"White Beast Statue"},{"floor":14,"key":"CaptainsWheel"},{"floor":24,"key":"Bronze Scales"},{"floor":26,"key":"Dream Catcher"},{"floor":28,"key":"Matryoshka"},{"floor":43,"key":"Bag of Preparation"},{"floor":43,"key":"Orichalcum"},{"floor":44,"key":"Smiling Mask"}],"event_choices":[{"cards_removed":["Strike_P"],"damage_healed":0,"gold_gain":0,"player_choice":"Forget","damage_taken":0,"max_hp_gain":0,"max_hp_loss":0,"event_name":"Living Wall","floor":5,"gold_loss":0},{"damage_healed":0,"gold_gain":75,"player_choice":"Touch","damage_taken":7,"max_hp_gain":0,"max_hp_loss":0,"event_name":"FaceTrader","floor":11,"gold_loss":0},{"damage_healed":0,"gold_gain":0,"player_choice":"Memory 1","damage_taken":0,"max_hp_gain":0,"max_hp_loss":0,"event_name":"SensoryStone","floor":36,"gold_loss":0},{"damage_healed":0,"gold_gain":0,"player_choice":"Max HP","damage_taken":0,"max_hp_gain":0,"max_hp_loss":4,"event_name":"Winding Halls","floor":37,"gold_loss":0},{"damage_healed":0,"gold_gain":0,"player_choice":"Ignored","damage_taken":0,"max_hp_gain":0,"max_hp_loss":0,"event_name":"Mysterious Sphere","floor":41,"gold_loss":0},{"damage_healed":0,"gold_gain":0,"player_choice":"Cursed","damage_taken":0,"max_hp_gain":0,"max_hp_loss":0,"event_name":"Wheel of Change","floor":45,"gold_loss":0,"cards_obtained":["Decay"]}],"is_beta":false,"boss_relics":[{"not_picked":["Snecko Eye","Calling Bell"],"picked":"Sozu"},{"not_picked":["Pandora\u0027s Box","Philosopher\u0027s Stone"],"picked":"Astrolabe"}],"items_purged_floors":[31],"is_endless":false,"potions_floor_spawned":[1,3,4,12,14,16,18,19,21,24,28,30,33,35,39,44,47,48],"killed_by":"Time Eater","ascension_level":2}}