{"host":"y3h3n3f7seyagppx","time":1609879006,"event":{"mods":["BaseMod","Colored Map","Colored Powertips","DeckTracker","Minty Spire (QoL Compilation)","Random Character Button","Rare Cards Sparkle","Relic Sorter","Relic Stats","StSLib"],"gold_per_floor":[110,127,402,421,19,49,99,117,117,117,117,146,89,117,117,195,195,209,36,46,46,46,73,73,102,128,128,128],"floor_reached":27,"playtime":2288,"items_purged":["Regret"],"score":534,"play_id":"b1f55cae-53d0-4dcd-9ded-e5060bd7a180","local_time":"20210105153646","is_ascension_mode":true,"campfire_choices":[{"data":"Carnage","floor":11,"key":"SMITH"},{"data":"Bash","floor":15,"key":"SMITH"},{"data":"Corruption","floor":24,"key":"SMITH"}],"circlet_count":0,"master_deck":["AscendersBane","Strike_R","Strike_R","Strike_R","Strike_R+1","Defend_R","Defend_R","Defend_R","Defend_R","Bash+1","Cleave+1","Spot Weakness","Ghostly Armor","Carnage+1","Exhume","Corruption+1","Feel No Pain","Disarm+1"],"relics":["Burning Blood","Oddly Smooth Stone","Bag of Preparation","Bronze Scales","Sundial","Question Card","Orichalcum","Philosopher\u0027s Stone","Anchor","MutagenicStrength","Whetstone","Singing Bowl","Ancient Tea Set"],"acts_visited":["Exordium","TheCity"],"potions_floor_usage":[12,16,23,23,25],"damage_taken":[{"damage":6,"enemies":"Jaw Worm","floor":1,"turns":4},{"damage":6,"enemies":"Cultist","floor":2,"turns":4},{"damage":3,"enemies":"2 Louse","floor":4,"turns":2},{"damage":38,"enemies":"Gremlin Nob","floor":6,"turns":4},{"damage":3,"enemies":"Red Slaver","floor":8,"turns":3},{"damage":20,"enemies":"3 Sentries","floor":12,"turns":5},{"damage":16,"enemies":"Lagavulin","floor":14,"turns":7},{"damage":12,"enemies":"Hexaghost","floor":16,"turns":8},{"damage":10,"enemies":"2 Thieves","floor":18,"turns":4},{"damage":10,"enemies":"Spheric Guardian","floor":20,"turns":4},{"damage":8,"enemies":"Book of Stabbing","floor":23,"turns":4},{"damage":48,"enemies":"Slavers","floor":25,"turns":5},{"damage":8,"enemies":"3 Cultists","floor":27,"turns":2}],"seed_played":"-6651546031035672217","potions_obtained":[{"floor":2,"key":"Regen Potion"},{"floor":8,"key":"SneckoOil"},{"floor":16,"key":"FearPotion"},{"floor":22,"key":"SneckoOil"},{"floor":22,"key":"HeartOfIron"},{"floor":23,"key":"BlessingOfTheForge"}],"is_trial":false,"path_per_floor":["M","M","?","M","$","E","?","M","T","?","R","E","$","E","R","B",null,"M","$","M","?","?","E","R","E","T","M"],"character_chosen":"IRONCLAD","items_purchased":["Bag of Preparation","Bronze Scales","Weak Potion","Anchor"],"campfire_rested":0,"item_purchase_floors":[5,5,13,19],"current_hp_per_floor":[68,68,68,71,71,39,32,35,35,28,28,28,28,18,18,12,59,55,55,51,51,51,49,49,7,7,0,0],"gold":128,"neow_bonus":"RANDOM_COMMON_RELIC","is_daily":false,"chose_seed":false,"campfire_upgraded":3,"win_rate":0.0,"timestamp":1609879006,"path_taken":["M","M","?","?","$","E","?","?","T","?","R","E","?","E","R","BOSS","M","$","M","?","?","E","R","E","T","?"],"items_purchased_type":["Relic","Relic","Potion","Relic"],"build_version":"2020-12-22","purchased_purges":1,"victory":false,"max_hp_per_floor":[75,75,75,75,75,75,75,75,75,75,75,75,75,75,75,75,75,75,75,75,75,75,75,75,75,75,75,75],"relic_stats":{"Singing Bowl":0,"counters":[13,56],"Sundial":[8],"Bronze Scales":[128],"Bag of Preparation":[20],"Whetstone":["Cleave","Strike_R"],"Orichalcum":[30],"Question Card":6,"obtain_stats":[{"Singing Bowl":25,"Oddly Smooth Stone":0,"Bag of Preparation":5,"Whetstone":23,"Orichalcum":14,"Question Card":12,"Ancient Tea Set":26,"Burning Blood":0,"Anchor":19,"Sundial":6,"Bronze Scales":5,"MutagenicStrength":21,"Philosopher\u0027s Stone":17},{"Singing Bowl":12,"Oddly Smooth Stone":0,"Bag of Preparation":3,"Whetstone":11,"Orichalcum":7,"Question Card":6,"Ancient Tea Set":12,"Burning Blood":0,"Anchor":9,"Sundial":4,"Bronze Scales":3,"MutagenicStrength":10,"Philosopher\u0027s Stone":8},{"Singing Bowl":54,"Oddly Smooth Stone":0,"Bag of Preparation":10,"Whetstone":49,"Orichalcum":29,"Question Card":22,"Ancient Tea Set":54,"Burning Blood":0,"Anchor":41,"Sundial":14,"Bronze Scales":10,"MutagenicStrength":45,"Philosopher\u0027s Stone":37}],"Burning Blood":72},"card_choices":[{"not_picked":["Havoc","Warcry"],"picked":"Cleave","floor":1},{"not_picked":["Clothesline","Flex"],"picked":"Spot Weakness","floor":2},{"not_picked":["True Grit","Body Slam"],"picked":"Ghostly Armor","floor":4},{"not_picked":["Body Slam","Heavy Blade"],"picked":"Carnage","floor":6},{"not_picked":["Thunderclap","Perfected Strike","Juggernaut"],"picked":"SKIP","floor":8},{"not_picked":["Reckless Charge","Thunderclap","Rampage"],"picked":"SKIP","floor":12},{"not_picked":["Bludgeon","Shrug It Off","Dropkick"],"picked":"Exhume","floor":14},{"not_picked":["Fiend Fire","Exhume","Berserk"],"picked":"Corruption","floor":16},{"not_picked":["Uppercut","Flex+1","Heavy Blade+1"],"picked":"Feel No Pain","floor":18},{"not_picked":["Second Wind","Heavy Blade+1","Headbutt","Wild Strike"],"picked":"SKIP","floor":20},{"not_picked":["Second Wind","Heavy Blade+1","Headbutt","Wild Strike"],"picked":"SKIP","floor":20},{"not_picked":["Blood for Blood","Twin Strike","Havoc","Rampage"],"picked":"SKIP","floor":23},{"not_picked":["Evolve+1","Sword Boomerang","Ghostly Armor"],"picked":"Disarm+1","floor":25}],"player_experience":20370935,"relics_obtained":[{"floor":6,"key":"Sundial"},{"floor":12,"key":"Question Card"},{"floor":14,"key":"Orichalcum"},{"floor":23,"key":"Whetstone"},{"floor":25,"key":"Singing Bowl"},{"floor":26,"key":"Ancient Tea Set"}],"event_choices":[{"damage_healed":0,"gold_gain":275,"player_choice":"Desecrate","damage_taken":0,"max_hp_gain":0,"max_hp_loss":0,"event_name":"Golden Shrine","floor":3,"gold_loss":0,"cards_obtained":["Regret"]},{"damage_healed":0,"gold_gain":50,"player_choice":"Touch","damage_taken":7,"max_hp_gain":0,"max_hp_loss":0,"event_name":"FaceTrader","floor":7,"gold_loss":0},{"cards_removed":["Strike_R"],"damage_healed":0,"gold_gain":0,"player_choice":"Card Removal","damage_taken":7,"max_hp_gain":0,"max_hp_loss":0,"event_name":"Golden Wing","floor":10,"gold_loss":0},{"damage_healed":0,"gold_gain":0,"player_choice":"Inject Mutagens","damage_taken":0,"relics_obtained":["MutagenicStrength"],"max_hp_gain":0,"max_hp_loss":0,"event_name":"Drug Dealer","floor":21,"gold_loss":0},{"damage_healed":0,"gold_gain":0,"player_choice":"Got Potions","damage_taken":0,"max_hp_gain":0,"max_hp_loss":0,"event_name":"Lab","floor":22,"gold_loss":0}],"is_beta":false,"boss_relics":[{"not_picked":["Empty Cage","Black Star"],"picked":"Philosopher\u0027s Stone"}],"items_purged_floors":[5],"is_endless":false,"potions_floor_spawned":[2,8,14,16,23],"killed_by":"3 Cultists","ascension_level":20}}