{"host":"qxeepl7ydvsgmfdb","time":1609852073,"event":{"mods":["AchievementEnabler","BaseMod","Colored Powertips","Minty Spire (QoL Compilation)","Quick Restart","slay the spire mod where everything is the same but ironclad has a cowboy hat"],"gold_per_floor":[110,110,126,126,401,401,432,432,432,458,458,471,488,503,503,608,608,626,209,241,241,252,252,263,263,263],"floor_reached":25,"playtime":981,"items_purged":["Regret"],"score":319,"play_id":"84b81c8e-1754-4617-bec7-6a41dbecbda7","local_time":"20210105080753","is_ascension_mode":true,"campfire_choices":[{"data":"Acrobatics","floor":6,"key":"SMITH"},{"data":"Cloak And Dagger","floor":8,"key":"SMITH"},{"floor":11,"key":"REST"},{"data":"Noxious Fumes","floor":15,"key":"SMITH"},{"floor":23,"key":"REST"}],"circlet_count":0,"master_deck":["Strike_G","Strike_G","Strike_G","Strike_G","Defend_G","Defend_G","Defend_G","Defend_G","Defend_G","Survivor","Neutralize","Deflect+1","Acrobatics+1","Cloak And Dagger+1","Flying Knee+1","Blade Dance","Slice+1","Noxious Fumes+1","After Image","Deadly Poison+1","Slice+1","Noxious Fumes","Flying Knee+1"],"relics":["Ring of the Snake","NeowsBlessing","CultistMask","Ninja Scroll","Mercury Hourglass","Molten Egg 2","HoveringKite","White Beast Statue","Red Mask"],"acts_visited":["Exordium","TheCity"],"potions_floor_usage":[16,20,24,25,25,25],"damage_taken":[{"damage":0,"enemies":"Small Slimes","floor":1,"turns":1},{"damage":0,"enemies":"Cultist","floor":3,"turns":1},{"damage":0,"enemies":"Lagavulin","floor":7,"turns":1},{"damage":16,"enemies":"3 Sentries","floor":10,"turns":8},{"damage":0,"enemies":"2 Louse","floor":12,"turns":2},{"damage":5,"enemies":"Red Slaver","floor":13,"turns":3},{"damage":0,"enemies":"Looter","floor":14,"turns":2},{"damage":48,"enemies":"The Guardian","floor":16,"turns":12},{"damage":16,"enemies":"Shell Parasite","floor":18,"turns":4},{"damage":27,"enemies":"Masked Bandits","floor":20,"turns":4},{"damage":0,"enemies":"Chosen","floor":22,"turns":4},{"damage":16,"enemies":"Centurion and Healer","floor":24,"turns":5},{"damage":37,"enemies":"Book of Stabbing","floor":25,"turns":5}],"seed_played":"-4592687900681803057","potions_obtained":[{"floor":7,"key":"EssenceOfSteel"},{"floor":12,"key":"AttackPotion"},{"floor":13,"key":"ColorlessPotion"},{"floor":16,"key":"DuplicationPotion"},{"floor":20,"key":"FearPotion"},{"floor":22,"key":"Regen Potion"},{"floor":24,"key":"Explosive Potion"}],"is_trial":false,"path_per_floor":["M","?","M","?","?","R","E","R","T","E","R","M","M","M","R","B",null,"M","$","?","?","M","R","M","E"],"character_chosen":"THE_SILENT","items_purchased":["White Beast Statue","Slice+1","Noxious Fumes"],"campfire_rested":2,"item_purchase_floors":[19,19,19],"current_hp_per_floor":[63,63,63,63,63,63,63,63,63,47,68,68,63,63,63,15,56,40,40,13,13,13,34,32,0,0],"gold":263,"neow_bonus":"THREE_ENEMY_KILL","is_daily":false,"chose_seed":false,"campfire_upgraded":3,"win_rate":0.0,"timestamp":1609852073,"path_taken":["M","?","?","?","?","R","E","R","T","E","R","M","M","M","R","BOSS","M","$","?","?","M","R","?","E"],"items_purchased_type":["Relic","Card","Card"],"build_version":"2020-12-22","purchased_purges":1,"victory":false,"max_hp_per_floor":[70,70,70,70,70,70,70,70,70,70,70,70,70,70,70,70,70,70,70,70,70,70,70,70,70,70],"card_choices":[{"not_picked":["Terror","Prepared"],"picked":"Deflect","floor":1},{"not_picked":["Deflect","Catalyst"],"picked":"Acrobatics","floor":3},{"not_picked":["Backflip","Dagger Throw"],"picked":"Cloak And Dagger","floor":7},{"not_picked":["Acrobatics","Backflip"],"picked":"Flying Knee+1","floor":10},{"not_picked":["PiercingWail","Backflip"],"picked":"Blade Dance","floor":12},{"not_picked":["Acrobatics","Terror"],"picked":"Slice+1","floor":13},{"not_picked":["After Image","Quick Slash+1"],"picked":"Noxious Fumes","floor":14},{"not_picked":["Doppelganger","Tools of the Trade"],"picked":"After Image","floor":16},{"not_picked":["Slice+1","Underhanded Strike+1"],"picked":"Deadly Poison+1","floor":18},{"not_picked":["Acrobatics+1","Cloak And Dagger+1","Masterful Stab+1"],"picked":"SKIP","floor":22},{"not_picked":["Prepared","Distraction","PiercingWail"],"picked":"SKIP","floor":24}],"player_experience":366399,"relics_obtained":[{"floor":7,"key":"Ninja Scroll"},{"floor":9,"key":"Mercury Hourglass"},{"floor":10,"key":"Molten Egg 2"},{"floor":20,"key":"Red Mask"}],"event_choices":[{"damage_healed":0,"gold_gain":0,"player_choice":"Trade","damage_taken":0,"relics_obtained":["CultistMask"],"max_hp_gain":0,"max_hp_loss":0,"event_name":"FaceTrader","floor":2,"gold_loss":0},{"damage_healed":0,"gold_gain":0,"player_choice":"Grow","damage_taken":0,"max_hp_gain":0,"max_hp_loss":0,"event_name":"Living Wall","floor":4,"gold_loss":0,"cards_upgraded":["Deflect"]},{"damage_healed":0,"gold_gain":275,"player_choice":"Desecrate","damage_taken":0,"max_hp_gain":0,"max_hp_loss":0,"event_name":"Golden Shrine","floor":5,"gold_loss":0,"cards_obtained":["Regret"]},{"damage_healed":0,"gold_gain":0,"player_choice":"Fought Bandits","damage_taken":0,"max_hp_gain":0,"max_hp_loss":0,"event_name":"Masked Bandits","floor":20,"gold_loss":0},{"damage_healed":0,"gold_gain":0,"cards_transformed":["Strike_G"],"player_choice":"Transformed","damage_taken":0,"max_hp_gain":0,"max_hp_loss":0,"event_name":"Transmorgrifier","floor":21,"gold_loss":0,"cards_obtained":["Flying Knee"]}],"is_beta":false,"boss_relics":[{"not_picked":["Philosopher\u0027s Stone","SlaversCollar"],"picked":"HoveringKite"}],"items_purged_floors":[19],"is_endless":false,"potions_floor_spawned":[7,12,13,16,20,22,24],"killed_by":"Book of Stabbing","ascension_level":7}}