{"host":"gpkbl0cayp7vm3va","time":1609818476,"event":{"mods":["BaseMod","Bestiary","Colored Map","Curses Come First","Downfall","Highlight Path","Minty Spire (QoL Compilation)","Replay The Spire","Robot Space Explorer","StSLib","The Animator"],"gold_per_floor":[190,190,208,51,51,98,122,165,165,165,186,186,202,222,222,347,347,370,385,406,425,45,45,45],"floor_reached":23,"playtime":3855,"items_purged":["animator:Strike"],"score":215,"play_id":"554e0cad-c041-41d9-9b1a-f1dd97f009d3","local_time":"20210104204756","is_ascension_mode":true,"campfire_choices":[{"floor":12,"key":"REST"}],"circlet_count":0,"master_deck":["animator:Strike_HitsugiNoChaika+1","animator:Defend_HitsugiNoChaika","animator:Strike","animator:Defend","animator:Defend","animator:Defend","animator:AcuraAkari","animator:Gillette","animator:Viivi","animator:LeleiLaLalena+1","animator:Fredrika","animator:AcuraShin","animator:ChaikaBohdan","animator:Viivi","animator:Shiro","animator:DolaSchwi+1","animator:Sonic+1","animator:DolaStephanie+1","animator:Boros","animator:Viivi+1","animator:ShinjiMatou+1","animator:PandorasActor+1","animator:Layla+1","animator:Gilgamesh+1"],"relics":["animator:TheMissingPiece","Tiny House","Golden Idol","Replay:Bottled Flurry","Molten Egg 2","Toxic Egg 2","Painkiller Herb","Toolbox"],"acts_visited":["Exordium","TheCity"],"potions_floor_usage":[6,14,16,16,20],"damage_taken":[{"damage":9,"enemies":"Small Slimes","floor":1,"turns":3},{"damage":4,"enemies":"Cultist","floor":3,"turns":3},{"damage":14,"enemies":"Gremlin Nob","floor":6,"turns":3},{"damage":0,"enemies":"Jaw Worm","floor":7,"turns":4},{"damage":7,"enemies":"Replay:BlueRogue","floor":8,"turns":4},{"damage":10,"enemies":"Exordium Thugs","floor":11,"turns":5},{"damage":0,"enemies":"Large Slime","floor":13,"turns":4},{"damage":14,"enemies":"Gremlin Gang","floor":14,"turns":5},{"damage":15,"enemies":"Hexaghost","floor":16,"turns":6},{"damage":14,"enemies":"2 Thieves","floor":18,"turns":4},{"damage":0,"enemies":"3 Byrds","floor":19,"turns":4},{"damage":14,"enemies":"Snake Plant","floor":20,"turns":3},{"damage":25,"enemies":"Cultist and Chosen","floor":21,"turns":7},{"damage":23,"enemies":"Gremlin Leader","floor":23,"turns":6}],"seed_played":"7410483221016063743","potions_obtained":[{"floor":0,"key":"Venom Potion"},{"floor":3,"key":"Languid Potion"},{"floor":5,"key":"Explosive Potion"},{"floor":5,"key":"SneckoOil"},{"floor":11,"key":"Block Potion"},{"floor":14,"key":"champ:CounterPotion"},{"floor":19,"key":"FearPotion"}],"is_trial":false,"path_per_floor":["M","?","M","$","?","E","M","E","T","?","M","R","M","M","R_BF","B",null,"?","?","?","?","T","E"],"character_chosen":"THE_ANIMATOR","items_purchased":["animator:AcuraShin","animator:Gilgamesh+1","Toolbox"],"campfire_rested":1,"item_purchase_floors":[4,22,22],"current_hp_per_floor":[62,45,42,42,42,28,28,21,21,21,11,32,32,18,39,24,72,58,58,44,23,23,0,0],"gold":45,"neow_bonus":"BOSS_RELIC","is_daily":false,"chose_seed":false,"campfire_upgraded":0,"win_rate":0.0,"timestamp":1609818476,"path_taken":["M","?","M","$","?","E","?","E","T","?","M","R","M","?","R_BF","BOSS","?","?","?","?","T","E"],"items_purchased_type":["Card","Card","Relic"],"build_version":"2020-12-22","purchased_purges":1,"victory":false,"max_hp_per_floor":[71,71,72,72,72,72,72,72,72,72,72,72,72,72,72,72,72,72,72,72,73,73,73,73],"card_choices":[{"not_picked":["animator:DwarfShaman","animator:Jibril"],"picked":"animator:Viivi","floor":0},{"not_picked":["animator:Shalltear","animator:DolaSchwi"],"picked":"animator:LeleiLaLalena","floor":1},{"not_picked":["animator:FielNirvalen","animator:Entoma"],"picked":"animator:Fredrika","floor":3},{"not_picked":["animator:Alexander","animator:Spearman"],"picked":"animator:ChaikaBohdan","floor":6},{"not_picked":["animator:Gillette","animator:Guy"],"picked":"animator:Viivi","floor":7},{"not_picked":["animator:Geryuganshoop","animator:CowGirl"],"picked":"animator:Shiro","floor":8},{"not_picked":["animator:Assassin+1","animator:DolaRiku+1"],"picked":"animator:DolaSchwi+1","floor":11},{"not_picked":["animator:SilverFang+1","animator:ChaikaBohdan+1"],"picked":"animator:Sonic+1","floor":13},{"not_picked":["animator:DolaRiku+1","animator:Tet+1"],"picked":"animator:DolaStephanie+1","floor":14},{"not_picked":["animator:PinaCoLada","animator:Ainz"],"picked":"animator:Boros","floor":16},{"not_picked":["animator:Cocytus+1","animator:Bozes+1"],"picked":"animator:Viivi+1","floor":18},{"not_picked":["animator:AcuraAkari+1","animator:PandorasActor+1"],"picked":"animator:ShinjiMatou+1","floor":19},{"not_picked":["animator:DwarfShaman+1","animator:Bozes+1"],"picked":"animator:PandorasActor+1","floor":20},{"not_picked":["animator:Fredrika+1","animator:AcuraAkari+1"],"picked":"animator:Layla+1","floor":21}],"player_experience":778347,"relics_obtained":[{"floor":6,"key":"Replay:Bottled Flurry"},{"floor":8,"key":"Molten Egg 2"},{"floor":9,"key":"Toxic Egg 2"}],"event_choices":[{"damage_healed":0,"gold_gain":0,"player_choice":"Take Damage","damage_taken":17,"relics_obtained":["Golden Idol"],"max_hp_gain":0,"max_hp_loss":0,"event_name":"Golden Idol","floor":2,"gold_loss":0},{"damage_healed":0,"gold_gain":0,"player_choice":"Got Potions","damage_taken":0,"max_hp_gain":0,"max_hp_loss":0,"event_name":"Lab","floor":5,"gold_loss":0},{"cards_removed":["animator:Strike"],"damage_healed":0,"gold_gain":0,"player_choice":"Purged","damage_taken":0,"max_hp_gain":0,"max_hp_loss":0,"event_name":"Purifier","floor":10,"gold_loss":0}],"is_beta":false,"boss_relics":[{"not_picked":["Empty Cage","Replay:Bronze Core"],"picked":"Painkiller Herb"}],"items_purged_floors":[22],"is_endless":false,"potions_floor_spawned":[3,11,14,19],"killed_by":"Gremlin Leader","ascension_level":1}}