{"host":"l2dnabsh5e0fsksb","time":1609848259,"event":{"mods":["2.2 Compatiblity","BaseMod","Downfall","Minty Spire (QoL Compilation)","Quick Restart","StSLib"],"gold_per_floor":[99,274,274,374,374,402,402,402,427,441,216,231,231,243,258,258,258,258],"floor_reached":16,"playtime":606,"items_purged":[],"score":155,"play_id":"ae2ded5a-b3fd-40fb-94dd-eac63bc3783e","local_time":"20210105223419","is_ascension_mode":true,"campfire_choices":[{"floor":1,"key":"RECALL"},{"floor":11,"key":"REST"},{"floor":13,"key":"REST"}],"circlet_count":0,"master_deck":["champ:Strike","champ:Strike","champ:Strike","champ:Strike","champ:Defend","champ:Defend","champ:Defend","champ:Defend","champ:Execute","champ:Taunt","Doubt","champ:FanOfKnives","champ:AdrenalArmor","champ:LastStand","champ:FocusedGladiator","champ:Circumvent","champ:Circumvent","champ:StanceDance","champ:Backstep"],"relics":["champ:ChampionCrown","downfall:HeartsMalice","CloakClasp","Blue Candle","FaceOfCleric","Akabeko","downfall:HeartBlessingGreen","downfall:HeartBlessingBlue","downfall:HeartBlessingRed"],"acts_visited":["Exordium"],"potions_floor_usage":[16,16,16],"damage_taken":[{"damage":0,"enemies":"2 Louse","floor":3,"turns":1},{"damage":0,"enemies":"2 Louse","floor":4,"turns":1},{"damage":0,"enemies":"Jaw Worm","floor":5,"turns":1},{"damage":36,"enemies":"3 Sentries","floor":6,"turns":9},{"damage":88,"enemies":"Lagavulin","floor":9,"turns":10},{"damage":3,"enemies":"Cultist","floor":10,"turns":3},{"damage":6,"enemies":"Large Slime","floor":12,"turns":4},{"damage":15,"enemies":"Blue Slaver","floor":14,"turns":4},{"damage":0,"enemies":"Lots of Slimes","floor":15,"turns":1},{"damage":75,"enemies":"downfall:Defect","floor":16,"turns":13}],"seed_played":"-2529109674284434567","potions_obtained":[{"floor":4,"key":"EssenceOfSteel"},{"floor":10,"key":"hexamod:EctoCoolerPotion"},{"floor":12,"key":"Swift Potion"}],"is_trial":false,"path_per_floor":["R","?","M","?","M","E","T","?","E","M","R","M","R","M","M","B"],"character_chosen":"THE_CHAMP","items_purchased":[],"campfire_rested":2,"item_purchase_floors":[],"current_hp_per_floor":[90,90,90,90,90,68,68,68,4,4,44,44,74,69,70,0,0,0],"gold":258,"neow_bonus":"THREE_ENEMY_KILL","is_daily":false,"chose_seed":false,"campfire_upgraded":0,"win_rate":0.0,"timestamp":1609848259,"path_taken":["R","?","M","?","M","E","T","?","E","M","R","M","R","M","M","BOSS"],"items_purchased_type":[],"build_version":"2020-12-22","purchased_purges":0,"victory":false,"max_hp_per_floor":[90,90,90,90,90,90,90,90,91,92,102,103,103,104,105,105,105,105],"card_choices":[{"not_picked":["champ:AdrenalArmor","champ:DefensiveShout"],"picked":"champ:FanOfKnives","floor":3},{"not_picked":["champ:RecklessLeap","champ:Encircle"],"picked":"champ:AdrenalArmor","floor":4},{"not_picked":["champ:FalseCounter","champ:Aggression","champ:GladiatorsShout"],"picked":"SKIP","floor":5},{"not_picked":["champ:HeartStrike","champ:PerfectedStrike"],"picked":"champ:LastStand","floor":6},{"not_picked":["champ:RapidStrikes","champ:Balance"],"picked":"champ:FocusedGladiator","floor":9},{"not_picked":["champ:HeartStrike","champ:BladeFlurry"],"picked":"champ:Circumvent","floor":10},{"not_picked":["champ:Haymaker","champ:Aggression"],"picked":"champ:Circumvent","floor":12},{"not_picked":["champ:CrookedStrike","champ:Haymaker"],"picked":"champ:StanceDance","floor":14},{"not_picked":["champ:RapidStrikes","champ:PerfectedStrike"],"picked":"champ:Backstep","floor":15}],"player_experience":1741161,"relics_obtained":[{"floor":4,"key":"CloakClasp"},{"floor":6,"key":"Blue Candle"},{"floor":9,"key":"Akabeko"}],"event_choices":[{"damage_healed":0,"gold_gain":0,"player_choice":"Trade","damage_taken":0,"relics_obtained":["FaceOfCleric"],"max_hp_gain":0,"max_hp_loss":0,"event_name":"FaceTrader","floor":8,"gold_loss":0}],"is_beta":false,"boss_relics":[],"items_purged_floors":[],"is_endless":false,"potions_floor_spawned":[4,10,12],"killed_by":"downfall:Defect","ascension_level":4}}