{"host":"ig7tc0uedzltt2sr","time":1609830085,"event":{"mods":["BaseMod","Better Twitch Integration","Block Reminder","Colored Map","Colored Powertips","Communication Mod","Current Relic Mod","GifTheSpireLib","HexUI Lib","Minty Spire (QoL Compilation)","Quick Restart","Random Character Button","Rare Cards Sparkle","Relic Sorter","Relic Stats","Slay the Relics Exporter","StSLib","SuperFastMode","Synergy Search","Twitch Decklist","Twitch Utils","everything is the same but u backflip on backflip","slay the spire mod where everything is the same but ironclad has a cowboy hat"],"gold_per_floor":[117,117,59,76,87,87,87],"floor_reached":6,"playtime":89,"items_purged":[],"score":36,"play_id":"dc15bcd9-3cd1-4a57-8151-e713176c3544","local_time":"20210104230125","is_ascension_mode":false,"campfire_choices":[],"circlet_count":0,"master_deck":["Strike_R","Strike_R","Strike_R","Strike_R","Strike_R","Defend_R","Defend_R","Defend_R","Defend_R","Bash","Seeing Red","Metallicize","Shockwave"],"relics":["Burning Blood","Peace Pipe","Incense Burner"],"acts_visited":["Exordium"],"potions_floor_usage":[],"damage_taken":[{"damage":2,"enemies":"2 Louse","floor":1,"turns":6},{"damage":7,"enemies":"Cultist","floor":4,"turns":7},{"damage":33,"enemies":"Jaw Worm","floor":5,"turns":8},{"damage":84,"enemies":"Lagavulin","floor":6,"turns":19}],"seed_played":"5652052475600560640","potions_obtained":[{"floor":1,"key":"FairyPotion"}],"is_trial":false,"path_per_floor":["M","?","?","M","M","E"],"character_chosen":"IRONCLAD","items_purchased":[],"campfire_rested":0,"item_purchase_floors":[],"current_hp_per_floor":[72,72,72,71,44,0,0],"gold":87,"neow_bonus":"ONE_RARE_RELIC","is_daily":false,"chose_seed":false,"campfire_upgraded":0,"win_rate":0.0,"timestamp":1609830085,"path_taken":["M","?","?","M","M","E"],"items_purchased_type":[],"build_version":"2020-12-22","purchased_purges":0,"victory":false,"max_hp_per_floor":[72,72,72,72,72,72,72],"relic_stats":{"Peace Pipe":0,"counters":[4,40],"obtain_stats":[{"Peace Pipe":0,"Incense Burner":3,"Burning Blood":0},{"Peace Pipe":0,"Incense Burner":1,"Burning Blood":0},{"Peace Pipe":0,"Incense Burner":6,"Burning Blood":0}],"Burning Blood":14},"card_choices":[{"not_picked":["Iron Wave","Havoc"],"picked":"Seeing Red","floor":1},{"not_picked":["Whirlwind","Sword Boomerang"],"picked":"Metallicize","floor":4},{"not_picked":["Clothesline","Heavy Blade"],"picked":"Shockwave","floor":5}],"player_experience":1429866,"relics_obtained":[],"event_choices":[{"damage_healed":0,"gold_gain":0,"player_choice":"Ignored","damage_taken":0,"max_hp_gain":0,"max_hp_loss":0,"event_name":"Golden Wing","floor":2,"gold_loss":0},{"damage_healed":0,"gold_gain":0,"player_choice":"Paid Gold","damage_taken":0,"relics_obtained":["Incense Burner"],"max_hp_gain":0,"max_hp_loss":0,"event_name":"WeMeetAgain","floor":3,"gold_loss":58}],"is_beta":false,"boss_relics":[],"items_purged_floors":[],"is_endless":false,"potions_floor_spawned":[1],"killed_by":"Lagavulin","ascension_level":0}}