{"host":"p4zclu0beiy6gkiq","time":1609854130,"event":{"mods":["AchievementEnabler","BaseMod","Bestiary","Colored Map","Colored Powertips","DeckTracker","Minty Spire (QoL Compilation)","Quick Restart","StSLib","SuperFastMode","The Cursed"],"gold_per_floor":[13,13,13,33,48,84,104,144,144,144,185,206,226,242,242,372,372,390,390,30,230,242,268,288,322,346,209,209,52,84,103,103,208,208,226,226,1225,1236,1282,1309,1309,1309,1335,1335,1351,1371,554,579,579,579,579,579,22,49,49],"floor_reached":56,"playtime":11439,"items_purged":["Defend_P","Defend_P","Strike_P+1"],"score":1544,"play_id":"0d928a3a-29b1-4e7f-ac83-7755eb52151a","local_time":"20210105224210","is_ascension_mode":true,"campfire_choices":[{"data":"TalkToTheHand","floor":10.0,"key":"SMITH"},{"data":"Scrawl","floor":15.0,"key":"SMITH"},{"data":"CutThroughFate","floor":32.0,"key":"SMITH"},{"floor":44.0,"key":"RECALL"},{"floor":49.0,"key":"REST"},{"floor":52.0,"key":"REST"}],"circlet_count":0,"master_deck":["Defend_P+1","Defend_P+1","Eruption+1","Vigilance+1","DeceiveReality+1","CutThroughFate+1","EmptyBody+1","TalkToTheHand+1","BowlingBash+1","Scrawl+1","LessonLearned+1","Evaluate+1","MentalFortress+1","Study+1","SpiritShield+1","ClearTheMind+1","FearNoEvil+1","ClearTheMind+1","CutThroughFate+1","Scrawl+1","TalkToTheHand+1","Halt+1","ReachHeaven+1","Halt+1","BattleHymn+1","Alpha+1","Scrawl+1","FlurryOfBlows+1","Crescendo+1","Nirvana+1","Vengeance+1","Trip+1","Blind+1","Chrysalis+1","Parasite","Crescendo+1","Meditate+1","Tantrum","Finesse+1","ClearTheMind+1","Establishment+1","Panache+1","Adaptation+1","Nirvana+1"],"relics":["PureWater","Bird Faced Urn","Bloody Idol","Bottled Lightning","Frozen Egg 2","Toxic Egg 2","Pear","Astrolabe","Lantern","Omamori","Bag of Preparation","Juzu Bracelet","Bottled Flame","Strange Spoon","Damaru","Fusion Hammer","Thread and Needle","PreservedInsect","Frozen Eye","InkBottle","Darkstone Periapt","Gambling Chip","Toy Ornithopter"],"acts_visited":["Exordium","TheCity","TheBeyond","TheEnding"],"potions_floor_usage":[55,55],"damage_taken":[{"damage":2.0,"enemies":"Jaw Worm","floor":1.0,"turns":3.0},{"damage":0.0,"enemies":"Small Slimes","floor":4.0,"turns":5.0},{"damage":0.0,"enemies":"Cultist","floor":5.0,"turns":2.0},{"damage":0.0,"enemies":"Gremlin Nob","floor":6.0,"turns":2.0},{"damage":0.0,"enemies":"Looter","floor":7.0,"turns":4.0},{"damage":15.0,"enemies":"Lagavulin","floor":8.0,"turns":10.0},{"damage":20.0,"enemies":"Gremlin Nob","floor":11.0,"turns":3.0},{"damage":5.0,"enemies":"Gremlin Gang","floor":12.0,"turns":4.0},{"damage":0.0,"enemies":"Lots of Slimes","floor":13.0,"turns":2.0},{"damage":0.0,"enemies":"Exordium Thugs","floor":14.0,"turns":7.0},{"damage":18.0,"enemies":"Hexaghost","floor":16.0,"turns":18.0},{"damage":0.0,"enemies":"Shell Parasite","floor":18.0,"turns":6.0},{"damage":0.0,"enemies":"2 Thieves","floor":22.0,"turns":2.0},{"damage":8.0,"enemies":"Book of Stabbing","floor":23.0,"turns":8.0},{"damage":22.0,"enemies":"Chosen and Byrds","floor":24.0,"turns":10.0},{"damage":13.0,"enemies":"Slavers","floor":25.0,"turns":8.0},{"damage":1.0,"enemies":"Gremlin Leader","floor":30.0,"turns":6.0},{"damage":0.0,"enemies":"Centurion and Healer","floor":31.0,"turns":11.0},{"damage":8.0,"enemies":"Collector","floor":33.0,"turns":8.0},{"damage":0.0,"enemies":"3 Darklings","floor":35.0,"turns":9.0},{"damage":0.0,"enemies":"3 Shapes","floor":38.0,"turns":2.0},{"damage":6.0,"enemies":"2 Orb Walkers","floor":39.0,"turns":5.0},{"damage":4.0,"enemies":"Reptomancer","floor":40.0,"turns":4.0},{"damage":15.0,"enemies":"Writhing Mass","floor":45.0,"turns":5.0},{"damage":0.0,"enemies":"4 Shapes","floor":46.0,"turns":5.0},{"damage":2.0,"enemies":"Giant Head","floor":48.0,"turns":4.0},{"damage":87.0,"enemies":"Time Eater","floor":50.0,"turns":9.0},{"damage":0.0,"enemies":"Shield and Spear","floor":54.0,"turns":2.0},{"damage":76,"enemies":"The Heart","floor":55,"turns":8}],"seed_played":"7830700302801879433","potions_obtained":[{"floor":1.0,"key":"LiquidMemories"},{"floor":7.0,"key":"Fire Potion"},{"floor":8.0,"key":"Dexterity Potion"},{"floor":11.0,"key":"Swift Potion"},{"floor":12.0,"key":"Explosive Potion"},{"floor":22.0,"key":"FearPotion"},{"floor":23.0,"key":"Block Potion"},{"floor":24.0,"key":"BottledMiracle"},{"floor":31.0,"key":"LiquidBronze"},{"floor":39.0,"key":"ColorlessPotion"},{"floor":40.0,"key":"Strength Potion"}],"is_trial":false,"path_per_floor":["M","?","?","M","M","E","M","E","T","R","E","M","M","M","R","B",null,"M","?","$","?","M","E","M","E","T","$","T","$","E","M","R","B",null,"M","?","?","M","?","E","?","?","T","R","M","M","$","E","R","B",null,"R","$","E","B",null],"character_chosen":"WATCHER","items_purchased":["Lantern","Scrawl+1","BattleHymn+1","Strange Spoon","Frozen Eye","InkBottle","Tantrum","StancePotion","Finesse+1","ClearTheMind+1","Panache+1","Gambling Chip","Adaptation+1"],"campfire_rested":2,"item_purchase_floors":[20,20,27,29,47,47,47,47,47,47,53,53,53],"current_hp_per_floor":[70,52,52,52,52,52,52,37,37,37,27,22,22,24,24,10,82,82,82,82,82,82,80,66,62,67,67,67,67,77,82,82,81,82,82,82,82,82,82,82,72,72,77,77,73,82,82,82,82,3,82,82,82,82,22],"gold":49,"neow_bonus":"ONE_RARE_RELIC","is_daily":false,"chose_seed":false,"campfire_upgraded":3,"win_rate":0.0,"timestamp":1609854130,"path_taken":["M","?","?","?","M","E","M","E","T","R","E","M","M","M","R","BOSS","M","?","$","?","?","E","M","E","T","$","?","$","E","M","R","BOSS","M","?","?","M","?","E","?","?","T","R","M","M","$","E","R","BOSS","R","$","E","BOSS"],"items_purchased_type":["Relic","Card","Card","Relic","Relic","Relic","Card","Potion","Card","Card","Card","Relic","Card"],"build_version":"2020-12-22","purchased_purges":3,"victory":true,"max_hp_per_floor":[72,72,72,72,72,72,72,72,72,72,82,82,82,82,82,82,82,82,82,82,82,82,82,82,82,82,82,82,82,82,82,82,82,82,82,82,82,82,82,82,82,82,82,82,82,82,82,82,82,82,82,82,82,82,82],"card_choices":[{"not_picked":["Conclude","Nirvana"],"picked":"DeceiveReality","floor":1.0},{"not_picked":["Worship","InnerPeace"],"picked":"CutThroughFate","floor":4.0},{"not_picked":["Indignation","PathToVictory"],"picked":"EmptyBody","floor":5.0},{"not_picked":["PathToVictory","Crescendo"],"picked":"TalkToTheHand","floor":6.0},{"not_picked":["WaveOfTheHand","Crescendo"],"picked":"BowlingBash","floor":7.0},{"not_picked":["Omniscience","Adaptation+1"],"picked":"Scrawl","floor":8.0},{"not_picked":["Nirvana+1","Consecrate"],"picked":"LessonLearned","floor":11.0},{"not_picked":["WindmillStrike","FollowUp"],"picked":"Evaluate+1","floor":12.0},{"not_picked":["Perseverance+1","FearNoEvil"],"picked":"MentalFortress+1","floor":13.0},{"not_picked":["FlyingSleeves","CarveReality"],"picked":"Study+1","floor":14.0},{"not_picked":["Wish+1","Alpha+1"],"picked":"SpiritShield+1","floor":16.0},{"not_picked":["Study+1","Protect+1"],"picked":"CutThroughFate","floor":18.0},{"not_picked":["Halt+1","FlyingSleeves"],"picked":"TalkToTheHand","floor":22.0},{"not_picked":["Conclude","SignatureMove"],"picked":"Halt+1","floor":23.0},{"not_picked":["Swivel+1","ClearTheMind+1"],"picked":"ReachHeaven","floor":24.0},{"not_picked":["PathToVictory+1","CrushJoints"],"picked":"Halt+1","floor":25.0},{"not_picked":["Pray+1","EmptyBody+1"],"picked":"Alpha+1","floor":30.0},{"not_picked":["CutThroughFate+1","EmptyBody+1"],"picked":"Consecrate+1","floor":31.0},{"not_picked":["DeusExMachina+1","MasterReality+1"],"picked":"Scrawl+1","floor":33.0},{"not_picked":["Evaluate+1","PathToVictory+1"],"picked":"FlurryOfBlows","floor":35.0},{"not_picked":["SandsOfTime","Prostrate+1"],"picked":"Crescendo+1","floor":38.0},{"not_picked":["FlurryOfBlows+1","Consecrate"],"picked":"Nirvana+1","floor":39.0},{"not_picked":["Judgement+1","FollowUp+1"],"picked":"Vengeance+1","floor":40.0},{"not_picked":["PanicButton+1","Violence+1"],"picked":"Trip+1","floor":41.0},{"not_picked":["Impatience+1","PanicButton+1"],"picked":"Blind+1","floor":41.0},{"not_picked":["Deep Breath+1","Swift Strike"],"picked":"Chrysalis+1","floor":41.0},{"not_picked":["JustLucky+1","WindmillStrike"],"picked":"Crescendo+1","floor":45.0},{"not_picked":["CrushJoints+1","JustLucky+1"],"picked":"Meditate+1","floor":46.0},{"not_picked":["Study+1","Conclude+1"],"picked":"Establishment+1","floor":48.0},{"not_picked":["Meditate+1","ThirdEye+1"],"picked":"Nirvana+1","floor":54.0}],"player_experience":235314,"relics_obtained":[{"floor":6.0,"key":"Bottled Lightning"},{"floor":8.0,"key":"Frozen Egg 2"},{"floor":9.0,"key":"Toxic Egg 2"},{"floor":11.0,"key":"Pear"},{"floor":23.0,"key":"Omamori"},{"floor":25.0,"key":"Bag of Preparation"},{"floor":26.0,"key":"Juzu Bracelet"},{"floor":28.0,"key":"Bottled Flame"},{"floor":30.0,"key":"Damaru"},{"floor":39.0,"key":"Thread and Needle"},{"floor":40.0,"key":"PreservedInsect"},{"floor":48.0,"key":"Darkstone Periapt"},{"floor":54.0,"key":"Toy Ornithopter"}],"event_choices":[{"damage_healed":0.0,"max_hp_gain":0.0,"max_hp_loss":0.0,"gold_gain":0.0,"event_name":"Golden Idol","player_choice":"Take Damage","floor":2.0,"gold_loss":0.0,"damage_taken":18.0,"relics_obtained":["Golden Idol"]},{"damage_healed":0.0,"max_hp_gain":0.0,"max_hp_loss":0.0,"gold_gain":0.0,"event_name":"Upgrade Shrine","player_choice":"Upgraded","floor":3.0,"gold_loss":0.0,"damage_taken":0.0,"cards_upgraded":["Eruption"]},{"damage_healed":0.0,"max_hp_gain":0.0,"max_hp_loss":0.0,"gold_gain":0.0,"event_name":"Forgotten Altar","player_choice":"Gave Idol","floor":19.0,"relics_lost":["Golden Idol"],"gold_loss":0.0,"damage_taken":0.0,"relics_obtained":["Bloody Idol"]},{"damage_healed":0.0,"max_hp_gain":0.0,"max_hp_loss":0.0,"gold_gain":200.0,"event_name":"Wheel of Change","player_choice":"Gold","floor":21.0,"gold_loss":0.0,"damage_taken":0.0},{"damage_healed":0.0,"max_hp_gain":0.0,"max_hp_loss":0.0,"gold_gain":0.0,"event_name":"Tomb of Lord Red Mask","player_choice":"Ignored","floor":36.0,"gold_loss":0.0,"damage_taken":0.0},{"damage_healed":0.0,"max_hp_gain":0.0,"max_hp_loss":0.0,"gold_gain":999.0,"event_name":"MindBloom","player_choice":"Gold","floor":37.0,"gold_loss":0.0,"damage_taken":0.0,"cards_obtained":["Normality","Normality"]},{"damage_healed":0.0,"max_hp_gain":0.0,"max_hp_loss":0.0,"gold_gain":0.0,"event_name":"Mysterious Sphere","player_choice":"Fight","floor":39.0,"gold_loss":0.0,"damage_taken":0.0},{"damage_healed":0.0,"max_hp_gain":0.0,"max_hp_loss":0.0,"gold_gain":0.0,"event_name":"SensoryStone","player_choice":"Memory 3","floor":41.0,"gold_loss":0.0,"damage_taken":10.0},{"cards_removed":["Consecrate"],"damage_healed":0.0,"max_hp_gain":0.0,"max_hp_loss":0.0,"gold_gain":0.0,"event_name":"Falling","player_choice":"Removed Attack","floor":42.0,"gold_loss":0.0,"damage_taken":0.0}],"is_beta":false,"boss_relics":[{"not_picked":["Snecko Eye","Black Star"],"picked":"Astrolabe"},{"not_picked":["Cursed Key","Runic Pyramid"],"picked":"Fusion Hammer"}],"items_purged_floors":[20,27,47],"is_endless":false,"potions_floor_spawned":[1,7,8,11,12,22,23,24,31,39,40,46],"ascension_level":3}}