{"host":"h2zaclyrd1q1i31f","time":1609889682,"event":{"mods":["BaseMod","Colored Map","Downfall","Hermit","Minty Spire (QoL Compilation)","Permanent Neow","StSLib","SuperFastMode","The Cursed","The Hierophant","The Mystic","The Servant 0.9.4"],"gold_per_floor":[115,135,148,72,84,116,136,136,136,136,86,100,125,159,159,283,283,283,171,171,171,187,223,10,10,10,10,23,50,50,60,60,158,158],"floor_reached":33,"playtime":1683,"items_purged":["TheCursedMod:Strike_TheCursed"],"score":474,"play_id":"1222d16f-3b2d-445a-b9cf-55f950e7accc","local_time":"20210105173442","is_ascension_mode":false,"campfire_choices":[{"data":"TheCursedMod:Wield","floor":10,"key":"SMITH"},{"data":"TheCursedMod:TacticalStrike","floor":15,"key":"SMITH"},{"data":"expansioncontent:Corrupt","floor":25,"key":"SMITH"},{"data":"TheCursedMod:DarkBarrier","floor":32,"key":"SMITH"}],"circlet_count":0,"master_deck":["TheCursedMod:Strike_TheCursed","TheCursedMod:Strike_TheCursed","TheCursedMod:Strike_TheCursed","TheCursedMod:Defend_TheCursed","TheCursedMod:Defend_TheCursed","TheCursedMod:Defend_TheCursed","TheCursedMod:CursedWand","TheCursedMod:CleanUpWorkshop","TheCursedMod:Dregs","TheCursedMod:SoulReap","TheCursedMod:HellsGateOpen","TheCursedMod:Stigma","TheCursedMod:NeowsMight","TheCursedMod:SmokeScreen","TheCursedMod:Wield+1","Injury","TheCursedMod:TacticalStrike+1","TheCursedMod:SpitefulStrike","TheCursedMod:Neurasthenia","TheCursedMod:WearCloak+1","TheCursedMod:ManaBullet","TheCursedMod:DarkBarrier+1","TheCursedMod:CircleOfFlame+1","TheCursedMod:CursedBoomerang","TheCursedMod:LuckyCharm","expansioncontent:Corrupt+1","TheCursedMod:Dregs","TheCursedMod:HellfireBreathing","TheCursedMod:Grudge"],"relics":["TheCursedMod:BlackMagic101","Oddly Smooth Stone","Bloody Idol","Nunchaku","Bronze Scales","Cursed Key","Nilry\u0027s Codex","The Courier","TheCursedMod:Tack"],"acts_visited":["Exordium","TheCity"],"potions_floor_usage":[6,14,18,22,23,30,33,33],"damage_taken":[{"damage":1,"enemies":"2 Louse","floor":1,"turns":3},{"damage":0,"enemies":"Small Slimes","floor":2,"turns":3},{"damage":0,"enemies":"Cultist","floor":3,"turns":4},{"damage":0,"enemies":"Looter","floor":5,"turns":2},{"damage":0,"enemies":"Gremlin Nob","floor":6,"turns":4},{"damage":0,"enemies":"3 Louse","floor":7,"turns":3},{"damage":0,"enemies":"Red Slaver","floor":12,"turns":2},{"damage":3,"enemies":"Blue Slaver","floor":13,"turns":3},{"damage":7,"enemies":"Lagavulin","floor":14,"turns":6},{"damage":0,"enemies":"Slime Boss","floor":16,"turns":7},{"damage":8,"enemies":"Spheric Guardian","floor":18,"turns":4},{"damage":14,"enemies":"2 Thieves","floor":22,"turns":2},{"damage":6,"enemies":"Book of Stabbing","floor":23,"turns":5},{"damage":4,"enemies":"Shelled Parasite and Fungi","floor":28,"turns":5},{"damage":21,"enemies":"Gremlin Leader","floor":29,"turns":5},{"damage":1,"enemies":"Snake Plant","floor":30,"turns":2},{"damage":12,"enemies":"Centurion and Healer","floor":31,"turns":3},{"damage":34,"enemies":"Automaton","floor":33,"turns":9}],"seed_played":"2393321875542702952","potions_obtained":[{"floor":1,"key":"BlessingOfTheForge"},{"floor":3,"key":"champ:CounterPotion"},{"floor":7,"key":"SkillPotion"},{"floor":12,"key":"PowerPotion"},{"floor":16,"key":"Explosive Potion"},{"floor":22,"key":"SkillPotion"},{"floor":28,"key":"ColorlessPotion"},{"floor":29,"key":"Fruit Juice"},{"floor":33,"key":"DistilledChaos"}],"is_trial":false,"path_per_floor":["M","M","M","$","M","E","M","?","T","R","?","M","M","E","R","B",null,"M","$","?","?","M","E","$","R","T","?","M","E","M","M","R","B"],"character_chosen":"THE_CURSED","items_purchased":["TheCursedMod:NeowsMight","TheCursedMod:ManaBullet","TheCursedMod:LuckyCharm","expansioncontent:Corrupt"],"campfire_rested":0,"item_purchase_floors":[4,19,24,24],"current_hp_per_floor":[74,74,75,75,75,75,75,75,75,75,75,75,72,68,68,73,75,67,67,67,51,42,36,36,36,36,36,45,36,41,34,34,7,7],"gold":158,"neow_bonus":"THREE_CARDS","is_daily":false,"chose_seed":false,"campfire_upgraded":4,"win_rate":0.0,"timestamp":1609889682,"path_taken":["M","M","M","$","M","E","M","?","T","R","?","M","M","E","R","BOSS","M","$","?","?","M","E","$","R","T","?","M","E","M","M","R","BOSS"],"items_purchased_type":["Card","Card","Card","Card"],"build_version":"2020-12-22","purchased_purges":1,"victory":false,"max_hp_per_floor":[75,75,75,75,75,75,75,75,75,75,75,75,75,75,75,75,75,75,75,75,75,75,75,75,75,75,75,75,75,80,80,80,80,80],"card_choices":[{"not_picked":["TheCursedMod:CursedArmor","TheCursedMod:WearCloak"],"picked":"TheCursedMod:SoulReap","floor":1},{"not_picked":["TheCursedMod:VitalStrike","TheCursedMod:FleshFromBone"],"picked":"TheCursedMod:HellsGateOpen","floor":2},{"not_picked":["TheCursedMod:EmpowerCircles","TheCursedMod:SoulReap"],"picked":"TheCursedMod:Stigma","floor":3},{"not_picked":["TheCursedMod:CircleOfAmplification","TheCursedMod:Stigma"],"picked":"TheCursedMod:SmokeScreen","floor":5},{"not_picked":["TheCursedMod:Stretching","TheCursedMod:CircleOfFocus","TheCursedMod:DoubleShield"],"picked":"SKIP","floor":6},{"not_picked":["TheCursedMod:CursedAmulet","TheCursedMod:SaltUponWound"],"picked":"TheCursedMod:Wield","floor":7},{"not_picked":["TheCursedMod:UltimatePain","TheCursedMod:CursedShiv","TheCursedMod:Obscuration"],"picked":"SKIP","floor":12},{"not_picked":["TheCursedMod:SoulReap","TheCursedMod:CircleOfCorruption"],"picked":"TheCursedMod:TacticalStrike","floor":13},{"not_picked":["TheCursedMod:Wield","TheCursedMod:Torture"],"picked":"TheCursedMod:SpitefulStrike","floor":14},{"not_picked":["TheCursedMod:DemonicPact","TheCursedMod:ParallelWorld"],"picked":"TheCursedMod:Neurasthenia","floor":16},{"not_picked":["TheCursedMod:RavingStaff","TheCursedMod:SurpriseAttack"],"picked":"TheCursedMod:WearCloak+1","floor":18},{"not_picked":["TheCursedMod:CursedStaff","TheCursedMod:ReleasedStrength"],"picked":"TheCursedMod:CircleOfFlame+1","floor":22},{"not_picked":["TheCursedMod:SurpriseAttack","TheCursedMod:TacticalStrike+1"],"picked":"TheCursedMod:CursedBoomerang","floor":23},{"not_picked":["TheCursedMod:TroublousMinions","TheCursedMod:FleshFromBone"],"picked":"TheCursedMod:HellfireBreathing","floor":28},{"not_picked":["TheCursedMod:OutForBlood","TheCursedMod:LuckyCharm"],"picked":"TheCursedMod:Grudge","floor":29},{"not_picked":["TheCursedMod:CircleOfFlame+1","TheCursedMod:HellsGateOpen","TheCursedMod:CircleOfFocus+1"],"picked":"SKIP","floor":30},{"not_picked":["TheCursedMod:CursedAmulet+1","TheCursedMod:Wield","TheCursedMod:Torture"],"picked":"SKIP","floor":31}],"player_experience":132816,"relics_obtained":[{"floor":6,"key":"Oddly Smooth Stone"},{"floor":9,"key":"Nunchaku"},{"floor":14,"key":"Bronze Scales"},{"floor":21,"key":"Nilry\u0027s Codex"},{"floor":23,"key":"The Courier"},{"floor":29,"key":"TheCursedMod:Tack"}],"event_choices":[{"damage_healed":0,"gold_gain":0,"player_choice":"Take Wound","damage_taken":0,"relics_obtained":["Golden Idol"],"max_hp_gain":0,"max_hp_loss":0,"event_name":"Golden Idol","floor":8,"gold_loss":0,"cards_obtained":["Injury"]},{"cards_removed":["TheCursedMod:Defend_TheCursed"],"damage_healed":0,"gold_gain":0,"player_choice":"Card Removal","damage_taken":0,"max_hp_gain":0,"max_hp_loss":0,"event_name":"The Cleric","floor":11,"gold_loss":50},{"damage_healed":0,"gold_gain":0,"player_choice":"Read","damage_taken":0,"max_hp_gain":0,"max_hp_loss":0,"event_name":"The Library","floor":20,"gold_loss":0,"cards_obtained":["TheCursedMod:DarkBarrier"]},{"damage_healed":0,"gold_gain":0,"player_choice":"Obtained Book","damage_taken":16,"max_hp_gain":0,"max_hp_loss":0,"event_name":"Cursed Tome","floor":21,"gold_loss":0},{"damage_healed":0,"gold_gain":0,"player_choice":"Gave Idol","damage_taken":0,"relics_obtained":["Bloody Idol"],"max_hp_gain":0,"max_hp_loss":0,"event_name":"Forgotten Altar","floor":27,"relics_lost":["Golden Idol"],"gold_loss":0}],"is_beta":false,"boss_relics":[{"not_picked":["Sozu","Runic Dome"],"picked":"Cursed Key"}],"items_purged_floors":[19],"is_endless":false,"potions_floor_spawned":[1,3,7,12,13,16,22,28,29,33],"killed_by":"Automaton","ascension_level":0}}