{"host":"raai0vtvcfkt8csp","time":1609848757,"event":{"mods":["2.2 Compatiblity","BaseMod","Beaked The Cultist","Block Reminder","Booster Modes","DeckTracker","Defective Defect","Downfall","GifTheSpireLib","Minty Spire (QoL Compilation)","Quick Restart","Random Character Button","Rare Cards Sparkle","StSLib","Unceasing Turn Reminder"],"gold_per_floor":[0,12,26,26,26,26,26,37,137,18,51,70,220,240,250,250,250],"floor_reached":16,"playtime":668,"items_purged":[],"score":107,"play_id":"1c0e8b18-ab6b-4e70-8b37-5faffaea8cd7","local_time":"20210105131237","is_ascension_mode":true,"campfire_choices":[{"data":"beaked:KnowThyFoe","floor":1,"key":"SMITH"},{"data":"beaked:Ceremony","floor":6,"key":"SMITH"}],"circlet_count":0,"master_deck":["beaked:Strike_Y","beaked:Strike_Y","beaked:Strike_Y","beaked:Strike_Y","beaked:Strike_Y","beaked:Strike_Y","beaked:Defend_Y","beaked:Defend_Y","beaked:Defend_Y","beaked:Defend_Y","beaked:Ceremony","beaked:Ceremony+1","beaked:Ceremony","beaked:KnowThyFoe+1","beaked:Resilience","beaked:Insight","beaked:BarbedWire","beaked:FeelMyPain","beaked:Recite","beaked:Brace","beaked:HuntressEssence","beaked:Windmill","Slimebound:Icky","beaked:RitualOfBody","beaked:MaddeningMurmurs"],"relics":["beaked:MendingPlumage","Orichalcum"],"acts_visited":["Exordium"],"potions_floor_usage":[12,14,14,16,16,16],"damage_taken":[{"damage":8,"enemies":"Small Slimes","floor":2,"turns":5},{"damage":18,"enemies":"2 Louse","floor":3,"turns":7},{"damage":7,"enemies":"Cultist","floor":8,"turns":5},{"damage":10,"enemies":"downfall:FleeingMerchant","floor":10,"turns":4},{"damage":58,"enemies":"Gremlin Nob","floor":11,"turns":8},{"damage":18,"enemies":"Red Slaver","floor":12,"turns":6},{"damage":4,"enemies":"Lots of Slimes","floor":14,"turns":4},{"damage":16,"enemies":"Blue Slaver","floor":15,"turns":6},{"damage":39,"enemies":"downfall:Defect","floor":16,"turns":5}],"seed_played":"-7275096952928957010","potions_obtained":[{"floor":2,"key":"Weak Potion"},{"floor":11,"key":"beaked:MendingBrew"},{"floor":12,"key":"EntropicBrew"},{"floor":15,"key":"SpeedPotion"}],"is_trial":false,"path_per_floor":["R","M","M","?","?","R","T","M","?","$","E","M","?","M","M","B"],"character_chosen":"BEAKED_THE_CULTIST","items_purchased":["beaked:Recite","beaked:Brace"],"campfire_rested":0,"item_purchase_floors":[10,10],"current_hp_per_floor":[50,47,44,44,49,49,49,55,55,49,13,19,19,26,25,0,0],"gold":250,"neow_bonus":"THREE_RARE_CARDS","is_daily":false,"chose_seed":false,"campfire_upgraded":2,"win_rate":0.0,"timestamp":1609848757,"path_taken":["R","M","M","?","?","R","T","M","?","$","E","M","?","M","M","BOSS"],"items_purchased_type":["Card","Card"],"build_version":"2020-12-22","purchased_purges":0,"victory":false,"max_hp_per_floor":[50,50,50,50,55,55,55,55,55,55,55,55,55,55,55,55,55],"card_choices":[{"not_picked":["beaked:VolatileMisfortune","beaked:CheekyTricks"],"picked":"beaked:KnowThyFoe","floor":0},{"not_picked":["beaked:StickSmack","beaked:RuinSticks"],"picked":"beaked:Resilience","floor":2},{"not_picked":["beaked:VigorBurst","beaked:Tweet"],"picked":"beaked:Insight","floor":3},{"not_picked":["beaked:CursingBlood","beaked:Pecker"],"picked":"beaked:BarbedWire","floor":8},{"not_picked":["beaked:Redirect","beaked:Tweet"],"picked":"beaked:FeelMyPain","floor":10},{"not_picked":["beaked:CursingBlood","beaked:DarkTribute"],"picked":"beaked:HuntressEssence","floor":11},{"not_picked":["beaked:MimicWarrior","beaked:WarriorSpirit"],"picked":"beaked:Windmill","floor":12},{"not_picked":["beaked:Tradeoff","beaked:Windmill"],"picked":"beaked:RitualOfBody","floor":14},{"not_picked":["beaked:WarriorEssence","beaked:Redirect"],"picked":"beaked:MaddeningMurmurs","floor":15}],"player_experience":792088,"relics_obtained":[{"floor":11,"key":"Orichalcum"}],"event_choices":[{"damage_healed":0,"gold_gain":0,"player_choice":"Donut","damage_taken":0,"max_hp_gain":5,"max_hp_loss":0,"event_name":"Big Fish","floor":5,"gold_loss":0}],"is_beta":false,"boss_relics":[],"items_purged_floors":[],"is_endless":false,"potions_floor_spawned":[2,11,12,15],"killed_by":"downfall:Defect","ascension_level":1}}