{"host":"iyvjjqtjrywxqc57","time":1609851864,"event":{"mods":["AchievementEnabler","BaseMod","Bestiary","Better Altar","Better Match","Better Note","Better Sensory Stone","Better Skull","Better Third Choice","Colored Map","Colored Powertips","Displayed Cursed Tome","Downfall","Jorbs\u0027s Wanderer Trilogy","Minty Spire (QoL Compilation)","Quick Restart","Rare Cards Sparkle","Relic Stats","StSLib"],"gold_per_floor":[118,118,132,149,161,161,17,42,42,71,71,58,38,58,58,158,158,169,169,169,169,189,189,205,107,107,119,141,163,175,187,199,314,326,356,379,391,417,409,421,448,476,488,511,18,37,49,69,69,69],"floor_reached":51,"playtime":6294,"items_purged":[],"score":665,"play_id":"3e133c35-2a11-4345-8f5b-9c9095291a65","local_time":"20210105070424","is_ascension_mode":false,"campfire_choices":[{"data":"After Image","floor":6,"key":"SMITH"},{"floor":15,"key":"REST"},{"data":"Infinite Blades","floor":23,"key":"SMITH"},{"data":"expansioncontent:DashGenerateEvil","floor":27,"key":"SMITH"},{"data":"Distraction","floor":30,"key":"SMITH"},{"data":"Envenom","floor":32,"key":"SMITH"},{"data":"Blade Dance","floor":40,"key":"SMITH"},{"data":"expansioncontent:QuickStudy","floor":49,"key":"SMITH"}],"circlet_count":0,"master_deck":["Strike_G","Strike_G","Strike_G","Defend_G","Defend_G","Defend_G","Defend_G","Survivor","Neutralize","PiercingWail","After Image+1","Backflip","Cloak And Dagger","Burst+1","Leg Sweep+1","Blade Dance+1","Poisoned Stab","Infinite Blades+1","Dodge and Roll","Envenom+1","Distraction+1","Writhe","Finisher","expansioncontent:DashGenerateEvil+1","Quick Slash","Bullet Time","Slice","Dagger Spray","Caltrops+1","Backstab","Deflect+1","Catalyst","Poisoned Stab","expansioncontent:QuickStudy+1","Mind Blast","Prepared+1"],"relics":["Empty Cage","Membership Card","Mercury Hourglass","Meat on the Bone","Matryoshka","Busted Crown","Enchiridion","Toy Ornithopter","MawBank","Thread and Needle","Coffee Dripper","TungstenRod","Pen Nib","Lee\u0027s Waffle","Potion Belt","HornCleat"],"acts_visited":["Exordium","TheCity","TheBeyond"],"potions_floor_usage":[8,14,16,22,31,33,50,50,50,50,50],"damage_taken":[{"damage":9.0,"enemies":"2 Louse","floor":1.0,"turns":5.0},{"damage":0.0,"enemies":"Cultist","floor":3.0,"turns":6.0},{"damage":0.0,"enemies":"Small Slimes","floor":4.0,"turns":6.0},{"damage":6,"enemies":"Exordium Thugs","floor":5,"turns":9},{"damage":20,"enemies":"Lagavulin","floor":8,"turns":13},{"damage":11,"enemies":"3 Sentries","floor":10,"turns":10},{"damage":5,"enemies":"Large Slime","floor":14,"turns":7},{"damage":31,"enemies":"The Guardian","floor":16,"turns":16},{"damage":0,"enemies":"Shell Parasite","floor":18,"turns":5},{"damage":0,"enemies":"Chosen","floor":22,"turns":6},{"damage":7,"enemies":"Snake Plant","floor":24,"turns":5},{"damage":0,"enemies":"Centurion and Healer","floor":28,"turns":4},{"damage":0,"enemies":"Snecko","floor":29,"turns":4},{"damage":0,"enemies":"Cultist and Chosen","floor":31,"turns":1},{"damage":25,"enemies":"Automaton","floor":33,"turns":12},{"damage":3,"enemies":"Orb Walker","floor":35,"turns":4},{"damage":6,"enemies":"3 Shapes","floor":36,"turns":6},{"damage":0,"enemies":"Sphere and 2 Shapes","floor":38,"turns":5},{"damage":0,"enemies":"3 Darklings","floor":41,"turns":5},{"damage":8,"enemies":"Transient","floor":42,"turns":5},{"damage":5,"enemies":"Maw","floor":44,"turns":8},{"damage":1,"enemies":"Sphere and 2 Shapes","floor":46,"turns":5},{"damage":6,"enemies":"4 Shapes","floor":47,"turns":4},{"damage":0,"enemies":"Maw","floor":48,"turns":6},{"damage":40,"enemies":"Awakened One","floor":50,"turns":9}],"seed_played":"-6533687256105361150","potions_obtained":[{"floor":3.0,"key":"GhostInAJar"},{"floor":5,"key":"Strength Potion"},{"floor":10,"key":"ColorlessPotion"},{"floor":14,"key":"Fruit Juice"},{"floor":22,"key":"FearPotion"},{"floor":24,"key":"SmokeBomb"},{"floor":29,"key":"sneckomod:MuddlingPotion"},{"floor":35,"key":"BlessingOfTheForge"},{"floor":39,"key":"Fire Potion"},{"floor":41,"key":"Fire Potion"},{"floor":46,"key":"SmokeBomb"},{"floor":47,"key":"AttackPotion"}],"is_trial":false,"path_per_floor":["M","?","M","M","M","R","$","E","T","E","?","$","$","M","R","B",null,"M","?","?","?","M","R","M","$","T","R","M","M","R","M","R","B",null,"M","M","?","M","?","R","M","M","T","M","$","M","M","M","R","B",null],"character_chosen":"THE_SILENT","items_purchased":["Membership Card","Poisoned Stab","Infinite Blades","expansioncontent:DashGenerateEvil","Catalyst","Poisoned Stab","expansioncontent:QuickStudy","Mind Blast","Lee\u0027s Waffle","Potion Belt","HornCleat","PowerPotion"],"campfire_rested":1,"item_purchase_floors":[7,12,13,25,45,45,45,45,45,45,45,45],"current_hp_per_floor":[61,61,61,61,55,55,55,35,35,36,22,22,22,34,56,37,75,75,75,59,59,64,64,57,57,57,57,57,57,57,62,62,42,75,72,66,66,66,66,66,66,58,58,53,82,81,75,75,75,56],"gold":69,"neow_bonus":"BOSS_RELIC","is_daily":false,"chose_seed":false,"campfire_upgraded":7,"win_rate":0.0,"timestamp":1609851864,"path_taken":["M","?","?","M","M","R","$","E","T","E","?","?","$","M","R","BOSS","M","?","?","?","M","R","M","?","T","R","?","M","R","M","R","BOSS","M","M","?","M","?","R","M","M","T","?","$","M","M","M","R","BOSS"],"items_purchased_type":["Relic","Card","Card","Card","Card","Card","Card","Card","Relic","Relic","Relic","Potion"],"build_version":"2020-12-22","purchased_purges":0,"victory":true,"max_hp_per_floor":[70,70,70,70,70,70,70,70,70,70,70,70,70,75,75,75,75,75,75,75,75,75,75,75,75,75,75,75,75,75,75,75,75,75,75,75,75,75,75,75,75,75,75,75,82,82,82,82,82,82],"relic_stats":{"Lee\u0027s Waffle":29,"Busted Crown":30,"counters":[25,164],"Pen Nib":[11],"MawBank":228,"obtain_stats":[{"Potion Belt":45,"Lee\u0027s Waffle":45,"Enchiridion":20,"Thread and Needle":26,"Pen Nib":43,"Empty Cage":0,"MawBank":26,"Mercury Hourglass":8,"Matryoshka":10,"Busted Crown":17,"HornCleat":45,"Coffee Dripper":34,"Membership Card":7,"Toy Ornithopter":21,"TungstenRod":43,"Ring of the Snake":0,"Meat on the Bone":9},{"Potion Belt":21,"Lee\u0027s Waffle":21,"Enchiridion":9,"Thread and Needle":11,"Pen Nib":20,"Empty Cage":0,"MawBank":11,"Mercury Hourglass":5,"Matryoshka":6,"Busted Crown":8,"HornCleat":21,"Coffee Dripper":15,"Membership Card":4,"Toy Ornithopter":9,"TungstenRod":20,"Ring of the Snake":0,"Meat on the Bone":5},{"Potion Belt":140,"Lee\u0027s Waffle":140,"Enchiridion":75,"Thread and Needle":86,"Pen Nib":132,"Empty Cage":0,"MawBank":86,"Mercury Hourglass":39,"Matryoshka":49,"Busted Crown":70,"HornCleat":140,"Coffee Dripper":107,"Membership Card":26,"Toy Ornithopter":75,"TungstenRod":132,"Ring of the Snake":0,"Meat on the Bone":39}],"Toy Ornithopter":36,"TungstenRod":10,"Mercury Hourglass":[487],"Meat on the Bone":36},"card_choices":[{"not_picked":["Acrobatics","Underhanded Strike"],"picked":"PiercingWail","floor":1.0},{"not_picked":["Cloak And Dagger","PiercingWail"],"picked":"Backflip","floor":3.0},{"not_picked":["Sucker Punch","Underhanded Strike"],"picked":"Cloak And Dagger","floor":4.0},{"not_picked":["Flechettes","PiercingWail"],"picked":"Burst","floor":5},{"not_picked":["Well Laid Plans","Cloak And Dagger"],"picked":"Leg Sweep","floor":8},{"not_picked":["Dodge and Roll","Escape Plan"],"picked":"Blade Dance","floor":10},{"not_picked":["PiercingWail","Caltrops"],"picked":"Dodge and Roll","floor":14},{"not_picked":["A Thousand Cuts","Night Terror"],"picked":"Envenom","floor":16},{"not_picked":[],"picked":"Distraction","floor":18},{"not_picked":[],"picked":"Finisher","floor":22},{"not_picked":["Expertise+1"],"picked":"SKIP","floor":24},{"not_picked":["Calculated Gamble"],"picked":"SKIP","floor":28},{"not_picked":[],"picked":"Quick Slash","floor":29},{"not_picked":[],"picked":"Bullet Time","floor":33},{"not_picked":[],"picked":"Slice","floor":35},{"not_picked":[],"picked":"Dagger Spray","floor":36},{"not_picked":[],"picked":"Caltrops+1","floor":38},{"not_picked":[],"picked":"Backstab","floor":41},{"not_picked":["Skewer"],"picked":"SKIP","floor":42},{"not_picked":[],"picked":"Deflect+1","floor":44},{"not_picked":["Outmaneuver"],"picked":"SKIP","floor":46},{"not_picked":[],"picked":"Prepared+1","floor":47},{"not_picked":["Outmaneuver+1"],"picked":"SKIP","floor":48}],"player_experience":86860,"relics_obtained":[{"floor":8,"key":"Mercury Hourglass"},{"floor":9,"key":"Meat on the Bone"},{"floor":10,"key":"Matryoshka"},{"floor":26,"key":"MawBank"},{"floor":26,"key":"Thread and Needle"},{"floor":43,"key":"TungstenRod"},{"floor":43,"key":"Pen Nib"}],"event_choices":[{"damage_healed":0.0,"max_hp_gain":0.0,"max_hp_loss":0.0,"gold_gain":0.0,"cards_transformed":["Defend_G"],"event_name":"Transmorgrifier","player_choice":"Transformed","floor":2.0,"gold_loss":0.0,"damage_taken":0.0,"cards_obtained":["After Image"]},{"damage_healed":36,"gold_gain":0,"player_choice":"Upgrade","damage_taken":14,"max_hp_gain":0,"max_hp_loss":70,"event_name":"betterThird:BetterShining","floor":11,"gold_loss":0,"cards_upgraded":["Leg Sweep","Burst"]},{"cards_removed":["Strike_G"],"damage_healed":0,"gold_gain":0,"player_choice":"Give","damage_taken":0,"max_hp_gain":0,"max_hp_loss":0,"event_name":"betterNote:BetterNote","floor":19,"gold_loss":0,"cards_obtained":["Strike_G"]},{"damage_healed":0,"gold_gain":0,"player_choice":"Obtained Book","damage_taken":16,"max_hp_gain":0,"max_hp_loss":0,"event_name":"Cursed Tome","floor":20,"gold_loss":0},{"damage_healed":0,"gold_gain":0,"player_choice":"Opened","damage_taken":0,"relics_obtained":["Toy Ornithopter"],"max_hp_gain":0,"max_hp_loss":0,"event_name":"The Mausoleum","floor":21,"gold_loss":0,"cards_obtained":["Writhe"]},{"damage_healed":0,"gold_gain":0,"player_choice":"Ignored","damage_taken":0,"max_hp_gain":0,"max_hp_loss":0,"event_name":"Tomb of Lord Red Mask","floor":37,"gold_loss":0},{"damage_healed":0,"gold_gain":0,"player_choice":"Bought 1 Potion","damage_taken":0,"max_hp_gain":0,"max_hp_loss":0,"event_name":"The Woman in Blue","floor":39,"gold_loss":0}],"is_beta":false,"boss_relics":[{"not_picked":["Philosopher\u0027s Stone","Ectoplasm"],"picked":"Busted Crown"},{"not_picked":["Fusion Hammer","Runic Dome"],"picked":"Coffee Dripper"}],"items_purged_floors":[],"is_endless":false,"potions_floor_spawned":[3,5,10,14,22,24,29,31,35,41,44,46,47],"ascension_level":0}}