{"host":"l2dnabsh5e0fsksb","time":1609828680,"event":{"mods":["2.2 Compatiblity","BaseMod","Downfall","Minty Spire (QoL Compilation)","Quick Restart","StSLib"],"gold_per_floor":[99,99,54,329,329,329,329,254,429,461,472,485,410,443,461,560,560,560,575,850,353,366,366,366,99,132,146,71,86,106,139,151,151,151,151],"floor_reached":33,"playtime":2280,"items_purged":["Regret","Regret"],"score":402,"play_id":"576ae2e1-cf17-4b4d-ae08-0bcc7027dd43","local_time":"20210105170800","is_ascension_mode":true,"campfire_choices":[{"floor":1.0,"key":"RECALL"},{"data":"champ:IronFortress","floor":8.0,"key":"SMITH"},{"data":"champ:Backstep","floor":13.0,"key":"SMITH"},{"data":"champ:Taunt","floor":18,"key":"SMITH"},{"data":"champ:Execute","floor":23,"key":"SMITH"},{"data":"champ:Circumvent","floor":28,"key":"SMITH"}],"circlet_count":0,"master_deck":["champ:Strike","champ:Strike","champ:Strike","champ:Strike","champ:Defend","champ:Defend","champ:Defend","champ:Defend","champ:Execute+1","champ:Taunt+1","champ:Backstep+1","champ:IronFortress+1","champ:FlashCut","champ:RageSigil","Doubt","champ:CheapShot+1","champ:TornadoPunch+1","champ:FlashCut+1","champ:Duel+1","champ:DefensiveShout","champ:DancingMaster","CurseOfTheBell","champ:FanOfKnives+1","champ:Circumvent+1","expansioncontent:ChargeUp","Gash+1","Slimebound:RainOfGoop+1","champ:StanceDance","hexamod:PowerFromBeyond+1","champ:CrookedStrike+1","Feel No Pain+1","Slimebound:SamplingLick+1"],"relics":["champ:ChampionCrown","downfall:HeartsMalice","Meat on the Bone","HornCleat","downfall:HeartBlessingRed","Molten Egg 2","downfall:HeartBlessingGreen","Bag of Preparation","Calling Bell","Bag of Marbles","Eternal Feather","Ginger","Strawberry","PrismaticShard","Oddly Smooth Stone","White Beast Statue","downfall:HeartBlessingBlue","Ancient Tea Set"],"acts_visited":["Exordium","TheCity"],"potions_floor_usage":[16,16,22,26],"damage_taken":[{"damage":0.0,"enemies":"Cultist","floor":2.0,"turns":1.0},{"damage":0.0,"enemies":"downfall:FleeingMerchant","floor":3.0,"turns":1.0},{"damage":0.0,"enemies":"Jaw Worm","floor":5.0,"turns":1.0},{"damage":58.0,"enemies":"Gremlin Nob","floor":10.0,"turns":7.0},{"damage":1.0,"enemies":"Small Slimes","floor":11.0,"turns":4.0},{"damage":26.0,"enemies":"Exordium Thugs","floor":12.0,"turns":4.0},{"damage":22.0,"enemies":"3 Sentries","floor":14.0,"turns":6.0},{"damage":9.0,"enemies":"Gremlin Gang","floor":15.0,"turns":3.0},{"damage":41,"enemies":"downfall:Watcher","floor":16,"turns":8},{"damage":5,"enemies":"Chosen","floor":19,"turns":3},{"damage":13,"enemies":"downfall:FleeingMerchant","floor":21,"turns":5},{"damage":44,"enemies":"3 Cultists","floor":22,"turns":6},{"damage":2,"enemies":"downfall:FleeingMerchant","floor":25,"turns":4},{"damage":7,"enemies":"Slavers","floor":26,"turns":4},{"damage":10,"enemies":"Shelled Parasite and Fungi","floor":27,"turns":7},{"damage":0,"enemies":"Snake Plant","floor":29,"turns":3},{"damage":12,"enemies":"3 Cultists","floor":30,"turns":7},{"damage":31,"enemies":"Book of Stabbing","floor":31,"turns":7},{"damage":21,"enemies":"Sentry and Sphere","floor":32,"turns":8},{"damage":55,"enemies":"downfall:Defect","floor":33,"turns":10}],"seed_played":"-7625256227817907372","potions_obtained":[{"floor":11.0,"key":"Slimebound:ThreeZeroPotion"},{"floor":14.0,"key":"CultistPotion"},{"floor":15.0,"key":"Swift Potion"},{"floor":16,"key":"Explosive Potion"},{"floor":19,"key":"ColorlessPotion"},{"floor":27,"key":"sneckomod:MuddlingPotion"},{"floor":29,"key":"champ:UltimateStancePotion"},{"floor":31,"key":"SkillPotion"},{"floor":32,"key":"Dexterity Potion"}],"is_trial":false,"path_per_floor":["R","M","$","?","M","T","T","R","?","E","M","M","R","E","M","B",null,"R","M","?","$","M","R","T","$","E","M","R","M","M","E","M","B"],"character_chosen":"THE_CHAMP","items_purchased":["champ:FlashCut","Strawberry","PrismaticShard","expansioncontent:ChargeUp","Oddly Smooth Stone"],"campfire_rested":0,"item_purchase_floors":[3,21,21,21,25],"current_hp_per_floor":[90,90,90,90,90,90,90,90,90,54,53,44,44,39,42,26,90,90,85,85,84,55,70,70,68,61,54,79,79,70,54,45,0,0,0],"gold":151,"neow_bonus":"THREE_ENEMY_KILL","is_daily":false,"chose_seed":false,"campfire_upgraded":5,"win_rate":0.0,"timestamp":1609828680,"path_taken":["R","M","?","?","?","?","T","R","?","E","M","M","R","E","M","BOSS","R","M","?","$","M","R","T","$","E","M","R","M","?","E","M","BOSS"],"items_purchased_type":["Card","Relic","Relic","Card","Relic"],"build_version":"2020-12-22","purchased_purges":2,"victory":false,"max_hp_per_floor":[90,90,90,90,90,90,90,90,90,90,90,90,90,90,90,90,90,90,90,90,97,97,97,97,97,97,97,107,107,107,107,107,107,107,107],"card_choices":[{"not_picked":["champ:TornadoPunch","champ:HeartStrike"],"picked":"champ:Backstep","floor":2.0},{"not_picked":["champ:CrookedStrike","champ:Haymaker"],"picked":"champ:IronFortress","floor":3.0},{"not_picked":["champ:GladiatorsShout","champ:GutPunch"],"picked":"champ:RageSigil","floor":5.0},{"not_picked":["champ:BringItOn","champ:DefensiveShout"],"picked":"champ:CheapShot+1","floor":10.0},{"not_picked":["champ:EndlessRage","champ:PerfectedStrike+1"],"picked":"champ:TornadoPunch+1","floor":11.0},{"not_picked":["champ:Encircle+1","champ:GutPunch+1"],"picked":"champ:FlashCut+1","floor":12.0},{"not_picked":["champ:RisingSlash+1","champ:FalseCounter"],"picked":"champ:Duel+1","floor":14.0},{"not_picked":["champ:TornadoPunch+1","champ:CrownThrow+1"],"picked":"champ:DefensiveShout","floor":15.0},{"not_picked":["champ:StrikeOfGenius","champ:ShieldSlam+1"],"picked":"champ:DancingMaster","floor":16},{"not_picked":["champ:Encircle+1","champ:TornadoPunch+1"],"picked":"champ:FanOfKnives+1","floor":19},{"not_picked":["champ:FightOn","champ:BladeFlurry+1"],"picked":"champ:Circumvent","floor":21},{"not_picked":["EmptyBody","ClearTheMind"],"picked":"Gash+1","floor":22},{"not_picked":["ThirdEye","sneckomod:UnknownClassGREEN+1"],"picked":"Slimebound:RainOfGoop+1","floor":25},{"not_picked":["Recycle+1","Darkness"],"picked":"champ:StanceDance","floor":26},{"not_picked":["Armaments+1","Slimebound:ComboTackle+1"],"picked":"hexamod:PowerFromBeyond+1","floor":27},{"not_picked":["hexamod:HauntingEcho+1","champ:RageSigil"],"picked":"champ:CrookedStrike+1","floor":29},{"not_picked":["LikeWater","Slimebound:LeechEnergy+1"],"picked":"Feel No Pain+1","floor":30},{"not_picked":["champ:Riposte","hexamod:GhostShield"],"picked":"Slimebound:SamplingLick+1","floor":31},{"not_picked":["Dodge and Roll","hexamod:GhostOfSpireFuture","Slimebound:RollThrough+1"],"picked":"SKIP","floor":32}],"player_experience":1738111,"relics_obtained":[{"floor":6.0,"key":"Meat on the Bone"},{"floor":7.0,"key":"HornCleat"},{"floor":10.0,"key":"Molten Egg 2"},{"floor":14.0,"key":"Bag of Preparation"},{"floor":17,"key":"Bag of Marbles"},{"floor":17,"key":"Eternal Feather"},{"floor":17,"key":"Ginger"},{"floor":26,"key":"White Beast Statue"},{"floor":31,"key":"Ancient Tea Set"}],"event_choices":[],"is_beta":false,"boss_relics":[{"not_picked":["Runic Pyramid","champ:ChampionCrownUpgraded"],"picked":"Calling Bell"}],"items_purged_floors":[21,25],"is_endless":false,"potions_floor_spawned":[11,14,15,16,19,27,29,30,31,32],"killed_by":"downfall:Defect","ascension_level":4}}