{"host":"ormi09wwzv7sq47a","time":1609858301,"event":{"mods":["2.2 Compatiblity","AchievementEnabler","Act Like it!","BaseMod","Bestiary","Better Altar","Better Note","Better Sensory Stone","Better Skull","Better Third Choice","Better Vampires","BetterRewards","Block Reminder","Card Forge","Colored Map","Colored Powertips","Curses Come First","DeckTracker","Downfall","Highlight Path","Minty Spire (QoL Compilation)","Permanent Neow","Quick Restart","Rare Cards Sparkle","Relic Stats","Shop Mod","StSLib","The Jungle"],"gold_per_floor":[116,116,116,130,150,183,183,17,17,40,40,64,64,64,64,158,158,173,192,19,70,83,83,121,121,196,235,235,235,235,0,0,95,95,109,140,140,40,53,53,87,110,137,137,161,161,12,12,12,12,12],"floor_reached":50,"playtime":2973,"items_purged":["Strike_B","Sweeping Beam"],"score":1374,"play_id":"206190cc-980f-476c-bc7a-729c24f222bc","local_time":"20210105125141","is_ascension_mode":true,"campfire_choices":[{"data":"Sunder","floor":7.0,"key":"SMITH"},{"data":"Consume","floor":11.0,"key":"SMITH"},{"floor":13.0,"key":"REST"},{"data":"Strike_B","floor":15,"key":"PURGE"},{"data":"Strike_B","floor":23,"key":"PURGE"},{"floor":25,"key":"REST"},{"data":"Strike_B","floor":30,"key":"PURGE"},{"data":"Transmutation","floor":32,"key":"SMITH"},{"data":"Echo Form","floor":40,"key":"SMITH"},{"floor":44,"key":"REST"},{"data":"Double Energy","floor":46,"key":"SMITH"},{"floor":49,"key":"RECALL"}],"circlet_count":0,"master_deck":["AscendersBane","Zap","Dualcast","Echo Form+1","Turbo","Ball Lightning","Leap","Panache","Static Discharge","Defragment","Sunder+1","Loop","Consume+1","Coolheaded","Electrodynamics","Heatsinks+1","Undo+1","Stack","Conserve Battery","Auto Shields+1","Transmutation+1","Turbo","Creative AI","Leap","Storm","Seek","BootSequence","Capacitor","Leap+1","expansioncontent:AwakenDeath","Master of Strategy","Self Repair","Double Energy+1","Turbo","expansioncontent:DefensiveStance"],"relics":["Cracked Core","Hammer of Thor","Seething Fire","Anvil of the Gods","Torii","hexamod:BolsterEngine","Runic Capacitor","Peace Pipe","Regal Pillow","Golden Idol","Spirit Poop","Du-Vu Doll","Oddly Smooth Stone","Anchor","Sozu","Guardian:PocketSentry","Boot","Pear","Matryoshka","StrikeDummy","Pandora\u0027s Box","Unceasing Top","Happy Flower","DataDisk","Orichalcum"],"acts_visited":["Exordium","TheCity","TheBeyond"],"potions_floor_usage":[41],"damage_taken":[{"damage":0.0,"enemies":"2 Louse","floor":1.0,"turns":2.0},{"damage":1.0,"enemies":"Small Slimes","floor":4.0,"turns":4.0},{"damage":0.0,"enemies":"Cultist","floor":5.0,"turns":3.0},{"damage":12.0,"enemies":"3 Sentries","floor":6.0,"turns":4.0},{"damage":1.0,"enemies":"Gremlin Gang","floor":10.0,"turns":4.0},{"damage":16.0,"enemies":"Large Slime","floor":12.0,"turns":6.0},{"damage":12,"enemies":"Hexaghost","floor":16,"turns":6},{"damage":7,"enemies":"Chosen","floor":18,"turns":5},{"damage":18,"enemies":"2 Thieves","floor":19,"turns":3},{"damage":0,"enemies":"Centurion and Healer","floor":22,"turns":3},{"damage":30,"enemies":"Book of Stabbing","floor":24,"turns":4},{"damage":1,"enemies":"Gremlin Leader","floor":27,"turns":5},{"damage":16,"enemies":"Automaton","floor":33,"turns":7},{"damage":0,"enemies":"Orb Walker","floor":35,"turns":3},{"damage":0,"enemies":"Mind Bloom Boss Battle","floor":36,"turns":5},{"damage":14,"enemies":"3 Shapes","floor":39,"turns":4},{"damage":29,"enemies":"Reptomancer","floor":41,"turns":5},{"damage":30,"enemies":"Transient","floor":42,"turns":6},{"damage":0,"enemies":"Jaw Worm Horde","floor":45,"turns":2},{"damage":99,"enemies":"Awakened One","floor":50,"turns":9}],"seed_played":"6219288940486060309","potions_obtained":[{"floor":1.0,"key":"FocusPotion"},{"floor":5.0,"key":"Fruit Juice"},{"floor":6.0,"key":"SteroidPotion"},{"floor":16,"key":"CultistPotion"}],"is_trial":false,"path_per_floor":["M","?","?","M","M","E","R","$","T","M","R","M","R","?","R","B",null,"M","M","$","T","M","R","E","R","T","E","?","?","R","$","R","B",null,"M","?","?","$","M","R","E","M","T","R","M","R","$","?","R","B"],"character_chosen":"DEFECT","items_purchased":["Echo Form","hexamod:BolsterEngine","Runic Capacitor","Turbo","Ball Lightning","Leap","Fruit Juice","Panache","Static Discharge","Sweeping Beam","Regal Pillow","Dexterity Potion","Oddly Smooth Stone","Guardian:PocketSentry","Transmutation","Turbo","Turbo","expansioncontent:DefensiveStance"],"campfire_rested":3,"item_purchase_floors":[0,0,0,0,0,0,0,0,0,0,0,0,8,20,31,31,47,47],"current_hp_per_floor":[48,48,48,47,52,40,40,40,40,39,39,23,62,42,42,30,68,61,43,43,43,43,43,23,65,65,64,64,64,64,64,64,48,80,80,80,80,80,66,66,37,14,14,56,63,63,63,63,63,0,0],"gold":12,"neow_bonus":"","is_daily":false,"chose_seed":false,"campfire_upgraded":5,"win_rate":0.0,"timestamp":1609858301,"path_taken":["M","?","?","?","M","E","R","$","T","M","R","?","R","?","R","BOSS","M","M","$","?","M","R","E","R","T","E","?","?","R","?","R","BOSS","M","?","?","$","M","R","E","M","T","R","M","R","$","?","R","BOSS"],"items_purchased_type":["Card","Relic","Relic","Card","Card","Card","Potion","Card","Card","Card","Relic","Potion","Relic","Relic","Card","Card","Card","Card"],"build_version":"2020-12-22","purchased_purges":2,"victory":false,"max_hp_per_floor":[76,76,76,76,81,81,81,81,81,81,81,81,81,81,81,81,81,81,81,81,81,81,81,91,91,91,91,91,91,91,91,91,91,91,91,91,91,91,91,91,91,91,91,91,91,91,91,91,91,91,91],"relic_stats":{"Peace Pipe":3,"Sozu":8,"Regal Pillow":45,"Torii":31,"Happy Flower":[5],"counters":[159,727],"Golden Idol":121,"Pandora\u0027s Box":["Leap","Storm","Seek","BootSequence"],"Orichalcum":[6],"Boot":[6],"obtain_stats":[{"Ice Cream":0,"Calipers":0,"Gremlin Horn":45,"Vajra":9,"Spirit Poop":3,"Hammer of Thor":0,"Runic Capacitor":14,"Whetstone":9,"Boot":21,"Old Coin":36,"FrozenCore":34,"Sozu":17,"Blood Vial":0,"Centennial Puzzle":6,"Lizard Tail":0,"FaceOfCleric":12,"DollysMirror":38,"Sundial":3,"Strawberry":28,"Prayer Wheel":14,"Philosopher\u0027s Stone":17,"Kunai":24,"Toxic Egg 2":26,"MerchantsRug":30,"Pear":24,"betterAltar:BloodRelic":20,"Happy Flower":44,"Blue Candle":20,"Oddly Smooth Stone":44,"Pen Nib":37,"Guardian:PocketSentry":37,"Question Card":30,"Akabeko":14,"Du-Vu Doll":42,"OrangePellets":0,"Bottled Flame":40,"Shuriken":31,"Anvil of the Gods":0,"Bronze Scales":42,"Snecko Eye":34,"Molten Egg 2":26,"Pandora\u0027s Box":34,"Symbiotic Virus":14,"StrikeDummy":27,"Unceasing Top":36,"Pocketwatch":0,"Regal Pillow":7,"Singing Bowl":0,"Torii":26,"Bag of Preparation":0,"Cursed Key":17,"Empty Cage":34,"Smiling Mask":8,"Ancient Tea Set":9,"Emotion Chip":26,"Nunchaku":6,"Matryoshka":26,"Mummified Hand":13,"Red Mask":19,"Cracked Core":0,"InkBottle":22,"Golden Idol":2,"Thread and Needle":22,"PreservedInsect":40,"Omamori":38,"Seething Fire":0,"Orichalcum":5,"Frozen Egg 2":41,"MawBank":6,"Medical Kit":0,"Mercury Hourglass":12,"Nuclear Battery":17,"Peace Pipe":45,"DataDisk":8,"Anchor":54,"Ornamental Fan":26,"Art of War":14,"Coffee Dripper":17,"Bottled Lightning":43,"Membership Card":30,"hexamod:BolsterEngine":24,"Toy Ornithopter":27,"TungstenRod":30},{"Ice Cream":111,"Calipers":39,"Gremlin Horn":61,"Vajra":18,"Spirit Poop":140,"Hammer of Thor":0,"Runic Capacitor":44,"Whetstone":3,"Boot":148,"Old Coin":30,"FrozenCore":103,"Sozu":22,"Blood Vial":39,"Centennial Puzzle":41,"Lizard Tail":64,"FaceOfCleric":19,"DollysMirror":31,"Sundial":92,"Strawberry":26,"Prayer Wheel":88,"Philosopher\u0027s Stone":97,"Kunai":99,"Toxic Egg 2":12,"MerchantsRug":126,"Pear":150,"betterAltar:BloodRelic":47,"Happy Flower":107,"Blue Candle":73,"Oddly Smooth Stone":35,"Pen Nib":130,"Guardian:PocketSentry":130,"Question Card":12,"Akabeko":118,"Du-Vu Doll":34,"OrangePellets":111,"Bottled Flame":59,"Shuriken":12,"Anvil of the Gods":0,"Bronze Scales":60,"Snecko Eye":29,"Molten Egg 2":26,"Pandora\u0027s Box":152,"Symbiotic Virus":71,"StrikeDummy":151,"Unceasing Top":154,"Pocketwatch":81,"Regal Pillow":86,"Singing Bowl":64,"Torii":100,"Bag of Preparation":0,"Cursed Key":6,"Empty Cage":54,"Smiling Mask":69,"Ancient Tea Set":95,"Emotion Chip":49,"Nunchaku":94,"Matryoshka":150,"Mummified Hand":44,"Red Mask":121,"Cracked Core":0,"InkBottle":99,"Golden Idol":140,"Thread and Needle":48,"PreservedInsect":33,"Omamori":31,"Seething Fire":0,"Orichalcum":40,"Frozen Egg 2":133,"MawBank":17,"Medical Kit":39,"Mercury Hourglass":4,"Nuclear Battery":119,"Peace Pipe":108,"DataDisk":42,"Anchor":63,"Ornamental Fan":76,"Art of War":5,"Coffee Dripper":45,"Bottled Lightning":34,"Membership Card":126,"hexamod:BolsterEngine":124,"Toy Ornithopter":77,"TungstenRod":126},{"Ice Cream":483,"Calipers":153,"Gremlin Horn":255,"Vajra":67,"Spirit Poop":639,"Hammer of Thor":0,"Runic Capacitor":174,"Whetstone":8,"Boot":674,"Old Coin":116,"FrozenCore":439,"Sozu":80,"Blood Vial":153,"Centennial Puzzle":159,"Lizard Tail":263,"FaceOfCleric":70,"DollysMirror":120,"Sundial":380,"Strawberry":95,"Prayer Wheel":363,"Philosopher\u0027s Stone":404,"Kunai":412,"Toxic Egg 2":46,"MerchantsRug":554,"Pear":681,"betterAltar:BloodRelic":193,"Happy Flower":457,"Blue Candle":305,"Oddly Smooth Stone":138,"Pen Nib":583,"Guardian:PocketSentry":583,"Question Card":46,"Akabeko":506,"Du-Vu Doll":135,"OrangePellets":483,"Bottled Flame":248,"Shuriken":46,"Anvil of the Gods":0,"Bronze Scales":252,"Snecko Eye":113,"Molten Egg 2":95,"Pandora\u0027s Box":693,"Symbiotic Virus":293,"StrikeDummy":686,"Unceasing Top":701,"Pocketwatch":346,"Regal Pillow":358,"Singing Bowl":263,"Torii":420,"Bag of Preparation":0,"Cursed Key":23,"Empty Cage":231,"Smiling Mask":280,"Ancient Tea Set":389,"Emotion Chip":205,"Nunchaku":388,"Matryoshka":681,"Mummified Hand":174,"Red Mask":525,"Cracked Core":0,"InkBottle":412,"Golden Idol":639,"Thread and Needle":198,"PreservedInsect":132,"Omamori":120,"Seething Fire":0,"Orichalcum":155,"Frozen Egg 2":599,"MawBank":64,"Medical Kit":153,"Mercury Hourglass":10,"Nuclear Battery":516,"Peace Pipe":461,"DataDisk":168,"Anchor":261,"Ornamental Fan":319,"Art of War":14,"Coffee Dripper":186,"Bottled Lightning":135,"Membership Card":554,"hexamod:BolsterEngine":541,"Toy Ornithopter":326,"TungstenRod":554}],"Unceasing Top":[0]},"card_choices":[{"not_picked":["Steam","Darkness"],"picked":"Defragment","floor":1.0},{"not_picked":["FTL","Streamline"],"picked":"Sunder","floor":4.0},{"not_picked":["Go for the Eyes","Melter"],"picked":"Loop","floor":5.0},{"not_picked":["Hologram","Fusion","Coolheaded"],"picked":"SKIP","floor":6.0},{"not_picked":["Scrape","Go for the Eyes"],"picked":"Consume","floor":10.0},{"not_picked":["Leap","Scrape"],"picked":"Coolheaded","floor":12.0},{"not_picked":["Seek","Machine Learning"],"picked":"Electrodynamics","floor":16},{"not_picked":["Defragment","Streamline"],"picked":"Heatsinks+1","floor":18},{"not_picked":["Conserve Battery","Force Field"],"picked":"Undo+1","floor":19},{"not_picked":["Rip and Tear","Tempest"],"picked":"Stack","floor":22},{"not_picked":["Cold Snap","Heatsinks"],"picked":"Conserve Battery","floor":24},{"not_picked":["Turbo","Redo"],"picked":"Auto Shields+1","floor":27},{"not_picked":["Fission","Reboot"],"picked":"Creative AI","floor":33},{"not_picked":["Storm","Heatsinks"],"picked":"Capacitor","floor":35},{"not_picked":["Sweeping Beam","Gash"],"picked":"Leap+1","floor":36},{"not_picked":["expansioncontent:BronzeBeam","expansioncontent:LastStand"],"picked":"expansioncontent:AwakenDeath","floor":37},{"not_picked":["expansioncontent:Corrupt","Panache"],"picked":"Master of Strategy","floor":37},{"not_picked":["Rebound","Darkness+1","Loop"],"picked":"SKIP","floor":39},{"not_picked":["Beam Cell+1","Defragment"],"picked":"Self Repair","floor":41},{"not_picked":["FTL+1","Streamline"],"picked":"Double Energy","floor":42},{"not_picked":["Sweeping Beam","Barrage"],"picked":"Static Discharge","floor":45}],"player_experience":868981,"relics_obtained":[{"floor":6.0,"key":"Du-Vu Doll"},{"floor":21,"key":"Boot"},{"floor":24,"key":"Pear"},{"floor":26,"key":"Matryoshka"},{"floor":27,"key":"StrikeDummy"},{"floor":36,"key":"Unceasing Top"},{"floor":41,"key":"Happy Flower"},{"floor":43,"key":"DataDisk"},{"floor":43,"key":"Orichalcum"}],"event_choices":[{"damage_healed":0.0,"max_hp_gain":0.0,"max_hp_loss":0.0,"gold_gain":0.0,"event_name":"Golden Idol","player_choice":"Take Wound","floor":2.0,"gold_loss":0.0,"damage_taken":0.0,"relics_obtained":["Golden Idol"],"cards_obtained":["Injury"]},{"cards_removed":["Injury"],"damage_healed":0.0,"max_hp_gain":0.0,"max_hp_loss":0.0,"gold_gain":0.0,"event_name":"Bonfire Elementals","player_choice":"Offered Curse","floor":3.0,"gold_loss":0.0,"damage_taken":0.0,"relics_obtained":["Spirit Poop"]},{"damage_healed":0,"gold_gain":0,"player_choice":"RE ","damage_taken":22,"relics_obtained":["Anchor"],"max_hp_gain":0,"max_hp_loss":0,"event_name":"betterSkull:BetterSkull","floor":14,"gold_loss":0,"cards_upgraded":[]},{"damage_healed":0,"gold_gain":0,"player_choice":"Ignored","damage_taken":0,"max_hp_gain":0,"max_hp_loss":0,"event_name":"Vampires","floor":29,"gold_loss":0},{"damage_healed":0,"gold_gain":0,"player_choice":"Fight","damage_taken":0,"max_hp_gain":0,"max_hp_loss":0,"event_name":"MindBloom","floor":36,"gold_loss":0},{"damage_healed":0,"gold_gain":3,"player_choice":"1","damage_taken":0,"max_hp_gain":0,"max_hp_loss":0,"event_name":"betterStone:BetterStone","floor":37,"gold_loss":0},{"cards_removed":["Static Discharge"],"damage_healed":0,"gold_gain":0,"player_choice":"Removed Power","damage_taken":0,"max_hp_gain":0,"max_hp_loss":0,"event_name":"Falling","floor":48,"gold_loss":0}],"is_beta":false,"boss_relics":[{"not_picked":["Empty Cage","SlaversCollar"],"picked":"Sozu"},{"not_picked":["Astrolabe","Philosopher\u0027s Stone"],"picked":"Pandora\u0027s Box"}],"items_purged_floors":[0,38],"is_endless":false,"potions_floor_spawned":[1,5,6,16,18,24,33,39,45],"killed_by":"Awakened One","ascension_level":19}}