{"host":"omv42op7s93bjjql","time":1609883542,"event":{"mods":["BaseMod","Colored Map","Colored Powertips","DeckTracker","Keyboard Shortcuts","Minty Spire (QoL Compilation)","StSLib","SuperFastMode"],"gold_per_floor":[111,130,100,25,37,37,37,72,95,109,109,109,109,56,56,155,155,176,451,20,200,223,254,254,294,341,374,386,386],"floor_reached":28,"playtime":814,"items_purged":["Strike_B","Regret"],"score":558,"play_id":"17e1636b-da57-49c6-9cd9-a2f279716482","local_time":"20210106065222","is_ascension_mode":true,"campfire_choices":[{"data":"Zap","floor":6,"key":"SMITH"},{"floor":11,"key":"REST"},{"floor":15,"key":"REST"},{"data":"Beam Cell","floor":24,"key":"SMITH"}],"circlet_count":0,"master_deck":["AscendersBane","Strike_B","Strike_B","Strike_B","Defend_B+1","Defend_B","Defend_B","Defend_B","Zap+1","Dualcast","All For One","Cold Snap","Gash","Compile Driver","Streamline","Chaos+1","Go for the Eyes","Electrodynamics","Turbo","Gash","Beam Cell+1","Steam+1","Normality","Rebound"],"relics":["Cracked Core","Gremlin Horn","PreservedInsect","Pen Nib","Golden Idol","Cursed Key","Lantern","Anchor","Dream Catcher","Boot","MawBank"],"acts_visited":["Exordium","TheCity"],"potions_floor_usage":[16,22,25],"damage_taken":[{"damage":7,"enemies":"Small Slimes","floor":1,"turns":3},{"damage":1,"enemies":"Cultist","floor":2,"turns":3},{"damage":12,"enemies":"Jaw Worm","floor":5,"turns":2},{"damage":18,"enemies":"Lagavulin","floor":8,"turns":7},{"damage":7,"enemies":"Large Slime","floor":10,"turns":4},{"damage":14,"enemies":"Hexaghost","floor":16,"turns":8},{"damage":0,"enemies":"Spheric Guardian","floor":18,"turns":2},{"damage":0,"enemies":"3 Byrds","floor":22,"turns":2},{"damage":0,"enemies":"Gremlin Leader","floor":23,"turns":4},{"damage":30,"enemies":"Slavers","floor":25,"turns":4},{"damage":16,"enemies":"Cultist and Chosen","floor":27,"turns":5},{"damage":19,"enemies":"Shelled Parasite and Fungi","floor":28,"turns":2}],"seed_played":"-5096545400535067112","potions_obtained":[{"floor":2,"key":"LiquidBronze"},{"floor":3,"key":"CultistPotion"},{"floor":3,"key":"FairyPotion"},{"floor":16,"key":"PotionOfCapacity"},{"floor":18,"key":"DistilledChaos"},{"floor":23,"key":"BlessingOfTheForge"}],"is_trial":false,"path_per_floor":["M","M","?","$","M","R","T","E","T","M","R","?","?","$","R","B",null,"M","?","$","?","M","E","R","E","T","M","M"],"character_chosen":"DEFECT","items_purchased":["Go for the Eyes","Lantern","Anchor"],"campfire_rested":2,"item_purchase_floors":[14,20,20],"current_hp_per_floor":[57,56,56,56,44,44,44,26,26,19,40,19,19,19,38,24,54,54,54,54,35,35,35,35,5,5,19,0,0],"gold":386,"neow_bonus":"ONE_RANDOM_RARE_CARD","is_daily":false,"chose_seed":false,"campfire_upgraded":2,"win_rate":0.0,"timestamp":1609883542,"path_taken":["M","M","?","?","M","R","?","E","T","M","R","?","?","$","R","BOSS","M","?","?","?","M","E","R","E","T","?","M"],"items_purchased_type":["Card","Relic","Relic"],"build_version":"2020-12-22","purchased_purges":2,"victory":false,"max_hp_per_floor":[71,71,71,71,71,71,71,71,71,71,71,71,64,64,64,64,64,64,64,64,64,64,64,64,64,64,64,64,64],"card_choices":[{"not_picked":["Turbo","Conserve Battery"],"picked":"Cold Snap","floor":1},{"not_picked":["Conserve Battery","Stack"],"picked":"Gash","floor":2},{"not_picked":["Heatsinks","Blizzard"],"picked":"Compile Driver","floor":5},{"not_picked":["Rebound","Buffer"],"picked":"Streamline","floor":8},{"not_picked":["Blizzard","White Noise"],"picked":"Chaos","floor":10},{"not_picked":["Biased Cognition","Multi-Cast"],"picked":"Electrodynamics","floor":16},{"not_picked":["Streamline","Redo"],"picked":"Turbo","floor":18},{"not_picked":["Cold Snap","Redo"],"picked":"Gash","floor":22},{"not_picked":["Ball Lightning","Redo"],"picked":"Beam Cell","floor":23},{"not_picked":["Hello World","Turbo"],"picked":"Steam+1","floor":25},{"not_picked":["Redo+1","Recycle"],"picked":"Rebound","floor":27}],"player_experience":846639,"relics_obtained":[{"floor":7,"key":"Gremlin Horn"},{"floor":8,"key":"PreservedInsect"},{"floor":9,"key":"Pen Nib"},{"floor":23,"key":"Dream Catcher"},{"floor":25,"key":"Boot"},{"floor":26,"key":"MawBank"}],"event_choices":[{"damage_healed":0,"gold_gain":0,"player_choice":"Bought 2 Potions","damage_taken":0,"max_hp_gain":0,"max_hp_loss":0,"event_name":"The Woman in Blue","floor":3,"gold_loss":0},{"damage_healed":0,"gold_gain":0,"player_choice":"Entered Light","damage_taken":21,"max_hp_gain":0,"max_hp_loss":0,"event_name":"Shining Light","floor":12,"gold_loss":0,"cards_upgraded":["Defend_B","Chaos"]},{"damage_healed":0,"gold_gain":0,"player_choice":"Lose Max HP","damage_taken":0,"relics_obtained":["Golden Idol"],"max_hp_gain":0,"max_hp_loss":7,"event_name":"Golden Idol","floor":13,"gold_loss":0},{"damage_healed":0,"gold_gain":275,"player_choice":"Desecrate","damage_taken":0,"max_hp_gain":0,"max_hp_loss":0,"event_name":"Golden Shrine","floor":19,"gold_loss":0,"cards_obtained":["Regret"]},{"damage_healed":0,"gold_gain":180,"player_choice":"GOLD GOLD ","damage_taken":19,"max_hp_gain":0,"max_hp_loss":0,"event_name":"Knowing Skull","floor":21,"potions_obtained":[],"gold_loss":0,"cards_obtained":[]}],"is_beta":false,"boss_relics":[{"not_picked":["Ectoplasm","Velvet Choker"],"picked":"Cursed Key"}],"items_purged_floors":[4,20],"is_endless":false,"potions_floor_spawned":[2,10,16,18,23],"killed_by":"Shelled Parasite and Fungi","ascension_level":20}}