{"host":"vsdszi3rnxsdp24p","time":1609875481,"event":{"mods":["AchievementEnabler","BaseMod","Bestiary","Colored Map","Colored Powertips","Curses Come First","DeckTracker","Hermit","Highlight Path","Ironclad Rager","Minty Spire (QoL Compilation)","Quick Restart","Relic Sorter","Relic Stats","StSLib","SuperFastMode","Synergy Search","The Cursed","The Mystic"],"gold_per_floor":[20,20,36,46,46,46,58,58,58,73,248,265,282,62,62,162,212,223,223,223,237,50,50,69,69,69],"floor_reached":25,"playtime":844,"items_purged":["Doubt"],"score":245,"play_id":"7ec7dd99-2a36-4d19-a637-aec6d3c7b1ae","local_time":"20210105203801","is_ascension_mode":false,"campfire_choices":[{"data":"Deadly Poison","floor":6,"key":"SMITH"},{"floor":8,"key":"REST"},{"data":"Envenom","floor":15,"key":"SMITH"},{"data":"Infinite Blades","floor":23,"key":"SMITH"}],"circlet_count":0,"master_deck":["Survivor","Neutralize","Clumsy","Poisoned Stab","Poisoned Stab","Poisoned Stab","Poisoned Stab","Poisoned Stab","Dodge and Roll","Dodge and Roll","Dodge and Roll","Dodge and Roll","Dodge and Roll+1","Deadly Poison+1","Deflect","Flechettes","Envenom+1","Catalyst","Crippling Poison","Blur","Die Die Die","PiercingWail","Deadly Poison+1","Outmaneuver+1","Infinite Blades+1","Crippling Poison","Outmaneuver","Blur","Acrobatics+1","Dodge and Roll","Bouncing Flask"],"relics":["Ring of the Snake","Paper Crane","Sundial","Tiny House","Thread and Needle","Orrery"],"acts_visited":["Exordium","TheCity"],"potions_floor_usage":[4,13,16,18,24,24],"damage_taken":[{"damage":0,"enemies":"2 Louse","floor":1,"turns":2},{"damage":0,"enemies":"Cultist","floor":3,"turns":2},{"damage":0,"enemies":"Jaw Worm","floor":4,"turns":3},{"damage":7,"enemies":"3 Louse","floor":7,"turns":2},{"damage":7,"enemies":"Blue Slaver","floor":10,"turns":3},{"damage":6,"enemies":"Looter","floor":12,"turns":3},{"damage":9,"enemies":"3 Louse","floor":13,"turns":4},{"damage":0,"enemies":"Hexaghost","floor":16,"turns":8},{"damage":13,"enemies":"Shell Parasite","floor":18,"turns":4},{"damage":20,"enemies":"3 Byrds","floor":21,"turns":4},{"damage":20,"enemies":"Snake Plant","floor":24,"turns":5},{"damage":3,"enemies":"Centurion and Healer","floor":25,"turns":1}],"seed_played":"3241817894818774691","potions_obtained":[{"floor":1,"key":"SkillPotion"},{"floor":7,"key":"Regen Potion"},{"floor":13,"key":"EssenceOfSteel"},{"floor":16,"key":"LiquidMemories"},{"floor":17,"key":"FearPotion"},{"floor":21,"key":"PowerPotion"},{"floor":24,"key":"LiquidMemories"}],"is_trial":false,"path_per_floor":["M","$","M","M","?","R","M","R","T","M","?","M","M","$","R","B",null,"M","?","?","M","$","R","M","M"],"character_chosen":"THE_SILENT","items_purchased":["Crippling Poison","Blur","Infinite Blades","Orrery"],"campfire_rested":1,"item_purchase_floors":[14,14,22,22],"current_hp_per_floor":[45,45,45,45,45,45,38,56,56,49,49,43,46,46,46,46,68,55,55,43,23,23,23,3,0,0],"gold":69,"neow_bonus":"SILENT_ASSASSIN","is_daily":false,"chose_seed":false,"campfire_upgraded":3,"win_rate":0.0,"timestamp":1609875481,"path_taken":["M","$","M","M","?","R","?","R","T","M","?","M","M","$","R","BOSS","M","?","?","M","$","R","M","M"],"items_purchased_type":["Card","Card","Card","Relic"],"build_version":"2020-12-22","purchased_purges":1,"victory":false,"max_hp_per_floor":[63,63,63,63,63,63,63,63,63,63,63,63,63,63,63,63,68,68,68,73,73,73,73,73,73,73],"relic_stats":{"counters":[12,41],"Sundial":[2],"obtain_stats":[{"Tiny House":17,"Sundial":9,"Orrery":22,"Thread and Needle":19,"Paper Crane":5,"Ring of the Snake":0},{"Tiny House":8,"Sundial":4,"Orrery":10,"Thread and Needle":9,"Paper Crane":3,"Ring of the Snake":0},{"Tiny House":27,"Sundial":9,"Orrery":35,"Thread and Needle":31,"Paper Crane":7,"Ring of the Snake":0}],"Ring of the Snake":[24]},"card_choices":[{"not_picked":["Slice","Sucker Punch"],"picked":"Deadly Poison","floor":1},{"not_picked":["Accuracy","Sucker Punch"],"picked":"Caltrops","floor":3},{"not_picked":["Dagger Throw","Slice","Underhanded Strike"],"picked":"SKIP","floor":4},{"not_picked":["Slice","Dodge and Roll"],"picked":"Deflect","floor":7},{"not_picked":["Flying Knee","Acrobatics"],"picked":"Flechettes","floor":10},{"not_picked":["Terror","Blur"],"picked":"Envenom","floor":12},{"not_picked":["PiercingWail","Cloak And Dagger"],"picked":"Catalyst","floor":13},{"not_picked":["Venomology","Tools of the Trade"],"picked":"Die Die Die","floor":16},{"not_picked":["Heel Hook","Finisher"],"picked":"PiercingWail","floor":17},{"not_picked":["Blade Dance+1","Flying Knee+1"],"picked":"Deadly Poison+1","floor":18},{"not_picked":["Dodge and Roll","Blade Dance"],"picked":"Outmaneuver+1","floor":21},{"not_picked":["Poisoned Stab","Cloak And Dagger"],"picked":"Crippling Poison","floor":22},{"not_picked":["Flying Knee","Die Die Die"],"picked":"Outmaneuver","floor":22},{"not_picked":["Bane","Outmaneuver"],"picked":"Blur","floor":22},{"not_picked":["Concentrate","Flechettes"],"picked":"Acrobatics+1","floor":22},{"not_picked":["Dagger Spray+1","Dagger Throw"],"picked":"Dodge and Roll","floor":22},{"not_picked":["Sucker Punch","Dash"],"picked":"Bouncing Flask","floor":24}],"player_experience":141207,"relics_obtained":[{"floor":9,"key":"Sundial"}],"event_choices":[{"cards_removed":["Caltrops"],"damage_healed":0,"gold_gain":0,"player_choice":"Gave Card","damage_taken":0,"relics_obtained":["Paper Crane"],"max_hp_gain":0,"max_hp_loss":0,"event_name":"WeMeetAgain","floor":5,"gold_loss":0},{"damage_healed":0,"gold_gain":175,"player_choice":"AGREE","damage_taken":0,"max_hp_gain":0,"max_hp_loss":0,"event_name":"Liars Game","floor":11,"gold_loss":0,"cards_obtained":["Doubt"]},{"damage_healed":0,"gold_gain":0,"player_choice":"Opened","damage_taken":0,"relics_obtained":["Thread and Needle"],"max_hp_gain":0,"max_hp_loss":0,"event_name":"The Mausoleum","floor":19,"gold_loss":0},{"damage_healed":0,"gold_gain":0,"player_choice":"Shed Blood","damage_taken":17,"max_hp_gain":5,"max_hp_loss":0,"event_name":"Forgotten Altar","floor":20,"gold_loss":0}],"is_beta":false,"boss_relics":[{"not_picked":["Black Star","Astrolabe"],"picked":"Tiny House"}],"items_purged_floors":[14],"is_endless":false,"potions_floor_spawned":[1,7,13,16,21,24],"killed_by":"Centurion and Healer","ascension_level":0}}