{"host":"8by3m8mve9y2rhh4","time":1609860649,"event":{"mods":["BaseMod","Minty Spire (QoL Compilation)","Quick Restart"],"gold_per_floor":[110,126,143,161,175,201,201,230,230,248,275,28,28,38,38,141,141,155,40,59,59,10,10,43,43,43,43,77,95,95,125,125,226,226,237,253,6,23,33,67,67,84,139,139,139,170,170,170,170,170,170,170,70,105,105],"floor_reached":56,"playtime":2245,"items_purged":["Strike_G","Strike_G"],"score":1359,"play_id":"8d05e8c9-ae3c-40b0-8d67-4a156bb1b8de","local_time":"20210105153049","is_ascension_mode":true,"campfire_choices":[{"floor":7,"key":"REST"},{"floor":15,"key":"REST"},{"floor":23,"key":"REST"},{"floor":27,"key":"REST"},{"floor":30,"key":"REST"},{"floor":32,"key":"RECALL"},{"data":"A Thousand Cuts","floor":41,"key":"SMITH"},{"data":"Infinite Blades","floor":45,"key":"SMITH"},{"data":"Footwork","floor":47,"key":"SMITH"},{"data":"Accuracy","floor":49,"key":"SMITH"},{"data":"Noxious Fumes","floor":52,"key":"SMITH"}],"circlet_count":0,"master_deck":["Strike_G","Strike_G","Strike_G","Defend_G","Defend_G","Defend_G","Defend_G","Defend_G","Survivor","Neutralize","Backstab","Blade Dance","Noxious Fumes+1","Accuracy+1","Deadly Poison","Footwork+1","Blade Dance","Doppelganger","Cloak And Dagger+1","Finisher+1","Escape Plan","Footwork+1","Dodge and Roll+1","Infinite Blades+1","A Thousand Cuts+1","Cloak And Dagger+1","Blade Dance","Outmaneuver+1","Dark Shackles","Blade Dance+1"],"relics":["SlaversCollar","Bag of Marbles","Vajra","Molten Egg 2","Pen Nib","Ornamental Fan","WristBlade","Ice Cream","Nilry\u0027s Codex","Pear","Unceasing Top","Centennial Puzzle","Busted Crown","Shuriken","Eternal Feather","HornCleat","Lantern"],"acts_visited":["Exordium","TheCity","TheBeyond","TheEnding"],"potions_floor_usage":[8,11,11,24,24,24,50,50,55],"damage_taken":[{"damage":10,"enemies":"Jaw Worm","floor":1,"turns":8},{"damage":0,"enemies":"Cultist","floor":2,"turns":5},{"damage":0,"enemies":"Small Slimes","floor":3,"turns":3},{"damage":3,"enemies":"3 Louse","floor":4,"turns":3},{"damage":3,"enemies":"Blue Slaver","floor":5,"turns":4},{"damage":30,"enemies":"Lagavulin","floor":6,"turns":7},{"damage":9,"enemies":"3 Sentries","floor":8,"turns":7},{"damage":0,"enemies":"2 Fungi Beasts","floor":10,"turns":2},{"damage":9,"enemies":"Lagavulin","floor":11,"turns":4},{"damage":2,"enemies":"Looter","floor":14,"turns":3},{"damage":33,"enemies":"The Guardian","floor":16,"turns":8},{"damage":8,"enemies":"Shell Parasite","floor":18,"turns":4},{"damage":1,"enemies":"Chosen","floor":20,"turns":3},{"damage":18,"enemies":"Gremlin Leader","floor":24,"turns":4},{"damage":33,"enemies":"Slavers","floor":28,"turns":5},{"damage":0,"enemies":"Snake Plant","floor":29,"turns":1},{"damage":0,"enemies":"Gremlin Leader","floor":31,"turns":4},{"damage":14,"enemies":"Champ","floor":33,"turns":7},{"damage":1,"enemies":"Orb Walker","floor":35,"turns":2},{"damage":2,"enemies":"3 Darklings","floor":36,"turns":4},{"damage":1,"enemies":"4 Shapes","floor":38,"turns":4},{"damage":0,"enemies":"Writhing Mass","floor":39,"turns":3},{"damage":14,"enemies":"Reptomancer","floor":40,"turns":5},{"damage":0,"enemies":"Transient","floor":42,"turns":5},{"damage":4,"enemies":"Giant Head","floor":46,"turns":4},{"damage":6,"enemies":"Awakened One","floor":50,"turns":5},{"damage":16,"enemies":"Shield and Spear","floor":54,"turns":4},{"damage":63,"enemies":"The Heart","floor":55,"turns":7}],"seed_played":"-3008530931200304171","potions_obtained":[{"floor":1,"key":"EssenceOfSteel"},{"floor":3,"key":"SmokeBomb"},{"floor":5,"key":"EssenceOfSteel"},{"floor":8,"key":"AttackPotion"},{"floor":16,"key":"Fire Potion"},{"floor":20,"key":"EntropicBrew"},{"floor":36,"key":"GhostInAJar"}],"is_trial":false,"path_per_floor":["M","M","M","M","M","E","R","E","T","M","E","$","?","M","R","B",null,"M","$","M","?","$","R","E","?","T","R","E","M","R","E","R","B",null,"M","M","$","M","M","E","R","M","T","?","R","E","R","?","R","B",null,"R","$","E","B",null],"character_chosen":"THE_SILENT","items_purchased":["Ornamental Fan","Finisher+1","PowerPotion","Shuriken"],"campfire_rested":5,"item_purchase_floors":[12,19,22,37],"current_hp_per_floor":[60,60,60,57,54,24,45,36,36,36,27,27,27,25,46,13,70,62,62,61,48,48,70,52,36,46,71,38,38,63,63,63,49,85,84,82,82,81,81,67,82,82,82,81,81,77,81,71,81,75,81,81,81,65,2],"gold":105,"neow_bonus":"BOSS_RELIC","is_daily":false,"chose_seed":false,"campfire_upgraded":5,"win_rate":0.0,"timestamp":1609860649,"path_taken":["M","M","M","M","M","E","R","E","T","M","E","$","?","?","R","BOSS","M","$","M","?","$","R","E","?","T","R","E","M","R","E","R","BOSS","M","M","$","M","M","E","R","M","T","?","R","E","R","?","R","BOSS","R","$","E","BOSS"],"items_purchased_type":["Relic","Card","Potion","Relic"],"build_version":"2020-12-22","purchased_purges":2,"victory":true,"max_hp_per_floor":[70,70,70,70,70,70,70,70,70,70,70,70,70,70,70,70,70,70,70,70,75,75,75,75,75,85,85,85,85,85,85,85,85,85,85,85,85,85,85,85,85,85,85,81,81,81,81,81,81,81,81,81,81,81,81],"card_choices":[{"not_picked":["Caltrops","Distraction"],"picked":"Backstab","floor":1},{"not_picked":["Dagger Spray","Flechettes"],"picked":"Blade Dance","floor":2},{"not_picked":["Underhanded Strike","Endless Agony"],"picked":"Noxious Fumes","floor":3},{"not_picked":["Slice","Sucker Punch"],"picked":"Accuracy","floor":4},{"not_picked":["Outmaneuver","Underhanded Strike","Acrobatics"],"picked":"SKIP","floor":5},{"not_picked":["Riddle With Holes","Blur"],"picked":"Deadly Poison","floor":6},{"not_picked":["Expertise","Outmaneuver","Concentrate"],"picked":"SKIP","floor":8},{"not_picked":["Slice+1","Prepared","Underhanded Strike+1"],"picked":"SKIP","floor":10},{"not_picked":["Dagger Throw+1","Flying Knee+1"],"picked":"Footwork","floor":11},{"not_picked":["Grand Finale+1","Prepared"],"picked":"Blade Dance","floor":14},{"not_picked":["Night Terror","Wraith Form v2"],"picked":"Doppelganger","floor":16},{"not_picked":["Prepared","Slice+1"],"picked":"Cloak And Dagger+1","floor":18},{"not_picked":["Flechettes+1","Prepared"],"picked":"Escape Plan","floor":20},{"not_picked":["Blade Dance","Heel Hook+1"],"picked":"Footwork","floor":24},{"not_picked":["Dagger Throw+1","Burst","All Out Attack+1"],"picked":"SKIP","floor":28},{"not_picked":["Underhanded Strike+1","Prepared"],"picked":"Dodge and Roll+1","floor":29},{"not_picked":["Flying Knee+1","A Thousand Cuts"],"picked":"Infinite Blades","floor":31},{"not_picked":["Doppelganger","Glass Knife+1"],"picked":"A Thousand Cuts","floor":33},{"not_picked":[],"picked":"Cloak And Dagger+1","floor":35},{"not_picked":["Bouncing Flask+1"],"picked":"SKIP","floor":36},{"not_picked":["Flying Knee+1"],"picked":"SKIP","floor":38},{"not_picked":["Dagger Spray+1"],"picked":"SKIP","floor":39},{"not_picked":["Prepared"],"picked":"SKIP","floor":40},{"not_picked":[],"picked":"Blade Dance","floor":42},{"not_picked":[],"picked":"Outmaneuver+1","floor":46},{"not_picked":[],"picked":"Dark Shackles","floor":48},{"not_picked":[],"picked":"Blade Dance+1","floor":54}],"player_experience":657870,"relics_obtained":[{"floor":6,"key":"Bag of Marbles"},{"floor":8,"key":"Vajra"},{"floor":9,"key":"Molten Egg 2"},{"floor":11,"key":"Pen Nib"},{"floor":24,"key":"Ice Cream"},{"floor":25,"key":"Nilry\u0027s Codex"},{"floor":26,"key":"Pear"},{"floor":28,"key":"Unceasing Top"},{"floor":31,"key":"Centennial Puzzle"},{"floor":40,"key":"Eternal Feather"},{"floor":46,"key":"HornCleat"},{"floor":54,"key":"Lantern"}],"event_choices":[{"damage_healed":0,"gold_gain":0,"player_choice":"Upgraded","damage_taken":0,"max_hp_gain":0,"max_hp_loss":0,"event_name":"Upgrade Shrine","floor":13,"gold_loss":0,"cards_upgraded":["Footwork"]},{"damage_healed":0,"gold_gain":0,"player_choice":"Shed Blood","damage_taken":18,"max_hp_gain":5,"max_hp_loss":0,"event_name":"Forgotten Altar","floor":21,"gold_loss":0},{"damage_healed":0,"gold_gain":0,"player_choice":"Obtained Book","damage_taken":16,"max_hp_gain":0,"max_hp_loss":0,"event_name":"Cursed Tome","floor":25,"gold_loss":0},{"damage_healed":0,"gold_gain":0,"player_choice":"Max HP","damage_taken":0,"max_hp_gain":0,"max_hp_loss":4,"event_name":"Winding Halls","floor":44,"gold_loss":0},{"damage_healed":0,"gold_gain":0,"player_choice":"Memory 3","damage_taken":10,"max_hp_gain":0,"max_hp_loss":0,"event_name":"SensoryStone","floor":48,"gold_loss":0}],"is_beta":false,"boss_relics":[{"not_picked":["Sozu","Empty Cage"],"picked":"WristBlade"},{"not_picked":["Coffee Dripper","Tiny House"],"picked":"Busted Crown"}],"items_purged_floors":[19,53],"is_endless":false,"potions_floor_spawned":[1,3,5,6,8,16,20,24,35,36,42],"ascension_level":1}}