{"host":"okln270zkafj6dck","time":1609833492,"event":{"mods":["BaseMod","Minty Spire (QoL Compilation)","Permanent Neow","Quick Restart","Relic Stats","StSLib","SuperFastMode"],"gold_per_floor":[119,138,153,153,168,168,179,179,205,205,230,39,66,76,76,76,76],"floor_reached":16,"playtime":379,"items_purged":[],"score":224,"play_id":"9b0e1163-2195-4d84-8ca6-19144a057c3d","local_time":"20210104235812","is_ascension_mode":true,"campfire_choices":[{"data":"1","floor":6.0,"key":"LIFT"},{"data":"2","floor":8.0,"key":"LIFT"},{"data":"3","floor":10.0,"key":"LIFT"},{"floor":15.0,"key":"REST"}],"circlet_count":0,"master_deck":["AscendersBane","Strike_G","Strike_G","Strike_G","Strike_G","Defend_G","Defend_G","Defend_G","Defend_G","Defend_G","Survivor","Neutralize","Cloak And Dagger","Slice","Leg Sweep","Terror","Footwork","Flash of Steel","Cloak And Dagger","Bouncing Flask"],"relics":["Ring of the Snake","Girya","Ancient Tea Set","Orichalcum","Bag of Marbles"],"acts_visited":["Exordium"],"potions_floor_usage":[],"damage_taken":[{"damage":4.0,"enemies":"Jaw Worm","floor":1.0,"turns":8.0},{"damage":1.0,"enemies":"Cultist","floor":2.0,"turns":5.0},{"damage":0.0,"enemies":"Small Slimes","floor":3.0,"turns":2.0},{"damage":1.0,"enemies":"2 Fungi Beasts","floor":5.0,"turns":5.0},{"damage":0.0,"enemies":"Large Slime","floor":7.0,"turns":8.0},{"damage":22.0,"enemies":"Lagavulin","floor":11.0,"turns":6.0},{"damage":7.0,"enemies":"3 Sentries","floor":13.0,"turns":10.0},{"damage":0.0,"enemies":"3 Louse","floor":14.0,"turns":2.0},{"damage":44,"enemies":"Slime Boss","floor":16,"turns":5}],"seed_played":"1979898529431157603","potions_obtained":[{"floor":3.0,"key":"Dexterity Potion"},{"floor":5.0,"key":"GamblersBrew"},{"floor":13.0,"key":"SmokeBomb"}],"is_trial":false,"path_per_floor":["M","M","M","?","M","R","M","R","T","R","E","$","E","M","R","B"],"character_chosen":"THE_SILENT","items_purchased":["Footwork","Flash of Steel"],"campfire_rested":1,"item_purchase_floors":[12,12],"current_hp_per_floor":[40,39,39,39,38,38,38,38,38,38,16,16,9,9,28,0,0],"gold":76,"neow_bonus":"ONE_RARE_RELIC","is_daily":false,"chose_seed":false,"campfire_upgraded":0,"win_rate":0.0,"timestamp":1609833492,"path_taken":["M","M","M","?","M","R","M","R","T","R","E","?","E","M","R","BOSS"],"items_purchased_type":["Card","Card"],"build_version":"2020-12-22","purchased_purges":0,"victory":false,"max_hp_per_floor":[66,66,66,66,66,66,66,66,66,66,66,66,66,66,66,66,66],"relic_stats":{"counters":[9,51],"Orichalcum":[12],"obtain_stats":[{"Girya":0,"Bag of Marbles":13,"Orichalcum":11,"Ancient Tea Set":9,"Ring of the Snake":0},{"Girya":0,"Bag of Marbles":7,"Orichalcum":6,"Ancient Tea Set":5,"Ring of the Snake":0},{"Girya":0,"Bag of Marbles":44,"Orichalcum":34,"Ancient Tea Set":28,"Ring of the Snake":0}],"Ring of the Snake":[18]},"card_choices":[{"not_picked":["Outmaneuver","Expertise"],"picked":"Cloak And Dagger","floor":1.0},{"not_picked":["Setup","Caltrops"],"picked":"Slice","floor":2.0},{"not_picked":["Sucker Punch","PiercingWail"],"picked":"Leg Sweep","floor":3.0},{"not_picked":["Choke","Setup","Bane"],"picked":"SKIP","floor":5.0},{"not_picked":["Bane","Eviscerate","Deflect"],"picked":"SKIP","floor":7.0},{"not_picked":["Setup","Dash"],"picked":"Terror","floor":11.0},{"not_picked":["Flying Knee","Concentrate"],"picked":"Cloak And Dagger","floor":13.0},{"not_picked":["Sucker Punch","Skewer"],"picked":"Bouncing Flask","floor":14.0}],"player_experience":79943,"relics_obtained":[{"floor":9.0,"key":"Ancient Tea Set"},{"floor":11.0,"key":"Orichalcum"},{"floor":13.0,"key":"Bag of Marbles"}],"event_choices":[{"cards_removed":["Strike_G"],"damage_healed":0.0,"max_hp_gain":0.0,"max_hp_loss":0.0,"gold_gain":0.0,"event_name":"Bonfire Elementals","player_choice":"Offered Basic","floor":4.0,"gold_loss":0.0,"damage_taken":0.0}],"is_beta":false,"boss_relics":[],"items_purged_floors":[],"is_endless":false,"potions_floor_spawned":[3,5,13],"killed_by":"Slime Boss","ascension_level":20}}