{"host":"sdjng9zhqonqi3uc","time":1609862957,"event":{"mods":["2.2 Compatiblity","AchievementEnabler","BaseMod","BetterRewards","Colored Powertips","Hero for Fun","Minty Spire (QoL Compilation)","Shop Mod","StSLib","Td1madao Mod","The Animator","The Cursed","The Servant 0.9.4"],"gold_per_floor":[119,132,132,57,85,85,125,141,141,152,152,162,175,29,29,127,127,147,147,160,259,275,275,286,286,361,361,361,386,405,415,415,512,512,529,529,529,544,544,578,605,605,632,632,632,632,26,36,36,36],"floor_reached":51,"playtime":3298,"items_purged":["animator:Defend","Pain","Decay"],"score":865,"play_id":"9901226f-fda3-49e6-a14a-fb711683c1a2","local_time":"20210105170917","is_ascension_mode":true,"campfire_choices":[{"data":"animator:Demiurge","floor":6,"key":"SMITH"},{"floor":15,"key":"REST"},{"data":"animator:Shalltear","floor":23,"key":"SMITH"},{"floor":27,"key":"REST"},{"data":"animator:SirTouchMe","floor":32,"key":"SMITH"},{"data":"animator:Lelouch","floor":42,"key":"SMITH"},{"floor":46,"key":"REST"},{"floor":49,"key":"REST"}],"circlet_count":0,"master_deck":["animator:Defend_Overlord","animator:Cocytus","animator:Demiurge+1","animator:Witch","animator:Entoma+5","animator:MadokaKaname","animator:NarberalGamma","animator:PandorasActor","animator:Cocytus","animator:Shalltear+1","animator:Evileye","animator:PandorasActor","animator:NarberalGamma+1","animator:SirTouchMe+1","animator:MadokaKaname","animator:Lelouch+1","animator:Rimuru","animator:Cirno","animator:Souei+1","Writhe","animator:Sebas","animator:Emilia","Parasite"],"relics":["animator:LivingPicture","animator:TheMissingPiece","animator:PurgingStone","NeowsBlessing","WarpedTongs","Lizard Tail","animator:BattleDrones","GremlinMask","animator:RacePiece","animator:CursedGlyph","animator:OldCoffin","Darkstone Periapt","SlaversCollar","InkBottle","Frozen Egg 2","Toy Ornithopter","Regal Pillow","Orichalcum"],"acts_visited":["Exordium","TheCity","TheBeyond"],"potions_floor_usage":[7,7,16,16,29,30,31,33,40,40,44,50,50,50],"damage_taken":[{"damage":0,"enemies":"Cultist","floor":1,"turns":1},{"damage":0,"enemies":"2 Louse","floor":2,"turns":1},{"damage":1,"enemies":"Jaw Worm","floor":5,"turns":1},{"damage":32,"enemies":"Lagavulin","floor":7,"turns":7},{"damage":2,"enemies":"2 Fungi Beasts","floor":8,"turns":4},{"damage":19,"enemies":"Exordium Wildlife","floor":10,"turns":5},{"damage":6,"enemies":"3 Louse","floor":12,"turns":4},{"damage":1,"enemies":"Large Slime","floor":13,"turns":5},{"damage":30,"enemies":"The Guardian","floor":16,"turns":11},{"damage":17,"enemies":"2 Thieves","floor":18,"turns":4},{"damage":6,"enemies":"Spheric Guardian","floor":20,"turns":5},{"damage":11,"enemies":"Snecko","floor":22,"turns":5},{"damage":20,"enemies":"Snake Plant","floor":24,"turns":4},{"damage":5,"enemies":"Book of Stabbing","floor":29,"turns":5},{"damage":0,"enemies":"Cultist and Chosen","floor":30,"turns":5},{"damage":14,"enemies":"3 Cultists","floor":31,"turns":5},{"damage":61,"enemies":"Automaton","floor":33,"turns":9},{"damage":21,"enemies":"3 Darklings","floor":35,"turns":6},{"damage":2,"enemies":"Orb Walker","floor":38,"turns":4},{"damage":26,"enemies":"Nemesis","floor":40,"turns":7},{"damage":26,"enemies":"Sphere and 2 Shapes","floor":41,"turns":6},{"damage":24,"enemies":"Giant Head","floor":44,"turns":7},{"damage":17,"enemies":"Writhing Mass","floor":48,"turns":6},{"damage":65,"enemies":"Awakened One","floor":50,"turns":8}],"seed_played":"-1386704431213415568","potions_obtained":[{"floor":5,"key":"Weak Potion"},{"floor":7,"key":"Block Potion"},{"floor":12,"key":"SmokeBomb"},{"floor":13,"key":"animator:FalseLifePotion"},{"floor":29,"key":"Fruit Juice"},{"floor":30,"key":"LiquidMemories"},{"floor":31,"key":"Explosive Potion"},{"floor":38,"key":"EssenceOfSteel"},{"floor":41,"key":"FearPotion"},{"floor":48,"key":"Energy Potion"}],"is_trial":false,"path_per_floor":["M","M","?","$","M","R","E","M","T","M","?","M","M","$","R","B",null,"M","?","M","?","M","R","M","?","T","R","?","E","M","M","R","B",null,"M","?","T","M","?","E","M","R","T","E","?","R","$","M","R","B",null],"character_chosen":"THE_ANIMATOR","items_purchased":["animator:PandorasActor","Regal Pillow","Orichalcum","animator:Emilia"],"campfire_rested":4,"item_purchase_floors":[14,47,47,47],"current_hp_per_floor":[66,66,66,66,65,65,33,33,33,16,16,12,17,17,39,9,75,58,58,52,52,41,41,21,21,21,42,42,40,48,37,37,28,76,55,55,55,56,81,56,36,36,36,23,23,47,47,39,80,36],"gold":36,"neow_bonus":"THREE_ENEMY_KILL","is_daily":false,"chose_seed":false,"campfire_upgraded":4,"win_rate":0.0,"timestamp":1609862957,"path_taken":["M","M","?","?","M","R","E","?","T","M","?","?","M","$","R","BOSS","M","?","M","?","M","R","M","?","T","R","?","E","M","M","R","BOSS","M","?","?","M","?","E","M","R","T","E","?","R","$","M","R","BOSS"],"items_purchased_type":["Card","Relic","Relic","Card"],"build_version":"2020-12-22","purchased_purges":3,"victory":true,"max_hp_per_floor":[66,66,66,66,66,66,66,68,68,70,70,72,75,75,75,75,75,75,75,75,75,75,75,71,71,71,71,71,71,76,76,76,76,76,76,76,76,76,82,82,82,82,82,82,82,82,82,88,88,88],"card_choices":[{"not_picked":["animator:KyokoSakura","animator:DolaCouronne","animator:AcuraAkari"],"picked":"SKIP","floor":1},{"not_picked":["animator:AcuraTooru","animator:MumenRider","animator:Ciel"],"picked":"SKIP","floor":2},{"not_picked":["animator:Guy","animator:Rena"],"picked":"animator:Witch","floor":5},{"not_picked":["animator:Cocytus","animator:Evileye"],"picked":"animator:Entoma","floor":7},{"not_picked":["animator:Tyuule","animator:Shuna","animator:Vesta"],"picked":"SKIP","floor":8},{"not_picked":["animator:HiiragiShinya","animator:Guy","animator:ChaikaBohdan"],"picked":"SKIP","floor":10},{"not_picked":["animator:Yuuichirou","animator:Tyuule"],"picked":"animator:MadokaKaname","floor":12},{"not_picked":["animator:Evileye","animator:Entoma"],"picked":"animator:NarberalGamma","floor":13},{"not_picked":["animator:Witch","animator:DolaCouronne"],"picked":"animator:PandorasActor","floor":18},{"not_picked":["animator:MumenRider+1","animator:Hakurou","animator:ChlammyZell"],"picked":"SKIP","floor":20},{"not_picked":["animator:DolaCouronne+1","animator:Entoma"],"picked":"animator:NarberalGamma+1","floor":22},{"not_picked":["animator:Sebas","animator:Cocytus"],"picked":"animator:SirTouchMe","floor":24},{"not_picked":["animator:Chung","animator:Sonic","animator:Bozes"],"picked":"SKIP","floor":29},{"not_picked":["animator:Mitsuba","animator:NagisaMomoe+1","animator:AcuraTooru"],"picked":"SKIP","floor":30},{"not_picked":["animator:Priestess","animator:Witch","animator:DolaSchwi+1"],"picked":"SKIP","floor":31},{"not_picked":["animator:PinaCoLada","animator:HomuraAkemi"],"picked":"animator:Rimuru","floor":33},{"not_picked":["animator:MamizouFutatsuiwa","animator:Kira"],"picked":"animator:Cirno","floor":36},{"not_picked":["animator:AcuraAkari","animator:AcuraTooru"],"picked":"animator:Souei+1","floor":38},{"not_picked":["animator:CrowleyEusford","animator:Kuribayashi+1","animator:Entoma"],"picked":"SKIP","floor":40},{"not_picked":["animator:CrowleyEusford","animator:Kuribayashi+1"],"picked":"animator:Entoma","floor":40},{"not_picked":["animator:NarberalGamma","animator:KrulTepes"],"picked":"animator:Sebas","floor":41},{"not_picked":["animator:YachiyoNanami+1","animator:Shalltear","animator:Cocytus"],"picked":"SKIP","floor":48}],"player_experience":277554,"relics_obtained":[{"floor":7,"key":"Lizard Tail"},{"floor":9,"key":"animator:BattleDrones"},{"floor":24,"key":"animator:CursedGlyph"},{"floor":26,"key":"animator:OldCoffin"},{"floor":29,"key":"Darkstone Periapt"},{"floor":37,"key":"InkBottle"},{"floor":40,"key":"Frozen Egg 2"},{"floor":43,"key":"Toy Ornithopter"}],"event_choices":[{"damage_healed":0,"gold_gain":0,"player_choice":"Rummage","damage_taken":0,"relics_obtained":["WarpedTongs"],"max_hp_gain":0,"max_hp_loss":0,"event_name":"Accursed Blacksmith","floor":3,"gold_loss":0,"cards_obtained":["Pain"]},{"damage_healed":0,"gold_gain":0,"player_choice":"Trade","damage_taken":0,"relics_obtained":["GremlinMask"],"max_hp_gain":0,"max_hp_loss":0,"event_name":"FaceTrader","floor":11,"gold_loss":0},{"cards_removed":["animator:Defend"],"damage_healed":0,"gold_gain":0,"player_choice":"Elegance","damage_taken":0,"max_hp_gain":0,"max_hp_loss":0,"event_name":"Back to Basics","floor":19,"gold_loss":0},{"damage_healed":0,"gold_gain":99,"player_choice":"Stole From Cult","damage_taken":0,"max_hp_gain":0,"max_hp_loss":0,"event_name":"Nest","floor":21,"gold_loss":0},{"damage_healed":0,"gold_gain":0,"cards_transformed":["animator:Strike","animator:Strike_Overlord"],"player_choice":"Became Test Subject","damage_taken":0,"max_hp_gain":0,"max_hp_loss":0,"event_name":"Drug Dealer","floor":25,"gold_loss":0,"cards_obtained":["animator:MadokaKaname","animator:Lelouch"]},{"damage_healed":0,"gold_gain":0,"player_choice":"Smashed Altar","damage_taken":0,"max_hp_gain":0,"max_hp_loss":0,"event_name":"Forgotten Altar","floor":28,"gold_loss":0,"cards_obtained":["Decay"]},{"damage_healed":0,"gold_gain":0,"player_choice":"Memory 1","damage_taken":0,"max_hp_gain":0,"max_hp_loss":0,"event_name":"SensoryStone","floor":36,"gold_loss":0},{"damage_healed":19,"gold_gain":0,"player_choice":"Writhe","damage_taken":0,"max_hp_gain":0,"max_hp_loss":0,"event_name":"Winding Halls","floor":39,"gold_loss":0,"cards_obtained":["Writhe"]},{"damage_healed":0,"gold_gain":0,"player_choice":"Ignored","damage_taken":0,"max_hp_gain":0,"max_hp_loss":0,"event_name":"Mysterious Sphere","floor":45,"gold_loss":0}],"is_beta":false,"boss_relics":[{"not_picked":["Cursed Key","Sozu"],"picked":"animator:RacePiece"},{"not_picked":["SacredBark","Tiny House"],"picked":"SlaversCollar"}],"items_purged_floors":[4,14,47],"is_endless":false,"potions_floor_spawned":[5,7,12,13,29,30,31,38,41,48],"ascension_level":4}}