{"host":"jpcy2bclvs7juczu","time":1609850985,"event":{"mods":["AchievementEnabler","Alarm Clock","BaseMod","Block Reminder","Colored Map","Colored Powertips","Curses Come First","Minty Spire (QoL Compilation)","Quick Restart","RNG Fix","Relic Stats","StSLib","ojb\u0027s Better Paths Mod","ojb\u0027s Info Mod","slay the spire mod where everything is the same but ironclad has a cowboy hat"],"gold_per_floor":[115,134,146,146,158,185,185,220,243,243,23,53,68,15,15,87,87,106,125,125,40,52,85,85,115,166,166,6,6,16,47,47,126,126,141,141,0,0,15,47,47,381,407,407,418,418,209,209,209,209,209,209],"floor_reached":51,"playtime":2327,"items_purged":["Writhe"],"score":1438,"play_id":"31c2e5b4-aa47-4a83-8e46-3b9b0f287179","local_time":"20210105124945","is_ascension_mode":true,"campfire_choices":[{"data":"Endless Agony","floor":7.0,"key":"SMITH"},{"data":"Choke","floor":15.0,"key":"SMITH"},{"data":"Venomology","floor":24.0,"key":"SMITH"},{"floor":27.0,"key":"REST"},{"data":"Deflect","floor":29.0,"key":"SMITH"},{"data":"Neutralize","floor":32.0,"key":"SMITH"},{"floor":41.0,"key":"REST"},{"floor":46.0,"key":"RECALL"},{"floor":49.0,"key":"REST"}],"circlet_count":0,"master_deck":["AscendersBane","Strike_G","Strike_G","Strike_G","Strike_G","Strike_G","Defend_G","Defend_G","Defend_G","Defend_G","Defend_G","Survivor","Neutralize+1","Choke+1","Poisoned Stab","Noxious Fumes+1","Venomology+1","Skewer+1","Acrobatics","Deflect+1","Noxious Fumes+1","Riddle With Holes","Die Die Die","Adrenaline","Night Terror","Noxious Fumes+1","Outmaneuver","Acrobatics","Bouncing Flask","Deflect","Backflip"],"relics":["SacredBark","PreservedInsect","Ancient Tea Set","Akabeko","Bag of Preparation","Nunchaku","SlaversCollar","Pantograph","Frozen Egg 2","Calipers","Snake Skull","Toy Ornithopter","Bottled Tornado","Fusion Hammer","Red Mask","Mummified Hand","Old Coin","Shuriken"],"acts_visited":["Exordium","TheCity","TheBeyond"],"potions_floor_usage":[51,51],"damage_taken":[{"damage":0.0,"enemies":"2 Louse","floor":1.0,"turns":3.0},{"damage":5.0,"enemies":"Small Slimes","floor":2.0,"turns":5.0},{"damage":0.0,"enemies":"Cultist","floor":3.0,"turns":3.0},{"damage":11.0,"enemies":"Lots of Slimes","floor":5.0,"turns":7.0},{"damage":7.0,"enemies":"Lagavulin","floor":6.0,"turns":4.0},{"damage":20.0,"enemies":"3 Sentries","floor":8.0,"turns":8.0},{"damage":18.0,"enemies":"Exordium Thugs","floor":13.0,"turns":4.0},{"damage":2.0,"enemies":"Slime Boss","floor":16.0,"turns":7.0},{"damage":0.0,"enemies":"Chosen","floor":18.0,"turns":3.0},{"damage":0.0,"enemies":"2 Thieves","floor":19.0,"turns":1.0},{"damage":5.0,"enemies":"Snecko","floor":22.0,"turns":3.0},{"damage":14.0,"enemies":"Slavers","floor":23.0,"turns":4.0},{"damage":16.0,"enemies":"Gremlin Leader","floor":25.0,"turns":5.0},{"damage":8.0,"enemies":"Centurion and Healer","floor":30.0,"turns":5.0},{"damage":16.0,"enemies":"Book of Stabbing","floor":31.0,"turns":3.0},{"damage":50.0,"enemies":"Champ","floor":33.0,"turns":13.0},{"damage":6.0,"enemies":"3 Shapes","floor":35.0,"turns":4.0},{"damage":21.0,"enemies":"3 Darklings","floor":39.0,"turns":3.0},{"damage":29.0,"enemies":"Nemesis","floor":40.0,"turns":5.0},{"damage":84.0,"enemies":"Giant Head","floor":42.0,"turns":7.0},{"damage":34.0,"enemies":"Maw","floor":45.0,"turns":7.0},{"damage":72.0,"enemies":"Donu and Deca","floor":50.0,"turns":7.0},{"damage":107,"enemies":"Awakened One","floor":51,"turns":11}],"seed_played":"2428312210586754236","potions_obtained":[{"floor":3.0,"key":"SteroidPotion"},{"floor":5.0,"key":"SkillPotion"},{"floor":16.0,"key":"Fire Potion"},{"floor":19.0,"key":"FearPotion"},{"floor":25.0,"key":"Explosive Potion"},{"floor":31.0,"key":"Ancient Potion"},{"floor":39.0,"key":"SkillPotion"},{"floor":42.0,"key":"Regen Potion"},{"floor":45.0,"key":"SteroidPotion"}],"is_trial":false,"path_per_floor":["M","M","M","?","M","E","R","E","T","?","$","?","M","$","R","B",null,"M","M","?","?","M","E","R","E","T","R","$","R","M","E","R","B",null,"M","?","?","$","M","E","R","E","T","?","M","R","$","T","R","B","B"],"character_chosen":"THE_SILENT","items_purchased":["Bag of Preparation","AttackPotion","PowerPotion","Toy Ornithopter","SpeedPotion","Deflect","Backflip"],"campfire_rested":3,"item_purchase_floors":[11,11,14,28,47,47,47],"current_hp_per_floor":[59,54,54,59,48,41,41,21,21,21,21,21,3,3,3,1,54,54,54,54,54,49,35,35,19,19,40,40,40,32,21,21,11,56,50,50,50,50,34,15,36,10,10,24,49,49,49,49,70,9,0,0],"gold":209,"neow_bonus":"BOSS_RELIC","is_daily":false,"chose_seed":false,"campfire_upgraded":5,"win_rate":0.0,"timestamp":1609850985,"path_taken":["M","M","M","?","M","E","R","E","T","?","$","?","M","?","R","BOSS","M","M","?","?","M","E","R","E","T","R","$","R","M","E","R","BOSS","M","?","?","?","M","E","R","E","T","?","M","R","$","?","R","BOSS","BOSS"],"items_purchased_type":["Relic","Potion","Potion","Relic","Potion","Card","Card"],"build_version":"2020-12-22","purchased_purges":1,"victory":false,"max_hp_per_floor":[66,66,66,71,71,71,71,71,71,71,71,71,71,71,71,71,71,71,71,71,71,71,71,71,71,71,71,71,71,71,71,71,71,71,71,71,71,71,71,71,71,71,71,71,71,71,71,71,71,71,71,71],"relic_stats":{"Nunchaku":[20],"counters":[23,122],"Mummified Hand":[15],"Shuriken":[6],"Pantograph":51,"PreservedInsect":346,"Snake Skull":[79],"Bag of Preparation":[34],"obtain_stats":[{"Calipers":25,"SacredBark":0,"PreservedInsect":6,"Snake Skull":26,"Bag of Preparation":11,"Frozen Egg 2":23,"Bottled Tornado":31,"Ancient Tea Set":8,"Akabeko":9,"Old Coin":42,"SlaversCollar":17,"Nunchaku":12,"Mummified Hand":40,"Shuriken":48,"Pantograph":21,"Fusion Hammer":34,"Red Mask":37,"Toy Ornithopter":28,"Ring of the Snake":0},{"Calipers":13,"SacredBark":0,"PreservedInsect":5,"Snake Skull":13,"Bag of Preparation":6,"Frozen Egg 2":12,"Bottled Tornado":15,"Ancient Tea Set":6,"Akabeko":6,"Old Coin":20,"SlaversCollar":8,"Nunchaku":6,"Mummified Hand":19,"Shuriken":21,"Pantograph":10,"Fusion Hammer":16,"Red Mask":17,"Toy Ornithopter":13,"Ring of the Snake":0},{"Calipers":57,"SacredBark":0,"PreservedInsect":22,"Snake Skull":57,"Bag of Preparation":30,"Frozen Egg 2":52,"Bottled Tornado":65,"Ancient Tea Set":30,"Akabeko":30,"Old Coin":97,"SlaversCollar":41,"Nunchaku":30,"Mummified Hand":90,"Shuriken":104,"Pantograph":45,"Fusion Hammer":78,"Red Mask":82,"Toy Ornithopter":57,"Ring of the Snake":0}],"Toy Ornithopter":70},"card_choices":[{"not_picked":["Backflip","Blur"],"picked":"Choke","floor":1.0},{"not_picked":["Setup","Flying Knee"],"picked":"Endless Agony","floor":2.0},{"not_picked":["Acrobatics","Dodge and Roll","Deflect"],"picked":"SKIP","floor":3.0},{"not_picked":["Dodge and Roll","Reflex","Caltrops"],"picked":"SKIP","floor":5.0},{"not_picked":["Flying Knee","Calculated Gamble"],"picked":"Poisoned Stab","floor":6.0},{"not_picked":["Underhanded Strike","Flying Knee"],"picked":"Noxious Fumes","floor":8.0},{"not_picked":["Setup","Deadly Poison","Blur"],"picked":"SKIP","floor":13.0},{"not_picked":["A Thousand Cuts","Corpse Explosion"],"picked":"Venomology","floor":16.0},{"not_picked":["Cloak And Dagger","Terror"],"picked":"Skewer+1","floor":18.0},{"not_picked":["Flying Knee","Skewer"],"picked":"Acrobatics","floor":19.0},{"not_picked":["Setup","Slice"],"picked":"Deflect","floor":22.0},{"not_picked":["Prepared","Outmaneuver"],"picked":"Noxious Fumes+1","floor":23.0},{"not_picked":["Flying Knee","Acrobatics"],"picked":"Riddle With Holes","floor":25.0},{"not_picked":["Dodge and Roll","Accuracy+1"],"picked":"Die Die Die","floor":30.0},{"not_picked":["Finisher+1","Skewer+1"],"picked":"Adrenaline","floor":31.0},{"not_picked":["Bullet Time","Unload"],"picked":"Night Terror","floor":33.0},{"not_picked":["Finisher","Choke"],"picked":"Noxious Fumes+1","floor":35.0},{"not_picked":["Acrobatics","Slice+1"],"picked":"Outmaneuver","floor":39.0},{"not_picked":["Reflex","Bane","Finisher"],"picked":"SKIP","floor":40.0},{"not_picked":["Distraction+1","Skewer+1"],"picked":"Acrobatics","floor":42.0},{"not_picked":["Backstab","Poisoned Stab"],"picked":"Bouncing Flask","floor":45.0}],"player_experience":366362,"relics_obtained":[{"floor":6.0,"key":"PreservedInsect"},{"floor":8.0,"key":"Ancient Tea Set"},{"floor":9.0,"key":"Akabeko"},{"floor":23.0,"key":"Frozen Egg 2"},{"floor":25.0,"key":"Calipers"},{"floor":26.0,"key":"Snake Skull"},{"floor":31.0,"key":"Bottled Tornado"},{"floor":40.0,"key":"Mummified Hand"},{"floor":42.0,"key":"Old Coin"},{"floor":48.0,"key":"Shuriken"}],"event_choices":[{"damage_healed":0.0,"max_hp_gain":5.0,"max_hp_loss":0.0,"gold_gain":0.0,"event_name":"Big Fish","player_choice":"Donut","floor":4.0,"gold_loss":0.0,"damage_taken":0.0},{"damage_healed":0.0,"max_hp_gain":0.0,"max_hp_loss":0.0,"gold_gain":0.0,"event_name":"Living Wall","player_choice":"Grow","floor":10.0,"gold_loss":0.0,"damage_taken":0.0,"cards_upgraded":["Noxious Fumes"]},{"damage_healed":0.0,"max_hp_gain":0.0,"max_hp_loss":0.0,"gold_gain":30.0,"event_name":"Dead Adventurer","player_choice":"Searched \u00273\u0027 times","floor":12.0,"gold_loss":0.0,"damage_taken":0.0,"relics_obtained":["Nunchaku"]},{"damage_healed":0.0,"max_hp_gain":0.0,"max_hp_loss":0.0,"gold_gain":0.0,"event_name":"N\u0027loth","player_choice":"Ignored","floor":20.0,"gold_loss":0.0,"damage_taken":0.0},{"damage_healed":0.0,"max_hp_gain":0.0,"max_hp_loss":0.0,"gold_gain":0.0,"event_name":"Addict","player_choice":"Obtained Relic","floor":21.0,"gold_loss":85.0,"damage_taken":0.0,"relics_obtained":["Pantograph"]},{"cards_removed":["Endless Agony"],"damage_healed":0.0,"max_hp_gain":0.0,"max_hp_loss":0.0,"gold_gain":0.0,"event_name":"Falling","player_choice":"Removed Attack","floor":36.0,"gold_loss":0.0,"damage_taken":0.0},{"damage_healed":0.0,"max_hp_gain":0.0,"max_hp_loss":0.0,"gold_gain":0.0,"event_name":"Tomb of Lord Red Mask","player_choice":"Paid","floor":37.0,"gold_loss":141.0,"damage_taken":0.0,"relics_obtained":["Red Mask"]},{"damage_healed":14.0,"max_hp_gain":0.0,"max_hp_loss":0.0,"gold_gain":0.0,"event_name":"Winding Halls","player_choice":"Writhe","floor":44.0,"gold_loss":0.0,"damage_taken":0.0,"cards_obtained":["Writhe"]}],"is_beta":false,"boss_relics":[{"not_picked":["Busted Crown","Tiny House"],"picked":"SlaversCollar"},{"not_picked":["Black Star","Sozu"],"picked":"Fusion Hammer"}],"items_purged_floors":[47],"is_endless":false,"potions_floor_spawned":[3,5,16,19,25,30,31,39,42,45],"killed_by":"Awakened One","ascension_level":20}}