{"host":"7sy3dyg71hje4mzx","time":1609849533,"event":{"mods":["BaseMod","Downfall","Minty Spire (QoL Compilation)","StSLib"],"gold_per_floor":[0,17,31,49,149,149,173,173,173,173,189,201,217,232,245,348,348,348,364,57,69,81,12,12,112,112,112,112],"floor_reached":26,"playtime":2036,"items_purged":[],"score":227,"play_id":"75ea06b5-ed62-4d46-ac11-6a9b1c65e1df","local_time":"20210105232533","is_ascension_mode":false,"campfire_choices":[{"data":"Guardian:TimeSifter","floor":1,"key":"SMITH"},{"data":"Guardian:ShieldSpikes","floor":6,"key":"SMITH"},{"data":"Guardian:PrismaticBarrier","floor":9,"key":"SMITH"},{"data":"Guardian:BaubleBeam","floor":18,"key":"SMITH"}],"circlet_count":0,"master_deck":["Guardian:Strike_Guardian","Guardian:Strike_Guardian","Guardian:Strike_Guardian","Guardian:Strike_Guardian","Guardian:Defend_Guardian","Guardian:Defend_Guardian","Guardian:Defend_Guardian","Guardian:Defend_Guardian","Guardian:CurlUp","Guardian:TwinSlam","Guardian:TimeSifter+1","Guardian:PrismaticBarrier+1","Guardian:ShieldSpikes+1","Guardian:PrimingBeam","Guardian:PrimingBeam","Guardian:Preprogram","Guardian:AncientConstruct","Guardian:BaubleBeam+1","Guardian:Reroute","Guardian:Planning","Guardian:Reroute","Guardian:Gem_White","Guardian:PrimingBeam+1","Guardian:TemporalStrike+1","Guardian:TimeCapacitor","Guardian:Gem_Red","Guardian:SpikerProtocol+1"],"relics":["Guardian:ModeShifter","Blood Vial","Oddly Smooth Stone","SlaversCollar","Prayer Wheel","Pear","Torii","Eternal Feather"],"acts_visited":["Exordium","TheCity"],"potions_floor_usage":[14,19,22,26,26],"damage_taken":[{"damage":5,"enemies":"Cultist","floor":2,"turns":5},{"damage":5,"enemies":"2 Louse","floor":3,"turns":2},{"damage":1,"enemies":"Jaw Worm","floor":4,"turns":6},{"damage":13,"enemies":"Exordium Wildlife","floor":11,"turns":9},{"damage":1,"enemies":"2 Fungi Beasts","floor":12,"turns":4},{"damage":0,"enemies":"Large Slime","floor":13,"turns":8},{"damage":8,"enemies":"Gremlin Gang","floor":14,"turns":7},{"damage":0,"enemies":"2 Fungi Beasts","floor":15,"turns":4},{"damage":18,"enemies":"downfall:Watcher","floor":16,"turns":12},{"damage":11,"enemies":"Shell Parasite","floor":19,"turns":9},{"damage":0,"enemies":"downfall:FleeingMerchant","floor":20,"turns":4},{"damage":9,"enemies":"Spheric Guardian","floor":21,"turns":7},{"damage":33,"enemies":"Shelled Parasite and Fungi","floor":22,"turns":6},{"damage":15,"enemies":"downfall:FleeingMerchant","floor":23,"turns":4},{"damage":35,"enemies":"Colosseum Nobs","floor":25,"turns":8},{"damage":9,"enemies":"Chosen and Byrds","floor":26,"turns":4}],"seed_played":"-1837361915992858043","potions_obtained":[{"floor":4,"key":"Explosive Potion"},{"floor":11,"key":"LiquidMemories"},{"floor":21,"key":"Guardian:AcceleratePotion"},{"floor":22,"key":"LiquidBronze"},{"floor":25,"key":"DistilledChaos"}],"is_trial":false,"path_per_floor":["R","M","M","M","?","R","T","?","R","?","M","M","M","M","M","B",null,"R","M","$","M","M","$","T","?","M"],"character_chosen":"GUARDIAN","items_purchased":["Prayer Wheel","Guardian:Gem_Red"],"campfire_rested":0,"item_purchase_floors":[20,23],"current_hp_per_floor":[80,75,70,69,69,69,69,74,74,67,56,57,59,53,55,39,85,85,74,76,69,38,25,35,2,0,0,0],"gold":112,"neow_bonus":"THREE_RARE_CARDS","is_daily":false,"chose_seed":false,"campfire_upgraded":4,"win_rate":0.0,"timestamp":1609849533,"path_taken":["R","M","?","M","?","R","T","?","R","?","M","M","M","M","M","BOSS","R","M","$","M","M","$","T","?","M"],"items_purchased_type":["Relic","Card"],"build_version":"2020-12-22","purchased_purges":0,"victory":false,"max_hp_per_floor":[80,80,80,80,80,80,80,85,85,85,85,85,85,85,85,85,85,85,85,85,85,85,85,95,95,95,95,95],"card_choices":[{"not_picked":["Guardian:AncientConstruct","Guardian:StasisField"],"picked":"Guardian:TimeSifter","floor":0},{"not_picked":["Guardian:PiercingHide","Guardian:SpikerProtocol"],"picked":"Guardian:PrismaticBarrier","floor":2},{"not_picked":["Guardian:Recover","Guardian:ChargeCore","Guardian:RollAttack"],"picked":"SKIP","floor":3},{"not_picked":["Guardian:Suspension","Guardian:TimeBomb"],"picked":"Guardian:ShieldSpikes","floor":4},{"not_picked":["Guardian:Gem_Fragmented","Guardian:Gem_White"],"picked":"Guardian:PrimingBeam","floor":11},{"not_picked":["Guardian:TemporalStrike","Guardian:TemporalShield"],"picked":"Guardian:Gem_Green","floor":12},{"not_picked":["Guardian:VentSteam","Guardian:SpikerProtocol"],"picked":"Guardian:PrimingBeam","floor":13},{"not_picked":["Guardian:TemporalStrike","Guardian:WalkerClaw"],"picked":"Guardian:Preprogram","floor":14},{"not_picked":["Guardian:Clone","Guardian:PiercingHide"],"picked":"Guardian:AncientConstruct","floor":15},{"not_picked":["Guardian:ExploitGems","Guardian:HyperBeam_Guardian"],"picked":"Guardian:BaubleBeam","floor":16},{"not_picked":["Guardian:RollAttack","Guardian:Incinerate"],"picked":"Guardian:Reroute","floor":19},{"not_picked":["Guardian:VentSteam","Guardian:ShieldCharger+1"],"picked":"Guardian:Planning","floor":20},{"not_picked":["Guardian:Planning","Guardian:Gem_White"],"picked":"Guardian:Reroute","floor":21},{"not_picked":["Guardian:Gem_Cyan","Guardian:ShieldSpikes"],"picked":"Guardian:Gem_White","floor":21},{"not_picked":["Guardian:TimeBomb","Guardian:SpikerProtocol+1"],"picked":"Guardian:PrimingBeam+1","floor":22},{"not_picked":["Guardian:Gem_Fragmented","Guardian:VentSteam"],"picked":"Guardian:TemporalStrike+1","floor":22},{"not_picked":["Guardian:Suspension","Guardian:PrimingBeam+1"],"picked":"Guardian:TimeCapacitor","floor":23},{"not_picked":["Guardian:TimeBomb","Guardian:PrimingBeam"],"picked":"Guardian:SpikerProtocol+1","floor":25}],"player_experience":168078,"relics_obtained":[{"floor":7,"key":"Blood Vial"},{"floor":24,"key":"Pear"},{"floor":25,"key":"Torii"},{"floor":25,"key":"Eternal Feather"}],"event_choices":[{"damage_healed":0,"gold_gain":0,"player_choice":"Donut","damage_taken":0,"max_hp_gain":5,"max_hp_loss":0,"event_name":"Big Fish","floor":8,"gold_loss":0},{"damage_healed":0,"gold_gain":0,"player_choice":"Success","damage_taken":7,"relics_obtained":["Oddly Smooth Stone"],"max_hp_gain":0,"max_hp_loss":0,"event_name":"Scrap Ooze","floor":10,"gold_loss":0}],"is_beta":false,"boss_relics":[{"not_picked":["Empty Cage","Pandora\u0027s Box"],"picked":"SlaversCollar"}],"items_purged_floors":[],"is_endless":false,"potions_floor_spawned":[4,11,21,22,25],"killed_by":"Chosen and Byrds","ascension_level":0}}