{"host":"kmq7aw60w430zvtx","time":1609854288,"event":{"mods":["BaseMod","Downfall","GifTheSpireLib","Hermit","Hubris","Minty Spire (QoL Compilation)","Replay The Spire","StSLib","The Construct","The Cursed","The Hierophant","The Jungle","The Necromancer","The Runesmith"],"gold_per_floor":[118,118,131,131,146,182,182,205,229,252,285,285,303,319,319,442,442,460,460,85,105,118,118,18,61,88,88,113,113,154,172,172,296,359,380,405,104,204,219,219,242,17,17,17,350,364,377,394,394,394,394],"floor_reached":50,"playtime":2906,"items_purged":["Strike_R","Injury"],"score":673,"play_id":"01fd824f-75d7-4fbd-9e28-a6f81e3a3b08","local_time":"20210105144448","is_ascension_mode":true,"campfire_choices":[{"floor":7.0,"key":"RECALL"},{"floor":12.0,"key":"REST"},{"floor":15.0,"key":"REST"},{"data":"Specialist","floor":23.0,"key":"SMITH"},{"floor":27.0,"key":"REST"},{"floor":29.0,"key":"REST"},{"floor":32.0,"key":"REST"},{"data":"Juggernaut","floor":40.0,"key":"SMITH"},{"floor":44.0,"key":"REST"},{"floor":49,"key":"REST"}],"circlet_count":0,"master_deck":["Strike_R","Strike_R","Strike_R","Strike_R","Defend_R","Defend_R","Defend_R+1","Defend_R","Bash","Specialist+1","Anger+1","Uppercut","Rampage","Armaments","hubris:CleavingFinish","Battle Trance","Juggernaut+1","Replay:Undeath\u0027s Touch","Shrug It Off","Juggernaut","Flame Barrier","Shrug It Off","Flame Barrier","Clothesline+1","Replay:Undeath\u0027s Touch","Flame Barrier","Headbutt+1","Impervious","Anger+1","Thunderclap+1","Dropkick+1","hubris:StunningStrike+1","Pommel Strike+1","Body Slam+1","ReplayTheSpireMod:Stacked","Pommel Strike+1","Intimidate","Disarm"],"relics":["Burning Blood","Boot","ReplayTheSpireMod:TigerMarble","ReplayFunnel","Replay:Fungal Core","Mango","Red Skull","Molten Egg 2","Tiny House","ClockworkSouvenir","TheAbacus","Oddly Smooth Stone"],"acts_visited":["Exordium","TheCity","TheBeyond"],"potions_floor_usage":[47,50],"damage_taken":[{"damage":4.0,"enemies":"Small Slimes","floor":1.0,"turns":5.0},{"damage":6.0,"enemies":"Cultist","floor":3.0,"turns":3.0},{"damage":2.0,"enemies":"2 Louse","floor":5.0,"turns":2.0},{"damage":42.0,"enemies":"Gremlin Nob","floor":6.0,"turns":5.0},{"damage":0.0,"enemies":"Large Slime","floor":8.0,"turns":5.0},{"damage":22.0,"enemies":"Exordium Thugs","floor":10.0,"turns":4.0},{"damage":20.0,"enemies":"Lagavulin","floor":11.0,"turns":5.0},{"damage":8.0,"enemies":"Blue Slaver","floor":13.0,"turns":2.0},{"damage":3.0,"enemies":"Looter","floor":14.0,"turns":2.0},{"damage":10.0,"enemies":"Slime Boss","floor":16.0,"turns":9.0},{"damage":1.0,"enemies":"Spheric Guardian","floor":18.0,"turns":3.0},{"damage":13.0,"enemies":"Shell Parasite","floor":21.0,"turns":5.0},{"damage":27.0,"enemies":"Snecko","floor":22.0,"turns":6.0},{"damage":84.0,"enemies":"Gremlin Leader","floor":25.0,"turns":7.0},{"damage":22.0,"enemies":"Cultist and Chosen","floor":28.0,"turns":6.0},{"damage":19.0,"enemies":"Slavers","floor":30.0,"turns":3.0},{"damage":6.0,"enemies":"Snake Plant","floor":31.0,"turns":3.0},{"damage":42.0,"enemies":"hubris:MusketHawk","floor":33.0,"turns":7.0},{"damage":0.0,"enemies":"Orb Walker","floor":35.0,"turns":3.0},{"damage":24.0,"enemies":"3 Darklings","floor":36.0,"turns":4.0},{"damage":24.0,"enemies":"Jaw Worm Horde","floor":39.0,"turns":6.0},{"damage":24.0,"enemies":"Maw","floor":41.0,"turns":8.0},{"damage":51.0,"enemies":"Writhing Mass","floor":46.0,"turns":7.0},{"damage":22,"enemies":"Jaw Worm Horde","floor":47,"turns":5},{"damage":0,"enemies":"4 Shapes","floor":48,"turns":5},{"damage":65,"enemies":"Donu and Deca","floor":50,"turns":6}],"seed_played":"5313737583808343304","potions_obtained":[{"floor":1.0,"key":"Milkshake"},{"floor":6.0,"key":"EntropicBrew"},{"floor":8.0,"key":"Swift Potion"},{"floor":11.0,"key":"Guardian:BlockOnCardUsePotion"},{"floor":16.0,"key":"BlessingOfTheForge"},{"floor":25.0,"key":"Cursed Concoction"},{"floor":28.0,"key":"SteroidPotion"},{"floor":31.0,"key":"champ:CounterPotion"},{"floor":34.0,"key":"Venom Potion"},{"floor":36.0,"key":"Dexterity Potion"},{"floor":39.0,"key":"ColorlessPotion"}],"is_trial":false,"path_per_floor":["M","?","M","?","M","E","R","M","T","M","E","R","M","M","R","B",null,"M","?","$","M","M","R","$","E","T","R","M","R","E","M","R","B",null,"M","M","$","?","M","R","M","$","T","R","?","M","M","M","R","B"],"character_chosen":"IRONCLAD","items_purchased":["Mango","hubris:StunningStrike+1","ClockworkSouvenir","ReplayTheSpireMod:Stacked","TheAbacus"],"campfire_rested":7,"item_purchase_floors":[20,37,37,42,42],"current_hp_per_floor":[80,80,80,80,80,44,44,50,50,34,20,44,42,45,69,65,80,80,80,94,87,66,66,66,16,16,44,28,56,43,47,75,39,99,99,81,81,81,63,63,45,45,45,74,74,29,13,19,48,0,0],"gold":394,"neow_bonus":"RANDOM_COLORLESS","is_daily":false,"chose_seed":false,"campfire_upgraded":2,"win_rate":0.0,"timestamp":1609854288,"path_taken":["M","?","?","?","M","E","R","M","T","M","E","R","M","M","R","BOSS","M","?","$","M","M","R","?","E","T","R","M","R","E","M","R","BOSS","M","M","$","?","M","R","M","?","T","R","?","M","M","M","R","BOSS"],"items_purchased_type":["Relic","Card","Relic","Card","Relic"],"build_version":"2020-12-22","purchased_purges":2,"victory":false,"max_hp_per_floor":[80,80,80,80,80,80,80,80,80,80,80,80,80,80,80,80,80,80,80,94,94,94,94,94,94,94,94,94,94,94,94,94,94,99,99,99,99,99,99,99,99,99,99,99,99,99,99,99,99,99,99],"card_choices":[{"not_picked":["Impatience","expansioncontent:GoopSpray"],"picked":"Specialist","floor":0.0},{"not_picked":["hubris:ReadiedAction","Havoc"],"picked":"Anger","floor":1.0},{"not_picked":["Whirlwind","ReplayTheSpireMod:Strike From Hell"],"picked":"Uppercut","floor":3.0},{"not_picked":["Run Through","hubris:CleavingFinish"],"picked":"Rampage","floor":5.0},{"not_picked":["Anger","Replay:Undeath\u0027s Touch"],"picked":"Armaments","floor":6.0},{"not_picked":["Replay:Undeath\u0027s Touch","Clash"],"picked":"hubris:CleavingFinish","floor":8.0},{"not_picked":["Anger","Pummel"],"picked":"Battle Trance","floor":10.0},{"not_picked":["Exhume","Cleave"],"picked":"Juggernaut","floor":11.0},{"not_picked":["Flex","Thunderclap"],"picked":"Replay:Undeath\u0027s Touch","floor":13.0},{"not_picked":["Bloodletting","Feel No Pain"],"picked":"Shrug It Off","floor":14.0},{"not_picked":["Offering","Feed"],"picked":"Juggernaut","floor":16.0},{"not_picked":["Cleave","Replay:Undeath\u0027s Touch"],"picked":"Flame Barrier","floor":18.0},{"not_picked":["Perfected Strike","Sentinel"],"picked":"Shrug It Off","floor":21.0},{"not_picked":["Heavy Blade","Run Through+1"],"picked":"Flame Barrier","floor":22.0},{"not_picked":["ReplayTheSpireMod:Corrosion Curse","Twin Strike"],"picked":"Clothesline+1","floor":25.0},{"not_picked":["Power Through","Run Through"],"picked":"Replay:Undeath\u0027s Touch","floor":28.0},{"not_picked":["Clothesline+1","Seeing Red"],"picked":"Flame Barrier","floor":30.0},{"not_picked":["Second Wind","Thunderclap+1"],"picked":"Headbutt+1","floor":31.0},{"not_picked":["Demonic Infusion","Demon Form"],"picked":"Impervious","floor":33.0},{"not_picked":["Blood for Blood+1","Dark Embrace"],"picked":"Anger+1","floor":34.0},{"not_picked":["Shrug It Off","Anger+1"],"picked":"Thunderclap+1","floor":35.0},{"not_picked":["ReplayTheSpireMod:Strike From Hell+1","Shrug It Off"],"picked":"Dropkick+1","floor":36.0},{"not_picked":["Cleave+1","Run Through+1"],"picked":"Pommel Strike+1","floor":39.0},{"not_picked":["Clash+1","Limit Break"],"picked":"Body Slam+1","floor":41.0},{"not_picked":["Reckless Charge+1","Shockwave"],"picked":"Pommel Strike+1","floor":46.0},{"not_picked":["Twin Strike+1","ReplayTheSpireMod:Strike From Hell+1"],"picked":"Intimidate","floor":47},{"not_picked":["Thunderclap+1","Evolve"],"picked":"Disarm","floor":48}],"player_experience":273994,"relics_obtained":[{"floor":6.0,"key":"Boot"},{"floor":9.0,"key":"ReplayTheSpireMod:TigerMarble"},{"floor":11.0,"key":"ReplayFunnel"},{"floor":25.0,"key":"Red Skull"},{"floor":30.0,"key":"Molten Egg 2"},{"floor":43.0,"key":"Oddly Smooth Stone"}],"event_choices":[{"damage_healed":0.0,"max_hp_gain":0.0,"max_hp_loss":0.0,"gold_gain":0.0,"event_name":"Upgrade Shrine","player_choice":"Upgraded","floor":2.0,"gold_loss":0.0,"damage_taken":0.0,"cards_upgraded":["Anger"]},{"damage_healed":0.0,"max_hp_gain":0.0,"max_hp_loss":0.0,"gold_gain":0.0,"event_name":"Golden Idol","player_choice":"Take Wound","floor":4.0,"gold_loss":0.0,"damage_taken":0.0,"relics_obtained":["Golden Idol"],"cards_obtained":["Injury"]},{"damage_healed":0.0,"max_hp_gain":0.0,"max_hp_loss":0.0,"gold_gain":0.0,"event_name":"Match and Keep!","player_choice":"0 cards matched","floor":19.0,"gold_loss":0.0,"damage_taken":0.0,"cards_obtained":[]},{"damage_healed":0.0,"max_hp_gain":0.0,"max_hp_loss":0.0,"gold_gain":100.0,"event_name":"Golden Shrine","player_choice":"Pray","floor":38.0,"gold_loss":0.0,"damage_taken":0.0},{"damage_healed":0.0,"max_hp_gain":0.0,"max_hp_loss":0.0,"gold_gain":333.0,"event_name":"The Moai Head","player_choice":"Gave Idol","floor":45.0,"relics_lost":["Golden Idol"],"gold_loss":0.0,"damage_taken":0.0}],"is_beta":false,"boss_relics":[{"not_picked":["Astrolabe","Honey Jar"],"picked":"Replay:Fungal Core"},{"not_picked":["Sozu","Runic Pyramid"],"picked":"Tiny House"}],"items_purged_floors":[20,24],"is_endless":false,"potions_floor_spawned":[1,6,8,11,14,16,25,28,31,36,39,41,47],"killed_by":"Donu and Deca","ascension_level":4}}