{"host":"tw7a6rmo9h75ssrt","time":1609810814,"event":{"mods":["AchievementEnabler","Act Like it!","BaseMod","Colored Map","Highlight Path","Minty Spire (QoL Compilation)","Permanent Neow","Quick Restart","Relic Stats","SuperFastMode"],"gold_per_floor":[118,118,118,136,61,61,86,105,105,148,148,163,163,163,163,294,294,315,215,215,234,159,159,159,183,183,183,221,221,236,236,236,366,366,386,411,371,97,111,111,142,142,142,142,181,201,215,238,238,238],"floor_reached":51,"playtime":2616,"items_purged":["Strike_R","Defend_R","Second Wind+1"],"score":960,"play_id":"9cd037d6-af8f-494b-ba9a-1ca859bbdf9c","local_time":"20210105094014","is_ascension_mode":true,"campfire_choices":[{"data":"Second Wind","floor":6.0,"key":"SMITH"},{"floor":11.0,"key":"REST"},{"data":"Blood for Blood","floor":13.0,"key":"SMITH"},{"data":"Hemokinesis","floor":15.0,"key":"SMITH"},{"floor":24.0,"key":"REST"},{"data":"Battle Trance","floor":27.0,"key":"SMITH"},{"data":"Dual Wield","floor":29.0,"key":"SMITH"},{"data":"Inflame","floor":32.0,"key":"SMITH"},{"data":"Bash","floor":40.0,"key":"SMITH"},{"data":"Seeing Red","floor":42.0,"key":"SMITH"},{"floor":44.0,"key":"REST"},{"floor":49.0,"key":"REST"}],"circlet_count":0,"master_deck":["Defend_R","Defend_R","Bash+1","Hemokinesis+1","Dual Wield+1","Ghostly Armor+1","Blood for Blood+1","Limit Break+1","Ghostly Armor+1","Carnage+1","Inflame+1","Battle Trance+1","Rupture+1","Brutality+1","Seeing Red+1"],"relics":["Burning Blood","NeowsBlessing","Golden Idol","Nunchaku","Matryoshka","Astrolabe","War Paint","Eternal Feather","White Beast Statue","Red Mask","Empty Cage","Anchor","PreservedInsect","Toy Ornithopter","Incense Burner","Bag of Marbles"],"acts_visited":["Exordium","TheCity","TheBeyond"],"potions_floor_usage":[50,50,50],"damage_taken":[{"damage":0.0,"enemies":"Small Slimes","floor":1.0,"turns":1.0},{"damage":0.0,"enemies":"Jaw Worm","floor":4.0,"turns":1.0},{"damage":0.0,"enemies":"Cultist","floor":7.0,"turns":1.0},{"damage":8.0,"enemies":"Looter","floor":8.0,"turns":2.0},{"damage":48.0,"enemies":"3 Sentries","floor":10.0,"turns":11.0},{"damage":4.0,"enemies":"3 Louse","floor":12.0,"turns":5.0},{"damage":27.0,"enemies":"Hexaghost","floor":16.0,"turns":6.0},{"damage":44.0,"enemies":"3 Byrds","floor":18.0,"turns":8.0},{"damage":11.0,"enemies":"2 Thieves","floor":21.0,"turns":4.0},{"damage":0.0,"enemies":"Book of Stabbing","floor":23.0,"turns":1.0},{"damage":16.0,"enemies":"Centurion and Healer","floor":25.0,"turns":5.0},{"damage":9.0,"enemies":"Masked Bandits","floor":28.0,"turns":4.0},{"damage":10.0,"enemies":"Shelled Parasite and Fungi","floor":30.0,"turns":5.0},{"damage":16.0,"enemies":"Colosseum Slavers","floor":31.0,"turns":5.0},{"damage":61.0,"enemies":"Champ","floor":33.0,"turns":6.0},{"damage":7.0,"enemies":"Orb Walker","floor":35.0,"turns":4.0},{"damage":7.0,"enemies":"3 Shapes","floor":36.0,"turns":6.0},{"damage":5.0,"enemies":"Spire Growth","floor":39.0,"turns":2.0},{"damage":44.0,"enemies":"Nemesis","floor":41.0,"turns":3.0},{"damage":22.0,"enemies":"Reptomancer","floor":45.0,"turns":5.0},{"damage":5.0,"enemies":"Transient","floor":46.0,"turns":4.0},{"damage":8.0,"enemies":"4 Shapes","floor":47.0,"turns":5.0},{"damage":9.0,"enemies":"3 Darklings","floor":48.0,"turns":3.0},{"damage":15,"enemies":"Donu and Deca","floor":50,"turns":4}],"seed_played":"6843373638783752284","potions_obtained":[{"floor":1.0,"key":"Swift Potion"},{"floor":8.0,"key":"Weak Potion"},{"floor":12.0,"key":"SmokeBomb"},{"floor":18.0,"key":"Strength Potion"},{"floor":28.0,"key":"Regen Potion"},{"floor":30.0,"key":"SpeedPotion"},{"floor":33.0,"key":"FearPotion"},{"floor":35.0,"key":"Dexterity Potion"},{"floor":36.0,"key":"ColorlessPotion"},{"floor":41.0,"key":"Strength Potion"},{"floor":45.0,"key":"Ancient Potion"},{"floor":48.0,"key":"Energy Potion"}],"is_trial":false,"path_per_floor":["M","?","?","M","$","R","M","M","T","E","R","M","R","?","R","B",null,"M","$","?","M","?","E","R","M","T","R","?","R","M","?","R","B",null,"M","M","?","$","M","R","E","R","T","R","E","M","M","M","R","B",null],"character_chosen":"IRONCLAD","items_purchased":["Anchor"],"campfire_rested":4,"item_purchase_floors":[38],"current_hp_per_floor":[78,74,67,73,73,73,74,72,72,30,52,54,54,54,54,33,64,26,26,26,21,21,27,49,39,39,48,45,54,50,54,63,8,58,57,56,56,56,57,63,25,34,34,65,54,55,53,50,74,68],"gold":238,"neow_bonus":"THREE_ENEMY_KILL","is_daily":false,"chose_seed":false,"campfire_upgraded":8,"win_rate":0.0,"timestamp":1609810814,"path_taken":["M","?","?","M","$","R","M","?","T","E","R","M","R","?","R","BOSS","M","$","?","M","?","E","R","M","T","R","?","R","M","?","R","BOSS","M","M","?","$","?","R","E","R","T","R","E","M","M","M","R","BOSS"],"items_purchased_type":["Relic"],"build_version":"2020-12-22","purchased_purges":3,"victory":true,"max_hp_per_floor":[80,74,74,74,74,74,74,74,74,74,74,74,74,74,74,74,74,74,74,74,74,74,74,74,74,74,74,74,74,74,74,74,74,74,74,74,74,74,74,74,74,74,74,74,74,74,74,74,74,74],"relic_stats":{"Nunchaku":[14],"counters":[24,101],"Golden Idol":169,"Astrolabe":["Ghostly Armor","Carnage","Clash"],"Eternal Feather":60,"PreservedInsect":57,"War Paint":["Limit Break","Ghostly Armor"],"obtain_stats":[{"NeowsBlessing":0,"Golden Idol":2,"Astrolabe":17,"Eternal Feather":26,"PreservedInsect":41,"Incense Burner":43,"War Paint":20,"Empty Cage":34,"Burning Blood":0,"White Beast Statue":26,"Nunchaku":9,"Anchor":38,"Matryoshka":10,"Red Mask":28,"Bag of Marbles":45,"Toy Ornithopter":43},{"NeowsBlessing":0,"Golden Idol":1,"Astrolabe":7,"Eternal Feather":11,"PreservedInsect":19,"Incense Burner":19,"War Paint":8,"Empty Cage":15,"Burning Blood":0,"White Beast Statue":11,"Nunchaku":4,"Anchor":17,"Matryoshka":5,"Red Mask":12,"Bag of Marbles":20,"Toy Ornithopter":19},{"NeowsBlessing":0,"Golden Idol":1,"Astrolabe":27,"Eternal Feather":45,"PreservedInsect":80,"Incense Burner":80,"War Paint":35,"Empty Cage":65,"Burning Blood":0,"White Beast Statue":45,"Nunchaku":5,"Anchor":75,"Matryoshka":16,"Red Mask":49,"Bag of Marbles":85,"Toy Ornithopter":80}],"Burning Blood":139,"Toy Ornithopter":8},"card_choices":[{"not_picked":["Carnage","Rage"],"picked":"Hemokinesis","floor":1.0},{"not_picked":["Fire Breathing","Thunderclap"],"picked":"Second Wind","floor":4.0},{"not_picked":["Warcry","Cleave"],"picked":"Dual Wield","floor":7.0},{"not_picked":["Body Slam","Anger"],"picked":"Ghostly Armor","floor":8.0},{"not_picked":["Sentinel","Body Slam","Whirlwind"],"picked":"SKIP","floor":10.0},{"not_picked":["Bloodletting","Combust"],"picked":"Blood for Blood","floor":12.0},{"not_picked":["Corruption","Brutality"],"picked":"Limit Break","floor":16.0},{"not_picked":["Fire Breathing+1","Wild Strike","Reckless Charge"],"picked":"SKIP","floor":18.0},{"not_picked":["Anger","Pommel Strike"],"picked":"Inflame","floor":21.0},{"not_picked":["Perfected Strike+1","Anger+1"],"picked":"Battle Trance","floor":25.0},{"not_picked":["Perfected Strike+1","Sever Soul"],"picked":"Rupture+1","floor":30.0},{"not_picked":["Exhume","Juggernaut"],"picked":"Brutality","floor":33.0},{"not_picked":["Ghostly Armor+1","Thunderclap+1","Sever Soul"],"picked":"SKIP","floor":35.0},{"not_picked":["Metallicize","Clash","Headbutt"],"picked":"SKIP","floor":36.0},{"not_picked":["Pommel Strike+1","Inflame","Clothesline+1"],"picked":"SKIP","floor":39.0},{"not_picked":["Ghostly Armor","Cleave"],"picked":"Seeing Red","floor":41.0},{"not_picked":["Clash","Anger","Uppercut"],"picked":"SKIP","floor":45.0},{"not_picked":["Metallicize","Thunderclap","Twin Strike"],"picked":"SKIP","floor":46.0},{"not_picked":["Body Slam","True Grit","Sentinel"],"picked":"SKIP","floor":47.0},{"not_picked":["Pommel Strike+1","Rupture","Evolve+1"],"picked":"SKIP","floor":48.0}],"player_experience":25484,"relics_obtained":[{"floor":9.0,"key":"Nunchaku"},{"floor":10.0,"key":"Matryoshka"},{"floor":26.0,"key":"Eternal Feather"},{"floor":26.0,"key":"White Beast Statue"},{"floor":28.0,"key":"Red Mask"},{"floor":41.0,"key":"PreservedInsect"},{"floor":43.0,"key":"Toy Ornithopter"},{"floor":43.0,"key":"Incense Burner"},{"floor":45.0,"key":"Bag of Marbles"}],"event_choices":[{"damage_healed":0.0,"max_hp_gain":0.0,"max_hp_loss":6.0,"gold_gain":0.0,"event_name":"Golden Idol","player_choice":"Lose Max HP","floor":2.0,"gold_loss":0.0,"damage_taken":0.0,"relics_obtained":["Golden Idol"]},{"cards_removed":["Strike_R"],"damage_healed":0.0,"max_hp_gain":0.0,"max_hp_loss":0.0,"gold_gain":0.0,"event_name":"Golden Wing","player_choice":"Card Removal","floor":3.0,"gold_loss":0.0,"damage_taken":7.0},{"damage_healed":0.0,"max_hp_gain":0.0,"max_hp_loss":0.0,"gold_gain":0.0,"event_name":"Liars Game","player_choice":"Ignored","floor":14.0,"gold_loss":0.0,"damage_taken":0.0},{"damage_healed":0.0,"max_hp_gain":0.0,"max_hp_loss":0.0,"gold_gain":0.0,"event_name":"The Mausoleum","player_choice":"Opened","floor":20.0,"gold_loss":0.0,"damage_taken":0.0,"relics_obtained":["War Paint"],"cards_obtained":["Writhe"]},{"cards_removed":["Defend_R"],"damage_healed":0.0,"max_hp_gain":0.0,"max_hp_loss":0.0,"gold_gain":0.0,"event_name":"Beggar","player_choice":"Gave Gold","floor":22.0,"gold_loss":75.0,"damage_taken":0.0},{"damage_healed":0.0,"max_hp_gain":0.0,"max_hp_loss":0.0,"gold_gain":0.0,"event_name":"Masked Bandits","player_choice":"Fought Bandits","floor":28.0,"gold_loss":0.0,"damage_taken":0.0},{"damage_healed":0.0,"max_hp_gain":0.0,"max_hp_loss":0.0,"gold_gain":0.0,"event_name":"Colosseum","player_choice":"Fight","floor":31.0,"gold_loss":0.0,"damage_taken":0.0},{"damage_healed":0.0,"max_hp_gain":0.0,"max_hp_loss":0.0,"gold_gain":0.0,"event_name":"Colosseum","player_choice":"Fled From Nobs","floor":31.0,"gold_loss":0.0,"damage_taken":0.0},{"damage_healed":0.0,"max_hp_gain":0.0,"max_hp_loss":0.0,"gold_gain":0.0,"event_name":"Designer","player_choice":"Upgrade","floor":37.0,"gold_loss":40.0,"damage_taken":0.0,"cards_upgraded":["Brutality"]}],"is_beta":false,"boss_relics":[{"not_picked":["Busted Crown","Snecko Eye"],"picked":"Astrolabe"},{"not_picked":["Runic Cube","SacredBark"],"picked":"Empty Cage"}],"items_purged_floors":[5,19,38],"is_endless":false,"potions_floor_spawned":[1,8,12,18,28,30,31,33,35,36,39,41,45,46,47,48],"ascension_level":6}}