{"host":"bg8va46pgqgvtzim","time":1609852001,"event":{"mods":["BaseMod","Minty Spire (QoL Compilation)","Quick Restart","StSLib","SuperFastMode","¡¾ÒÅÎï¿¨ÅÆ¡¿REMEMod"],"gold_per_floor":[364,364,364,389,408,443,443,482,506,506,506,540,558,597,597,716,716,732,831,850,874,576,620,620,656,656,694,694,734,748,763,763,892,892,913,937,444,507,560,591,924,1251,1278,1308,1308,1324,1324,1351,1351,1351,1351,1351,585,613,613],"floor_reached":56,"playtime":2168,"items_purged":["ReachHeaven","Vengeance","Weave+1"],"score":1706,"play_id":"f8bd46cc-8fd1-41a7-9c5a-777d079f2aa9","local_time":"20210105210641","is_ascension_mode":true,"campfire_choices":[{"data":"Eruption","floor":7.0,"key":"SMITH"},{"data":"Glass Knife","floor":11.0,"key":"SMITH"},{"data":"EmptyMind","floor":15.0,"key":"SMITH"},{"data":"MentalFortress","floor":24.0,"key":"SMITH"},{"data":"Meditate","floor":28.0,"key":"SMITH"},{"floor":32.0,"key":"RECALL"},{"data":"Study","floor":45.0,"key":"SMITH"},{"floor":47.0,"key":"REST"},{"floor":49.0,"key":"REST"},{"floor":52.0,"key":"REST"}],"circlet_count":0,"master_deck":["Eruption+1","Vigilance+1","Glass Knife+1","DeceiveReality+1","EmptyMind+1","LessonLearned+1","Establishment+1","Collect+1","DeceiveReality+1","CarveReality+1","FlurryOfBlows+1","Meditate+1","SpiritShield+1","Indignation+1","MentalFortress+1","Worship+1","ClearTheMind+1","TalkToTheHand+1","DevaForm+1","Study+1","InnerPeace+1","Wallop+1"],"relics":["PureWater","REME_ComplimentaryCards","Happy Flower","Dream Catcher","Question Card","Centennial Puzzle","Whetstone","StoneCalendar","Pandora\u0027s Box","Lantern","Akabeko","Anchor","Omamori","Juzu Bracelet","FossilizedHelix","REME_ChargedStone","Sundial","OrangePellets","Smiling Mask","Potion Belt","Old Coin","War Paint","Gremlin Horn","Chemical X","Nunchaku","Blue Candle","Bronze Scales"],"acts_visited":["Exordium","TheCity","TheBeyond","TheEnding"],"potions_floor_usage":[55,55,55,55,55],"damage_taken":[{"damage":0.0,"enemies":"Cultist","floor":1.0,"turns":5.0},{"damage":0.0,"enemies":"Jaw Worm","floor":4.0,"turns":2.0},{"damage":0.0,"enemies":"Small Slimes","floor":5.0,"turns":1.0},{"damage":3.0,"enemies":"Lagavulin","floor":6.0,"turns":6.0},{"damage":15.0,"enemies":"3 Sentries","floor":8.0,"turns":8.0},{"damage":12.0,"enemies":"Gremlin Nob","floor":12.0,"turns":4.0},{"damage":0.0,"enemies":"Blue Slaver","floor":13.0,"turns":2.0},{"damage":5.0,"enemies":"3 Sentries","floor":14.0,"turns":6.0},{"damage":17.0,"enemies":"Slime Boss","floor":16.0,"turns":7.0},{"damage":0.0,"enemies":"Shell Parasite","floor":18.0,"turns":3.0},{"damage":0.0,"enemies":"Spheric Guardian","floor":20.0,"turns":3.0},{"damage":0.0,"enemies":"3 Cultists","floor":21.0,"turns":4.0},{"damage":8.0,"enemies":"Book of Stabbing","floor":23.0,"turns":4.0},{"damage":0.0,"enemies":"REME_1_Revenger","floor":25.0,"turns":4.0},{"damage":10.0,"enemies":"Gremlin Leader","floor":27.0,"turns":6.0},{"damage":9.0,"enemies":"Book of Stabbing","floor":29.0,"turns":4.0},{"damage":0.0,"enemies":"Snecko","floor":30.0,"turns":3.0},{"damage":0.0,"enemies":"Sentry and Sphere","floor":31.0,"turns":2.0},{"damage":0.0,"enemies":"Champ","floor":33.0,"turns":8.0},{"damage":0.0,"enemies":"3 Darklings","floor":35.0,"turns":5.0},{"damage":0.0,"enemies":"Orb Walker","floor":36.0,"turns":3.0},{"damage":0.0,"enemies":"Mind Bloom Boss Battle","floor":38.0,"turns":4.0},{"damage":0.0,"enemies":"Giant Head","floor":40.0,"turns":5.0},{"damage":0.0,"enemies":"Reptomancer","floor":42.0,"turns":7.0},{"damage":0.0,"enemies":"Giant Head","floor":44.0,"turns":5.0},{"damage":0.0,"enemies":"Maw","floor":46.0,"turns":5.0},{"damage":9.0,"enemies":"Reptomancer","floor":48.0,"turns":4.0},{"damage":48.0,"enemies":"Time Eater","floor":50.0,"turns":9.0},{"damage":10.0,"enemies":"Shield and Spear","floor":54.0,"turns":9.0},{"damage":0,"enemies":"The Heart","floor":55,"turns":8}],"seed_played":"-4261334256570309946","potions_obtained":[{"floor":1.0,"key":"PowerPotion"},{"floor":4.0,"key":"Regen Potion"},{"floor":12.0,"key":"Ancient Potion"},{"floor":16.0,"key":"SpeedPotion"},{"floor":18.0,"key":"Strength Potion"},{"floor":27.0,"key":"Dexterity Potion"},{"floor":38.0,"key":"Strength Potion"},{"floor":42.0,"key":"FearPotion"},{"floor":44.0,"key":"GamblersBrew"},{"floor":46.0,"key":"DuplicationPotion"}],"is_trial":false,"path_per_floor":["M","?","?","M","M","E","R","E","T","?","R","E","M","E","R","B",null,"M","?","M","M","$","E","R","E","T","E","R","E","M","M","R","B",null,"M","M","$","?","T","E","?","E","T","E","R","M","R","E","R","B",null,"R","$","E","B",null],"character_chosen":"WATCHER","items_purchased":["MentalFortress","Lantern","Sundial","OrangePellets","Chemical X","Nunchaku","DuplicationPotion","Wallop","Blue Candle"],"campfire_rested":3,"item_purchase_floors":[22,22,37,37,53,53,53,53,53],"current_hp_per_floor":[65,53,37,37,37,49,49,34,34,39,39,27,27,22,22,5,70,70,70,70,70,70,62,62,62,62,52,52,43,43,43,43,43,70,70,70,70,70,70,70,70,70,70,70,70,70,70,61,70,22,70,70,70,60,60],"gold":613,"neow_bonus":"TWO_FIFTY_GOLD","is_daily":false,"chose_seed":false,"campfire_upgraded":6,"win_rate":0.0,"timestamp":1609852001,"path_taken":["M","?","?","M","M","E","R","E","T","?","R","E","M","E","R","BOSS","M","?","M","M","$","E","R","E","T","E","R","E","M","M","R","BOSS","M","M","$","?","?","E","?","E","T","E","R","M","R","E","R","BOSS","R","$","E","BOSS"],"items_purchased_type":["Card","Relic","Relic","Relic","Relic","Relic","Potion","Card","Relic"],"build_version":"2020-12-22","purchased_purges":3,"victory":true,"max_hp_per_floor":[65,65,65,65,65,65,65,65,65,70,70,70,70,70,70,70,70,70,70,70,70,70,70,70,70,70,70,70,70,70,70,70,70,70,70,70,70,70,70,70,70,70,70,70,70,70,70,70,70,70,70,70,70,70,70],"card_choices":[{"not_picked":["WreathOfFlame","Crescendo"],"picked":"ReachHeaven","floor":1.0},{"not_picked":["CutThroughFate","Evaluate","REME_Repentance"],"picked":"SKIP","floor":4.0},{"not_picked":["Halt","Vengeance"],"picked":"DeceiveReality","floor":5.0},{"not_picked":["CarveReality","FollowUp","Conclude"],"picked":"SKIP","floor":6.0},{"not_picked":["Crescendo","REME_WorshipGod","BowlingBash"],"picked":"SKIP","floor":8.0},{"not_picked":["Evaluate","BowlingBash","Nirvana","FollowUp"],"picked":"SKIP","floor":12.0},{"not_picked":["Crescendo","JustLucky","Blasphemy"],"picked":"EmptyMind","floor":13.0},{"not_picked":["REME_WorshipGod","Sanctity","Wallop"],"picked":"LessonLearned","floor":14.0},{"not_picked":["DeusExMachina","Devotion","LessonLearned"],"picked":"Establishment","floor":16.0},{"not_picked":["CrushJoints","Nirvana","SashWhip","CutThroughFate+1"],"picked":"SKIP","floor":18.0},{"not_picked":["Fasting2+1","Evaluate+1","SashWhip","Worship+1"],"picked":"SKIP","floor":20.0},{"not_picked":["Consecrate+1","Protect","Wallop"],"picked":"Indignation","floor":21.0},{"not_picked":["Crescendo","EmptyFist","Meditate+1","Swivel"],"picked":"SKIP","floor":23.0},{"not_picked":["Evaluate","Weave","Perseverance"],"picked":"Worship","floor":25.0},{"not_picked":["FlyingSleeves","EmptyFist","SignatureMove","REME_MusicOfDeath"],"picked":"SKIP","floor":27.0},{"not_picked":["DeceiveReality","ClearTheMind","PathToVictory+1","Judgement"],"picked":"SKIP","floor":29.0},{"not_picked":["DeceiveReality","PathToVictory+1","Judgement"],"picked":"ClearTheMind","floor":29.0},{"not_picked":["Meditate+1","PathToVictory","BowlingBash","SashWhip"],"picked":"SKIP","floor":30.0},{"not_picked":["CrushJoints","EmptyBody","FearNoEvil"],"picked":"TalkToTheHand+1","floor":31.0},{"not_picked":["Omniscience","Judgement","Blasphemy"],"picked":"DevaForm","floor":33.0},{"not_picked":["WaveOfTheHand+1","EmptyMind","JustLucky","FollowUp+1"],"picked":"SKIP","floor":35.0},{"not_picked":["CrushJoints+1","FollowUp","EmptyFist","BattleHymn"],"picked":"SKIP","floor":36.0},{"not_picked":["Perseverance","FlurryOfBlows","FollowUp+1"],"picked":"Study","floor":38.0},{"not_picked":["TalkToTheHand","CrushJoints","Ragnarok"],"picked":"InnerPeace","floor":40.0},{"not_picked":["WaveOfTheHand","DevaForm","FearNoEvil+1","ClearTheMind"],"picked":"SKIP","floor":42.0},{"not_picked":["WheelKick+1","JustLucky","Consecrate","LikeWater+1"],"picked":"SKIP","floor":44.0},{"not_picked":["PathToVictory+1","FlurryOfBlows+1","WaveOfTheHand+1","BowlingBash+1"],"picked":"SKIP","floor":46.0},{"not_picked":["FollowUp+1","JustLucky+1","LikeWater+1","Swivel+1"],"picked":"SKIP","floor":48.0},{"not_picked":["FearNoEvil+1","DeceiveReality+1","PathToVictory","ReachHeaven"],"picked":"SKIP","floor":54.0}],"player_experience":2240327,"relics_obtained":[{"floor":6.0,"key":"Dream Catcher"},{"floor":8.0,"key":"Question Card"},{"floor":9.0,"key":"Centennial Puzzle"},{"floor":12.0,"key":"Whetstone"},{"floor":14.0,"key":"StoneCalendar"},{"floor":23.0,"key":"Akabeko"},{"floor":25.0,"key":"Anchor"},{"floor":26.0,"key":"Omamori"},{"floor":27.0,"key":"Juzu Bracelet"},{"floor":29.0,"key":"FossilizedHelix"},{"floor":39.0,"key":"Smiling Mask"},{"floor":40.0,"key":"Potion Belt"},{"floor":42.0,"key":"Old Coin"},{"floor":44.0,"key":"War Paint"},{"floor":48.0,"key":"Gremlin Horn"},{"floor":54.0,"key":"Bronze Scales"}],"event_choices":[{"damage_healed":0.0,"max_hp_gain":0.0,"max_hp_loss":0.0,"gold_gain":0.0,"event_name":"Scrap Ooze","player_choice":"Success","floor":2.0,"gold_loss":0.0,"damage_taken":12.0,"relics_obtained":["Happy Flower"]},{"damage_healed":0.0,"max_hp_gain":0.0,"max_hp_loss":0.0,"gold_gain":0.0,"event_name":"Golden Idol","player_choice":"Take Damage","floor":3.0,"gold_loss":0.0,"damage_taken":16.0,"relics_obtained":["Golden Idol"]},{"damage_healed":0.0,"max_hp_gain":5.0,"max_hp_loss":0.0,"gold_gain":0.0,"event_name":"Big Fish","player_choice":"Donut","floor":10.0,"gold_loss":0.0,"damage_taken":0.0},{"damage_healed":0.0,"max_hp_gain":0.0,"max_hp_loss":0.0,"gold_gain":99.0,"event_name":"Nest","player_choice":"Stole From Cult","floor":19.0,"gold_loss":0.0,"damage_taken":0.0},{"damage_healed":0.0,"max_hp_gain":0.0,"max_hp_loss":0.0,"gold_gain":0.0,"event_name":"MindBloom","player_choice":"Fight","floor":38.0,"gold_loss":0.0,"damage_taken":0.0},{"damage_healed":0.0,"max_hp_gain":0.0,"max_hp_loss":0.0,"gold_gain":333.0,"event_name":"The Moai Head","player_choice":"Gave Idol","floor":41.0,"relics_lost":["Golden Idol"],"gold_loss":0.0,"damage_taken":0.0}],"is_beta":false,"boss_relics":[{"not_picked":["Runic Pyramid","REME_DuelDisc"],"picked":"Pandora\u0027s Box"},{"not_picked":["Snecko Eye","Cursed Key"],"picked":"REME_ChargedStone"}],"items_purged_floors":[22,37,53],"is_endless":false,"potions_floor_spawned":[1,4,12,16,18,23,25,27,35,38,42,44,46],"ascension_level":1}}