{"host":"ig7tc0uedzltt2sr","time":1609825069,"event":{"mods":["BaseMod","Better Twitch Integration","Block Reminder","Colored Map","Colored Powertips","Communication Mod","Current Relic Mod","GifTheSpireLib","HexUI Lib","Minty Spire (QoL Compilation)","Quick Restart","Random Character Button","Rare Cards Sparkle","Relic Sorter","Relic Stats","Slay the Relics Exporter","StSLib","SuperFastMode","Synergy Search","Twitch Decklist","Twitch Utils","everything is the same but u backflip on backflip","slay the spire mod where everything is the same but ironclad has a cowboy hat"],"gold_per_floor":[111,125,138,138,138,158,187,157,157,168,168,168,32,50,50,50,50],"floor_reached":16,"playtime":104,"items_purged":[],"score":102,"play_id":"5ea87412-efb1-4d1e-b855-88384cc4fc1c","local_time":"20210104213749","is_ascension_mode":false,"campfire_choices":[{"floor":12,"key":"REST"},{"floor":15,"key":"REST"}],"circlet_count":0,"master_deck":["Strike_R","Strike_R","Strike_R+1","Strike_R","Defend_R+1","Defend_R","Defend_R","Defend_R","Bash","Sever Soul","Fire Breathing","Hemokinesis","Cleave","Exhume","Infernal Blade","Reckless Charge","Seeing Red","Forethought","Pummel"],"relics":["Burning Blood","NeowsBlessing","The Courier","HornCleat"],"acts_visited":["Exordium"],"potions_floor_usage":[],"damage_taken":[{"damage":2,"enemies":"2 Louse","floor":1,"turns":3},{"damage":0,"enemies":"Jaw Worm","floor":2,"turns":2},{"damage":0,"enemies":"Small Slimes","floor":3,"turns":2},{"damage":16,"enemies":"3 Louse","floor":6,"turns":5},{"damage":58,"enemies":"Lagavulin","floor":7,"turns":9},{"damage":6,"enemies":"Looter","floor":8,"turns":4},{"damage":0,"enemies":"2 Fungi Beasts","floor":10,"turns":3},{"damage":18,"enemies":"Large Slime","floor":14,"turns":7},{"damage":46,"enemies":"Hexaghost","floor":16,"turns":9}],"seed_played":"-7458624160447620160","potions_obtained":[{"floor":1,"key":"Ancient Potion"},{"floor":3,"key":"ColorlessPotion"},{"floor":7,"key":"PowerPotion"}],"is_trial":false,"path_per_floor":["M","M","M","?","$","M","E","M","T","M","?","R","$","M","R","B"],"character_chosen":"IRONCLAD","items_purchased":["Seeing Red","Forethought"],"campfire_rested":2,"item_purchase_floors":[13,13],"current_hp_per_floor":[80,80,80,80,80,70,18,18,18,24,8,32,32,20,44,0,0],"gold":50,"neow_bonus":"THREE_ENEMY_KILL","is_daily":false,"chose_seed":false,"campfire_upgraded":0,"win_rate":0.0,"timestamp":1609825069,"path_taken":["M","M","M","?","$","M","E","M","T","M","?","R","$","M","R","BOSS"],"items_purchased_type":["Card","Card"],"build_version":"2020-12-22","purchased_purges":0,"victory":false,"max_hp_per_floor":[80,80,80,80,80,80,80,80,80,80,80,80,80,80,80,80,80],"relic_stats":{"counters":[9,44],"obtain_stats":[{"HornCleat":9,"NeowsBlessing":0,"The Courier":7,"Burning Blood":0},{"HornCleat":6,"NeowsBlessing":0,"The Courier":5,"Burning Blood":0},{"HornCleat":25,"NeowsBlessing":0,"The Courier":21,"Burning Blood":0}],"Burning Blood":32},"card_choices":[{"not_picked":["Bloodletting","Cleave"],"picked":"Sever Soul","floor":1},{"not_picked":["Rampage","Feel No Pain"],"picked":"Fire Breathing","floor":2},{"not_picked":["Pommel Strike","Shockwave"],"picked":"Hemokinesis","floor":3},{"not_picked":["Perfected Strike","Anger"],"picked":"Cleave","floor":6},{"not_picked":["Armaments","Immolate"],"picked":"Exhume","floor":7},{"not_picked":["Pommel Strike","Havoc"],"picked":"Infernal Blade","floor":8},{"not_picked":["Whirlwind","Cleave"],"picked":"Reckless Charge","floor":10},{"not_picked":["Clash","Armaments"],"picked":"Pummel","floor":14}],"player_experience":1425668,"relics_obtained":[{"floor":7,"key":"The Courier"},{"floor":9,"key":"HornCleat"}],"event_choices":[{"cards_removed":["Strike_R"],"damage_healed":0,"gold_gain":0,"player_choice":"Forget","damage_taken":0,"max_hp_gain":0,"max_hp_loss":0,"event_name":"Living Wall","floor":4,"gold_loss":0},{"damage_healed":0,"gold_gain":0,"player_choice":"Entered Light","damage_taken":16,"max_hp_gain":0,"max_hp_loss":0,"event_name":"Shining Light","floor":11,"gold_loss":0,"cards_upgraded":["Defend_R","Strike_R"]}],"is_beta":false,"boss_relics":[],"items_purged_floors":[],"is_endless":false,"potions_floor_spawned":[1,3,7],"killed_by":"Hexaghost","ascension_level":0}}