{"host":"o9f8b8qp367yg72z","time":1609834083,"event":{"mods":["2.2 Compatiblity","BaseMod","Beaked The Cultist","Clockwork Mod","Colored Map","Colored Powertips","Downfall","Gold Saver","Highlight Path","Marisa????????","Minty Spire (QoL Compilation)","Rare Cards Sparkle","Relic Stats","Shade Mod","StSLib","The Blackbeard","The Caster","The Construct","The Dragon Tamer","The Gatherer","The Servant 0.9.4","The Spell Scribe","TheVacant"],"gold_per_floor":[4993,4264,4339,4351,4367,4367,4383,4408,4489,4522,4532,4532,4543,3625,3625,3724,3724,3724,3724,3724,3063,3063,3063,3063,2475,2475,2475,2475,2475,2475,2475,2475,2475,2475,2475,2475,2475,2475,2475,2475,2475,2079,2079,2079,2079,1742,1742,1742,1742,1742,1742,1742,1369,1369,1369],"floor_reached":56,"playtime":3239,"items_purged":["DTMod:TargetDefense","DTMod:TargetDefense","DTMod:TargetDefense","DTMod:MagicField"],"score":1587,"play_id":"dad406e7-21e4-452e-9d68-8dcef5951d60","local_time":"20210105190803","is_ascension_mode":false,"metric_token":1491,"campfire_choices":[{"data":"DTMod:SwitchingTactic","floor":6,"key":"SMITH"},{"data":"DTMod:Shift","floor":12,"key":"SMITH"},{"data":"DTMod:Harmonize","floor":15,"key":"SMITH"},{"data":"Apotheosis","floor":23,"key":"SMITH"},{"data":"Mayhem","floor":29,"key":"SMITH"},{"data":"DTMod:QuickFly","floor":30,"key":"SMITH"},{"floor":32,"key":"RECALL"},{"data":"DTMod:Training","floor":41,"key":"SMITH"},{"data":"DTMod:TriAttack","floor":49,"key":"SMITH"},{"data":"DTMod:TagTeam","floor":52,"key":"SMITH"}],"dtmod_dragon_data":[50,50,3,2,6,4],"circlet_count":0,"master_deck":["DTMod:DoubleHit","DTMod:TargetDefense","DTMod:SwitchingTactic+1","DTMod:TagTeam+1","DTMod:Cover","DTMod:Training+1","DTMod:QuickFly+1","DTMod:LightShield","DTMod:Shift+1","Apotheosis+1","DTMod:Harmonize+1","DTMod:OpeningTactic+1","DTMod:ForkedFire","Mayhem+1","DTMod:BizarreTactic+1","DTMod:EchoTactic+1","DTMod:MagiciansMark+1","DTMod:TriAttack+1","Discovery+1","DTMod:WarmUp+1","DTMod:RunningTactic+1","Mayhem+1","DTMod:Training+1"],"relics":["DTMod:PactStone","NeowsBlessing","DTMod:TacticalNote","Pear","DTMod:OddArmor","Pocketwatch","StrikeDummy","Juzu Bracelet","Letter Opener","Centennial Puzzle","HandDrill","Ectoplasm","TheAbacus","Bag of Marbles","Eternal Feather","Orichalcum","Membership Card","Ginger","Toxic Egg 2","Strawberry","Red Mask","Frozen Egg 2","Coffee Dripper","Torii","CatCart","Thread and Needle","WingedGreaves","beaked:ShinyBauble","Nunchaku","DTMod:SwitchButton","ClockworkSouvenir","White Beast Statue","Meat on the Bone","DTMod:MindBender","DTMod:AncientBone","Pantograph"],"acts_visited":["Exordium","TheCity","TheBeyond","TheEnding"],"potions_floor_usage":[7,16,16,16,37,38,50,50,50,50,50,55],"damage_taken":[{"damage":0,"enemies":"Small Slimes","floor":1,"turns":2},{"damage":0,"enemies":"Jaw Worm","floor":4,"turns":1},{"damage":0,"enemies":"Cultist","floor":5,"turns":1},{"damage":0,"enemies":"Large Slime","floor":7,"turns":6},{"damage":0,"enemies":"Lagavulin","floor":8,"turns":5},{"damage":0,"enemies":"Gremlin Nob","floor":10,"turns":3},{"damage":0,"enemies":"Blue Slaver","floor":11,"turns":3},{"damage":0,"enemies":"Exordium Thugs","floor":13,"turns":4},{"damage":0,"enemies":"Slime Boss","floor":16,"turns":6},{"damage":0,"enemies":"Chosen","floor":18,"turns":5},{"damage":0,"enemies":"2 Thieves","floor":20,"turns":1},{"damage":0,"enemies":"Gremlin Leader","floor":24,"turns":6},{"damage":0,"enemies":"Masked Bandits","floor":27,"turns":1},{"damage":0,"enemies":"Slavers","floor":28,"turns":3},{"damage":0,"enemies":"Champ","floor":33,"turns":1},{"damage":0,"enemies":"3 Shapes","floor":35,"turns":1},{"damage":0,"enemies":"Orb Walker","floor":37,"turns":2},{"damage":0,"enemies":"Mind Bloom Boss Battle","floor":38,"turns":4},{"damage":0,"enemies":"Orin","floor":39,"turns":2},{"damage":0,"enemies":"Writhing Mass","floor":48,"turns":2},{"damage":0,"enemies":"Time Eater","floor":50,"turns":5},{"damage":0,"enemies":"Shield and Spear","floor":54,"turns":2},{"damage":0,"enemies":"The Heart","floor":55,"turns":3}],"seed_played":"-2112112753304212054","potions_obtained":[{"floor":1,"key":"CultistPotion"},{"floor":5,"key":"Fire Potion"},{"floor":10,"key":"Slimebound:ThreeZeroPotion"},{"floor":13,"key":"DistilledChaos"},{"floor":16,"key":"sneckomod:MuddlingPotion"},{"floor":18,"key":"SkillPotion"},{"floor":19,"key":"LiquidMemories"},{"floor":37,"key":"Ancient Potion"},{"floor":54,"key":"Fire Potion"}],"is_trial":false,"path_per_floor":["M","$","?","M","M","R","M","E","T","E","M","R","M","$","R","B",null,"M","?","M","$","?","R","E","$","T","?","E","R","R","?","R","B",null,"M","?","M","?","?","T","R","$","T","?","?","$","?","M","R","B",null,"R","$","E","B",null],"character_chosen":"THE_DT","items_purchased":["DTMod:TacticalNote","Pear","DTMod:OddArmor","Letter Opener","Centennial Puzzle","HandDrill","Apotheosis","DTMod:Harmonize","TheAbacus","Bag of Marbles","Eternal Feather","Membership Card","Ginger","Toxic Egg 2","Mayhem","beaked:ShinyBauble","Nunchaku","DTMod:SwitchButton","DTMod:TriAttack","EntropicBrew","ClockworkSouvenir","White Beast Statue","Meat on the Bone","DTMod:MindBender","DTMod:WarmUp+1","DTMod:RunningTactic+1","DTMod:AncientBone","Mayhem+1","AttackPotion"],"campfire_rested":0,"item_purchase_floors":[2,2,2,14,14,14,14,14,21,21,21,25,25,25,25,42,42,42,42,42,46,46,46,53,53,53,53,53,53],"current_hp_per_floor":[45,55,44,44,44,44,44,44,44,44,44,44,44,44,44,44,55,55,55,55,55,55,55,55,55,62,62,62,62,62,62,62,62,62,62,62,62,62,62,62,62,62,62,62,52,52,52,52,61,61,62,62,62,62,62],"gold":1369,"neow_bonus":"THREE_ENEMY_KILL","is_daily":false,"chose_seed":false,"campfire_upgraded":9,"win_rate":0.0,"timestamp":1609834083,"path_taken":["M","$","?","M","M","R","M","E","T","E","M","R","M","$","R","BOSS","M","?","M","$","?","R","E","$","T","?","E","R","R","?","R","BOSS","M","?","M","?","?","?","R","$","T","?","?","$","?","M","R","BOSS","R","$","E","BOSS"],"items_purchased_type":["Relic","Relic","Relic","Relic","Relic","Relic","Card","Card","Relic","Relic","Relic","Relic","Relic","Relic","Card","Relic","Relic","Relic","Card","Potion","Relic","Relic","Relic","Relic","Card","Card","Relic","Card","Potion"],"build_version":"2020-12-22","purchased_purges":4,"victory":true,"max_hp_per_floor":[45,55,55,55,55,55,55,55,55,55,55,55,55,55,55,55,55,55,55,55,55,55,55,55,55,62,62,62,62,62,62,62,62,62,62,62,62,62,62,62,62,62,62,62,62,62,62,62,62,62,62,62,62,62,62],"relic_stats":{"Torii":0,"counters":[23,69],"Eternal Feather":9,"Juzu Bracelet":3,"Letter Opener":[201],"Ginger":[4],"Orichalcum":[24],"Centennial Puzzle":[0],"Nunchaku":[4],"TheAbacus":[78],"Pantograph":0,"Ectoplasm":569,"HandDrill":[24],"obtain_stats":[{"beaked:ShinyBauble":42,"Torii":38,"DTMod:AncientBone":53,"Juzu Bracelet":10,"Ginger":25,"ClockworkSouvenir":46,"Centennial Puzzle":14,"Nunchaku":42,"DTMod:TacticalNote":2,"DTMod:OddArmor":2,"TheAbacus":21,"DTMod:MindBender":53,"Strawberry":26,"Pantograph":54,"WingedGreaves":13,"HandDrill":14,"Red Mask":27,"Toxic Egg 2":25,"Pear":2,"NeowsBlessing":0,"Eternal Feather":21,"Thread and Needle":40,"Letter Opener":14,"Orichalcum":24,"Frozen Egg 2":28,"White Beast Statue":46,"DTMod:SwitchButton":42,"DTMod:PactStone":0,"Ectoplasm":17,"Bag of Marbles":21,"Coffee Dripper":34,"Membership Card":25,"CatCart":39,"StrikeDummy":9,"Pocketwatch":8,"Meat on the Bone":46},{"beaked:ShinyBauble":19,"Torii":18,"DTMod:AncientBone":21,"Juzu Bracelet":6,"Ginger":12,"ClockworkSouvenir":19,"Centennial Puzzle":8,"Nunchaku":19,"DTMod:TacticalNote":1,"DTMod:OddArmor":1,"TheAbacus":11,"DTMod:MindBender":21,"Strawberry":12,"Pantograph":22,"WingedGreaves":8,"HandDrill":8,"Red Mask":13,"Toxic Egg 2":12,"Pear":1,"NeowsBlessing":0,"Eternal Feather":11,"Thread and Needle":19,"Letter Opener":8,"Orichalcum":12,"Frozen Egg 2":14,"White Beast Statue":19,"DTMod:SwitchButton":19,"DTMod:PactStone":0,"Ectoplasm":9,"Bag of Marbles":11,"Coffee Dripper":15,"Membership Card":12,"CatCart":19,"StrikeDummy":5,"Pocketwatch":5,"Meat on the Bone":19},{"beaked:ShinyBauble":57,"Torii":55,"DTMod:AncientBone":64,"Juzu Bracelet":18,"Ginger":43,"ClockworkSouvenir":57,"Centennial Puzzle":25,"Nunchaku":57,"DTMod:TacticalNote":2,"DTMod:OddArmor":2,"TheAbacus":37,"DTMod:MindBender":64,"Strawberry":43,"Pantograph":66,"WingedGreaves":25,"HandDrill":25,"Red Mask":44,"Toxic Egg 2":43,"Pear":2,"NeowsBlessing":0,"Eternal Feather":37,"Thread and Needle":57,"Letter Opener":25,"Orichalcum":43,"Frozen Egg 2":47,"White Beast Statue":57,"DTMod:SwitchButton":57,"DTMod:PactStone":0,"Ectoplasm":31,"Bag of Marbles":37,"Coffee Dripper":48,"Membership Card":43,"CatCart":57,"StrikeDummy":15,"Pocketwatch":15,"Meat on the Bone":57}],"Pocketwatch":[21],"Meat on the Bone":0},"card_choices":[{"not_picked":["DTMod:Adaptation","DTMod:MasterPlan"],"picked":"DTMod:TagTeam","floor":1},{"not_picked":["DTMod:BurningEnergy","DTMod:PurifyingFlame"],"picked":"DTMod:Cover","floor":4},{"not_picked":["DTMod:BreakAttack","DTMod:HeatWave"],"picked":"DTMod:MagicField","floor":5},{"not_picked":["DTMod:DarkBreath","DTMod:ForkedFire"],"picked":"DTMod:Training","floor":7},{"not_picked":["DTMod:OpeningTactic","DTMod:ShieldDrain"],"picked":"DTMod:QuickFly","floor":8},{"not_picked":["DTMod:Weaken","DTMod:GhostSkin"],"picked":"DTMod:LightShield","floor":10},{"not_picked":["DTMod:BurningEnergy","DTMod:BlazingStrike"],"picked":"DTMod:Shift","floor":11},{"not_picked":["DTMod:Coolant","DTMod:CleansingStrike","DTMod:BlazingStrike"],"picked":"SKIP","floor":13},{"not_picked":["DTMod:FierySynthesis","DTMod:Outburst"],"picked":"DTMod:ShadowImage","floor":16},{"not_picked":["DTMod:MasterPlan+1","DTMod:BlueScale","DTMod:Punisher"],"picked":"SKIP","floor":18},{"not_picked":["DTMod:MasterPlan","DTMod:Coolant","DTMod:BlazingStrike"],"picked":"SKIP","floor":20},{"not_picked":["DTMod:MaximumCharge","DTMod:Multitask"],"picked":"DTMod:ForkedFire","floor":24},{"not_picked":["DTMod:LowKick","DTMod:MagicField+1"],"picked":"DTMod:BizarreTactic+1","floor":27},{"not_picked":["DTMod:MagicField+1","DTMod:StarRain","DTMod:MasterPlan+1"],"picked":"SKIP","floor":28},{"not_picked":["DTMod:Outburst+1","DTMod:RepeatStrike"],"picked":"DTMod:EchoTactic+1","floor":33},{"not_picked":["DTMod:Threaten+1","DTMod:LastStand+1","DTMod:ForkedFire+1"],"picked":"SKIP","floor":35},{"not_picked":["DTMod:BurningEnergy+1","DTMod:BlueScale+1","DTMod:Threaten+1"],"picked":"SKIP","floor":37},{"not_picked":["DTMod:BurningForce+1","DTMod:RunningTactic+1"],"picked":"DTMod:MagiciansMark+1","floor":38},{"not_picked":["expansioncontent:CaCaw+1","expansioncontent:FaceSlap"],"picked":"Discovery+1","floor":45},{"not_picked":["DTMod:CleansingStrike+1","DTMod:MagicField+1","DTMod:BurningEnergy+1"],"picked":"SKIP","floor":48},{"not_picked":["DTMod:CleansingStrike","DTMod:Prediction+1"],"picked":"DTMod:Training+1","floor":54}],"player_experience":333540,"relics_obtained":[{"floor":8,"key":"Pocketwatch"},{"floor":9,"key":"StrikeDummy"},{"floor":10,"key":"Juzu Bracelet"},{"floor":24,"key":"Orichalcum"},{"floor":26,"key":"Strawberry"},{"floor":27,"key":"Red Mask"},{"floor":28,"key":"Frozen Egg 2"},{"floor":38,"key":"Torii"},{"floor":39,"key":"CatCart"},{"floor":40,"key":"Thread and Needle"},{"floor":54,"key":"Pantograph"}],"event_choices":[{"damage_healed":0,"gold_gain":75,"player_choice":"Gather Gold","damage_taken":11,"max_hp_gain":0,"max_hp_loss":0,"event_name":"World of Goop","floor":3,"gold_loss":0},{"damage_healed":0,"gold_gain":0,"player_choice":"Got Potions","damage_taken":0,"max_hp_gain":0,"max_hp_loss":0,"event_name":"Lab","floor":19,"gold_loss":0},{"damage_healed":0,"gold_gain":0,"player_choice":"Read","damage_taken":0,"max_hp_gain":0,"max_hp_loss":0,"event_name":"The Library","floor":22,"gold_loss":0,"cards_obtained":["DTMod:OpeningTactic"]},{"damage_healed":0,"gold_gain":0,"player_choice":"Fought Bandits","damage_taken":0,"max_hp_gain":0,"max_hp_loss":0,"event_name":"Masked Bandits","floor":27,"gold_loss":0},{"damage_healed":0,"gold_gain":0,"player_choice":"Forge","damage_taken":0,"max_hp_gain":0,"max_hp_loss":0,"event_name":"Accursed Blacksmith","floor":31,"gold_loss":0,"cards_upgraded":["DTMod:OpeningTactic"]},{"cards_removed":["DTMod:ShadowImage"],"damage_healed":0,"gold_gain":0,"player_choice":"Removed Power","damage_taken":0,"max_hp_gain":0,"max_hp_loss":0,"event_name":"Falling","floor":36,"gold_loss":0},{"damage_healed":0,"gold_gain":0,"player_choice":"Fight","damage_taken":0,"max_hp_gain":0,"max_hp_loss":0,"event_name":"MindBloom","floor":38,"gold_loss":0},{"damage_healed":0,"gold_gain":0,"player_choice":"Fight","damage_taken":0,"max_hp_gain":0,"max_hp_loss":0,"event_name":"OrinTheCat","floor":39,"gold_loss":0},{"damage_healed":0,"gold_gain":100,"player_choice":"Pray","damage_taken":0,"max_hp_gain":0,"max_hp_loss":0,"event_name":"Golden Shrine","floor":44,"gold_loss":0},{"damage_healed":0,"gold_gain":0,"player_choice":"Memory 3","damage_taken":10,"max_hp_gain":0,"max_hp_loss":0,"event_name":"SensoryStone","floor":45,"gold_loss":0},{"damage_healed":0,"gold_gain":0,"player_choice":"0 cards matched","damage_taken":0,"max_hp_gain":0,"max_hp_loss":0,"event_name":"Match and Keep!","floor":47,"gold_loss":0,"cards_obtained":[]}],"is_beta":false,"boss_relics":[{"not_picked":["Fusion Hammer","beaked:MawFillet"],"picked":"Ectoplasm"},{"not_picked":["SacredBark","Busted Crown"],"picked":"Coffee Dripper"}],"items_purged_floors":[2,14,21,25],"is_endless":false,"potions_floor_spawned":[1,5,10,13,16,18,24,33,37,48,54],"ascension_level":0}}