{"host":"vlqejv0notyktumz","time":1609827490,"event":{"mods":["AchievementEnabler","BaseMod","Googly Eyes","Minty Spire (QoL Compilation)"],"gold_per_floor":[118,293,293,31,31,31,50,85,85,40,74,88,116,128,128,232,232,219,17,17,32,46,46,46,46],"floor_reached":24,"playtime":686,"items_purged":["Doubt","Strike_B"],"score":303,"play_id":"cfaba3a0-c81a-4748-abdb-0b45affaa2b8","local_time":"20210105001810","is_ascension_mode":true,"campfire_choices":[{"data":"Zap","floor":6,"key":"SMITH"},{"floor":15,"key":"REST"},{"floor":23,"key":"REST"}],"circlet_count":0,"master_deck":["Strike_B","Strike_B","Strike_B","Defend_B","Defend_B","Defend_B","Defend_B","Zap+1","Dualcast","Seek","Rebound","Lockon","FTL","Consume","Leap","Redo","Tempest","Coolheaded","Sweeping Beam","Leap","Stack","Capacitor","Compile Driver+1"],"relics":["Cracked Core","DataDisk","NlothsMask","Calipers","Letter Opener","Omamori","Runic Pyramid"],"acts_visited":["Exordium","TheCity"],"potions_floor_usage":[11,11,12,13,18,24,24],"damage_taken":[{"damage":0,"enemies":"2 Louse","floor":1,"turns":2},{"damage":0,"enemies":"Small Slimes","floor":7,"turns":2},{"damage":30,"enemies":"3 Sentries","floor":8,"turns":6},{"damage":8,"enemies":"Gremlin Nob","floor":11,"turns":4},{"damage":0,"enemies":"Cultist","floor":12,"turns":3},{"damage":21,"enemies":"Lagavulin","floor":13,"turns":4},{"damage":0,"enemies":"Red Slaver","floor":14,"turns":2},{"damage":18,"enemies":"The Guardian","floor":16,"turns":9},{"damage":20,"enemies":"2 Thieves","floor":18,"turns":4},{"damage":3,"enemies":"Chosen","floor":21,"turns":5},{"damage":23,"enemies":"Centurion and Healer","floor":22,"turns":9},{"damage":40,"enemies":"Shelled Parasite and Fungi","floor":24,"turns":4}],"seed_played":"6277737276204814433","potions_obtained":[{"floor":7,"key":"Weak Potion"},{"floor":8,"key":"Strength Potion"},{"floor":11,"key":"BlessingOfTheForge"},{"floor":12,"key":"Fruit Juice"},{"floor":16,"key":"SkillPotion"},{"floor":18,"key":"SteroidPotion"},{"floor":22,"key":"Strength Potion"}],"is_trial":false,"path_per_floor":["M","?","?","$","?","R","M","E","T","$","E","M","E","M","R","B",null,"M","$","?","M","M","R","M"],"character_chosen":"DEFECT","items_purchased":["DataDisk","Lockon","Leap","Leap","Stack"],"campfire_rested":2,"item_purchase_floors":[4,4,10,19,19],"current_hp_per_floor":[68,68,73,73,73,73,73,43,43,43,35,40,19,19,44,26,70,50,50,34,31,8,35,0,0],"gold":46,"neow_bonus":"ONE_RANDOM_RARE_CARD","is_daily":false,"chose_seed":false,"campfire_upgraded":1,"win_rate":0.0,"timestamp":1609827490,"path_taken":["M","?","?","$","?","R","M","E","T","$","E","?","E","M","R","BOSS","M","$","?","M","M","R","M"],"items_purchased_type":["Relic","Card","Card","Card","Card"],"build_version":"2020-12-22","purchased_purges":2,"victory":false,"max_hp_per_floor":[75,75,80,80,80,80,80,80,80,80,80,85,85,85,85,85,85,85,85,90,90,90,90,90,90],"card_choices":[{"not_picked":["Stack","Beam Cell"],"picked":"Rebound","floor":1},{"not_picked":["Double Energy","Genetic Algorithm"],"picked":"FTL","floor":7},{"not_picked":["Reprogram","Heatsinks"],"picked":"Consume","floor":8},{"not_picked":["Multi-Cast","Go for the Eyes","Self Repair"],"picked":"SKIP","floor":11},{"not_picked":["Skim","Beam Cell"],"picked":"Redo","floor":12},{"not_picked":["Amplify","Darkness"],"picked":"Tempest","floor":13},{"not_picked":["Go for the Eyes","Scrape"],"picked":"Coolheaded","floor":14},{"not_picked":["Turbo","Skim"],"picked":"Sweeping Beam","floor":18},{"not_picked":["Rebound","Tempest"],"picked":"Capacitor","floor":21},{"not_picked":["Sweeping Beam","Stack"],"picked":"Compile Driver+1","floor":22}],"player_experience":289113,"relics_obtained":[{"floor":8,"key":"Calipers"},{"floor":11,"key":"Letter Opener"},{"floor":13,"key":"Omamori"}],"event_choices":[{"damage_healed":0,"gold_gain":175,"player_choice":"AGREE","damage_taken":0,"max_hp_gain":0,"max_hp_loss":0,"event_name":"Liars Game","floor":2,"gold_loss":0,"cards_obtained":["Doubt"]},{"damage_healed":0,"gold_gain":0,"player_choice":"Donut","damage_taken":0,"max_hp_gain":5,"max_hp_loss":0,"event_name":"Big Fish","floor":3,"gold_loss":0},{"damage_healed":0,"gold_gain":0,"player_choice":"Trade","damage_taken":0,"relics_obtained":["NlothsMask"],"max_hp_gain":0,"max_hp_loss":0,"event_name":"FaceTrader","floor":5,"gold_loss":0},{"damage_healed":0,"gold_gain":0,"player_choice":"Shed Blood","damage_taken":21,"max_hp_gain":5,"max_hp_loss":0,"event_name":"Forgotten Altar","floor":20,"gold_loss":0}],"is_beta":false,"boss_relics":[{"not_picked":["Ectoplasm","Philosopher\u0027s Stone"],"picked":"Runic Pyramid"}],"items_purged_floors":[4,19],"is_endless":false,"potions_floor_spawned":[7,8,11,12,16,18,22],"killed_by":"Shelled Parasite and Fungi","ascension_level":6}}