{"host":"za51qju8r56bcr85","time":1609833114,"event":{"mods":["Act Like it!","BaseMod","Block Reminder","Googly Eyes","Minty Spire (QoL Compilation)","Quick Restart","Relic Sorter","Relic Stats","Shop Mod","StSLib","SuperFastMode"],"gold_per_floor":[118,193,213,263,278,278,293,323,348,348,361,361,375,389,389,461,461,473,180,180,180,190,190,204,223,223,240,240,250,250,79,79,158,158,168,168,168,0,15,15,41,66,103,115,140,201,243,271,283,295,307,319,331,77,104,104],"floor_reached":57,"playtime":1442,"items_purged":["Strike_R","Armaments"],"score":3132,"play_id":"c4d2412c-4283-401a-9d68-530b1360b4d3","local_time":"20210105155154","is_ascension_mode":true,"campfire_choices":[{"data":"Battle Trance","floor":6.0,"key":"SMITH"},{"data":"Rampage","floor":10.0,"key":"SMITH"},{"floor":12.0,"key":"REST"},{"data":"Armaments","floor":15.0,"key":"SMITH"},{"floor":23.0,"key":"REST"},{"floor":28.0,"key":"REST"},{"data":"Ghostly","floor":32.0,"key":"SMITH"},{"data":"Burning Pact","floor":40.0,"key":"SMITH"},{"floor":49.0,"key":"RECALL"},{"data":"Bash","floor":53.0,"key":"PURGE"}],"circlet_count":0,"master_deck":["AscendersBane","Battle Trance+1","Dark Embrace","Bloodletting","Rampage+1","Armaments+1","Fiend Fire","Havoc+1","Shockwave","Feel No Pain+1","Ghostly+1","Ghostly","Ghostly","Exhume","Seeing Red","Impervious","Burning Pact+1","Pummel","Warcry+1"],"relics":["Philosopher\u0027s Stone","Frozen Eye","Boot","Toy Ornithopter","Happy Flower","Pocketwatch","Strange Spoon","Pandora\u0027s Box","PrismaticShard","MawBank","Torii","Peace Pipe","Cauldron","Anchor"],"acts_visited":["Exordium","TheCity","TheBeyond","TheEnding"],"potions_floor_usage":[56,56],"damage_taken":[{"damage":7.0,"enemies":"Small Slimes","floor":1.0,"turns":3.0},{"damage":0.0,"enemies":"Cultist","floor":3.0,"turns":3.0},{"damage":6.0,"enemies":"Jaw Worm","floor":5.0,"turns":5.0},{"damage":6.0,"enemies":"3 Louse","floor":7.0,"turns":3.0},{"damage":19.0,"enemies":"Lagavulin","floor":8.0,"turns":6.0},{"damage":14.0,"enemies":"Exordium Thugs","floor":11.0,"turns":4.0},{"damage":2.0,"enemies":"Looter","floor":13.0,"turns":3.0},{"damage":14.0,"enemies":"3 Louse","floor":14.0,"turns":4.0},{"damage":10.0,"enemies":"Hexaghost","floor":16.0,"turns":4.0},{"damage":19.0,"enemies":"Spheric Guardian","floor":18.0,"turns":6.0},{"damage":12.0,"enemies":"2 Thieves","floor":22.0,"turns":3.0},{"damage":21.0,"enemies":"Cultist and Chosen","floor":24.0,"turns":5.0},{"damage":17.0,"enemies":"Shelled Parasite and Fungi","floor":25.0,"turns":3.0},{"damage":3.0,"enemies":"Snecko","floor":27.0,"turns":5.0},{"damage":15.0,"enemies":"Sentry and Sphere","floor":29.0,"turns":4.0},{"damage":0.0,"enemies":"Champ","floor":33.0,"turns":8.0},{"damage":1.0,"enemies":"3 Darklings","floor":35.0,"turns":7.0},{"damage":0.0,"enemies":"Orb Walker","floor":39.0,"turns":3.0},{"damage":1.0,"enemies":"Giant Head","floor":41.0,"turns":6.0},{"damage":0.0,"enemies":"Sphere and 2 Shapes","floor":42.0,"turns":1.0},{"damage":0.0,"enemies":"Writhing Mass","floor":45.0,"turns":1.0},{"damage":0.0,"enemies":"2 Orb Walkers","floor":46.0,"turns":1.0},{"damage":0.0,"enemies":"Reptomancer","floor":47.0,"turns":1.0},{"damage":0.0,"enemies":"Transient","floor":48.0,"turns":1.0},{"damage":0.0,"enemies":"Awakened One","floor":50.0,"turns":2.0},{"damage":0.0,"enemies":"Time Eater","floor":51.0,"turns":1.0},{"damage":3.0,"enemies":"Shield and Spear","floor":55.0,"turns":8.0},{"damage":31,"enemies":"The Heart","floor":56,"turns":8}],"seed_played":"3635511839796484416","potions_obtained":[{"floor":5.0,"key":"SteroidPotion"},{"floor":7.0,"key":"Block Potion"},{"floor":8.0,"key":"FearPotion"},{"floor":27.0,"key":"Strength Potion"},{"floor":29.0,"key":"Swift Potion"},{"floor":35.0,"key":"Energy Potion"}],"is_trial":false,"path_per_floor":["M","?","M","?","M","R","M","E","T","R","M","R","M","M","R","B",null,"M","$","?","?","M","R","M","M","T","M","R","M","?","$","R","B",null,"M","?","?","$","M","R","E","M","T","$","M","?","E","M","R","B","B",null,"R","$","E","B",null],"character_chosen":"IRONCLAD","items_purchased":["PowerPotion","Happy Flower","Strange Spoon","PrismaticShard","Cauldron"],"campfire_rested":3,"item_purchase_floors":[19,19,31,38,54],"current_hp_per_floor":[61,50,50,50,44,44,38,19,19,19,5,27,25,11,11,6,58,39,39,39,28,21,43,22,5,5,7,29,14,14,14,14,14,31,30,30,30,30,30,30,29,29,29,29,29,29,29,29,29,29,29,35,35,35,32,11],"gold":104,"neow_bonus":"BOSS_RELIC","is_daily":false,"chose_seed":false,"campfire_upgraded":5,"win_rate":0.0,"timestamp":1609833114,"path_taken":["M","?","M","?","M","R","M","E","T","R","M","R","M","?","R","BOSS","M","$","?","?","M","R","M","M","T","M","R","?","?","$","R","BOSS","M","?","?","$","M","R","E","M","T","?","M","?","E","M","R","BOSS","BOSS","R","$","E","BOSS"],"items_purchased_type":["Potion","Relic","Relic","Relic","Relic"],"build_version":"2020-12-22","purchased_purges":2,"victory":true,"max_hp_per_floor":[75,75,75,75,75,75,75,75,75,75,75,75,75,75,75,75,75,75,75,75,75,75,75,75,75,75,75,75,75,37,37,37,37,37,37,37,37,37,37,37,37,37,37,37,37,37,37,37,37,37,37,37,37,37,37,37],"relic_stats":{"Peace Pipe":1,"Strange Spoon":[42],"Happy Flower":[22],"Torii":0,"counters":[28,109],"Pandora\u0027s Box":["Exhume","Seeing Red","Impervious","Burning Pact","Armaments","Pummel","Feel No Pain"],"Boot":[35],"MawBank":156,"obtain_stats":[{"Happy Flower":19,"Torii":46,"Boot":8,"PrismaticShard":38,"MawBank":41,"Burning Blood":0,"Peace Pipe":47,"Frozen Eye":1,"Strange Spoon":31,"Cauldron":54,"Anchor":55,"Philosopher\u0027s Stone":0,"Pandora\u0027s Box":34,"Toy Ornithopter":9,"Pocketwatch":26},{"Happy Flower":10,"Torii":22,"Boot":5,"PrismaticShard":17,"MawBank":19,"Burning Blood":0,"Peace Pipe":23,"Frozen Eye":1,"Strange Spoon":15,"Cauldron":26,"Anchor":27,"Philosopher\u0027s Stone":0,"Pandora\u0027s Box":16,"Toy Ornithopter":5,"Pocketwatch":13},{"Happy Flower":41,"Torii":88,"Boot":20,"PrismaticShard":76,"MawBank":85,"Burning Blood":0,"Peace Pipe":89,"Frozen Eye":1,"Strange Spoon":61,"Cauldron":93,"Anchor":101,"Philosopher\u0027s Stone":0,"Pandora\u0027s Box":69,"Toy Ornithopter":20,"Pocketwatch":52}],"Toy Ornithopter":25,"Pocketwatch":[37]},"card_choices":[{"not_picked":["Clothesline","Shockwave"],"picked":"Battle Trance","floor":1.0},{"not_picked":["Body Slam","Dual Wield"],"picked":"Dark Embrace","floor":3.0},{"not_picked":["Heavy Blade","Shrug It Off"],"picked":"Bloodletting","floor":5.0},{"not_picked":["Searing Blow","Pommel Strike","Havoc"],"picked":"SKIP","floor":7.0},{"not_picked":["True Grit","Rage"],"picked":"Rampage","floor":8.0},{"not_picked":["Cleave","Wild Strike"],"picked":"Armaments","floor":11.0},{"not_picked":["Reckless Charge","Perfected Strike","Combust"],"picked":"SKIP","floor":13.0},{"not_picked":["Twin Strike","Sword Boomerang","Clash"],"picked":"SKIP","floor":14.0},{"not_picked":["Demon Form","Juggernaut"],"picked":"Fiend Fire","floor":16.0},{"not_picked":["Cleave","Entrench"],"picked":"Havoc+1","floor":18.0},{"not_picked":["Headbutt+1","Iron Wave"],"picked":"Shockwave","floor":22.0},{"not_picked":["Clothesline+1","Pommel Strike","Thunderclap+1"],"picked":"SKIP","floor":24.0},{"not_picked":["Pommel Strike","Juggernaut","Headbutt"],"picked":"SKIP","floor":25.0},{"not_picked":["Perfected Strike","Whirlwind","Headbutt"],"picked":"SKIP","floor":27.0},{"not_picked":["Clothesline","Headbutt"],"picked":"Feel No Pain+1","floor":29.0},{"not_picked":["Inflame","Havoc"],"picked":"Warcry+1","floor":35.0},{"not_picked":["WheelKick+1","Heel Hook","Collect"],"picked":"SKIP","floor":39.0},{"not_picked":["Pummel","Secret Weapon","Blade Dance"],"picked":"SKIP","floor":41.0},{"not_picked":["True Grit+1","Power Through+1","Distraction"],"picked":"SKIP","floor":42.0},{"not_picked":["Headbutt","Flex+1","Bouncing Flask"],"picked":"SKIP","floor":45.0},{"not_picked":["Reinforced Body","Meditate","Dual Wield"],"picked":"SKIP","floor":47.0},{"not_picked":["Loop+1","Blind+1","Havoc+1"],"picked":"SKIP","floor":48.0},{"not_picked":["Hyperbeam","Core Surge","Mayhem"],"picked":"SKIP","floor":55.0}],"player_experience":1332713,"relics_obtained":[{"floor":8.0,"key":"Boot"},{"floor":9.0,"key":"Toy Ornithopter"},{"floor":26.0,"key":"Pocketwatch"},{"floor":41.0,"key":"MawBank"},{"floor":46.0,"key":"Torii"},{"floor":47.0,"key":"Peace Pipe"},{"floor":55.0,"key":"Anchor"}],"event_choices":[{"damage_healed":0.0,"max_hp_gain":0.0,"max_hp_loss":0.0,"gold_gain":75.0,"event_name":"World of Goop","player_choice":"Gather Gold","floor":2.0,"gold_loss":0.0,"damage_taken":11.0},{"damage_healed":0.0,"max_hp_gain":0.0,"max_hp_loss":0.0,"gold_gain":50.0,"event_name":"Golden Shrine","player_choice":"Pray","floor":4.0,"gold_loss":0.0,"damage_taken":0.0},{"cards_removed":["Strike_R"],"damage_healed":0.0,"max_hp_gain":0.0,"max_hp_loss":0.0,"gold_gain":0.0,"event_name":"Back to Basics","player_choice":"Elegance","floor":20.0,"gold_loss":0.0,"damage_taken":0.0},{"damage_healed":0.0,"max_hp_gain":0.0,"max_hp_loss":0.0,"gold_gain":0.0,"event_name":"Wheel of Change","player_choice":"Damaged","floor":21.0,"gold_loss":0.0,"damage_taken":11.0},{"damage_healed":0.0,"max_hp_gain":0.0,"max_hp_loss":38.0,"gold_gain":0.0,"event_name":"Ghosts","player_choice":"Became a Ghost","floor":30.0,"gold_loss":0.0,"damage_taken":0.0,"cards_obtained":["Ghostly","Ghostly","Ghostly"]},{"cards_removed":["Feel No Pain"],"damage_healed":0.0,"max_hp_gain":0.0,"max_hp_loss":0.0,"gold_gain":0.0,"event_name":"Falling","player_choice":"Removed Power","floor":36.0,"gold_loss":0.0,"damage_taken":0.0},{"damage_healed":0.0,"max_hp_gain":0.0,"max_hp_loss":0.0,"gold_gain":0.0,"event_name":"SensoryStone","player_choice":"Memory 1","floor":37.0,"gold_loss":0.0,"damage_taken":0.0},{"damage_healed":0.0,"max_hp_gain":0.0,"max_hp_loss":0.0,"gold_gain":0.0,"event_name":"Mysterious Sphere","player_choice":"Fight","floor":46.0,"gold_loss":0.0,"damage_taken":0.0}],"is_beta":false,"boss_relics":[{"not_picked":["Busted Crown","Mark of Pain","Sozu"]},{"not_picked":["Tiny House","Calling Bell"],"picked":"Pandora\u0027s Box"}],"items_purged_floors":[19,54],"is_endless":false,"potions_floor_spawned":[5,7,8,11,27,29,33,35,42,45,47,55],"ascension_level":20}}