{"host":"appz8zkad29u9482","time":1609883153,"event":{"mods":["2.2 Compatiblity","Act Like it!","Aspiration","BaseMod","Beaked The Cultist","Better Altar","Better Match","Better Note","Better Skull","Better Third Choice","BetterRewards","CapriCore","Conspire","Disable Question Mark Monsters","Energized Spire","Gensokyo","GifTheSpireLib","Gold Saver","Halation","Hermit","Hubris","Infinite Spire","Jedi Mod","Jorbs\u0027s Wanderer Trilogy","Koishi","Marisa????????","Minty Spire (QoL Compilation)","Permanent Neow","Reimu??????","Replay The Spire","Spicy Shops","StSLib","Strawberry Spire","Stuff the Spire","The Administrix","The Cursed","The Hierophant","The Immortal","The Marked","The Servant 0.9.4","yUi"],"gold_per_floor":[1007,1041,1060,1078,464,464,477,477,477,477,504,514,514,539,539,639,639,649,669,689,708,708,708,708,708,798,387,387,387,401,430,430,526,526,544,272,287,303,321,321,379,379,426,426,444,444,457,489,489,489],"floor_reached":51,"playtime":3920,"items_purged":["Shame"],"score":1164,"play_id":"47232590-a9de-4ae3-909d-3613523c02c3","local_time":"20210105114553","is_ascension_mode":true,"campfire_choices":[{"data":"StuffTheSpire:BrimstoneBlast","floor":6,"key":"SMITH"},{"floor":8,"key":"REST"},{"floor":10,"key":"REST"},{"data":"Distraction","floor":10,"key":"SMITH"},{"data":"strawberrySpire:Momentum","floor":15,"key":"SMITH"},{"floor":23,"key":"REST"},{"data":"strawberrySpire:Rummage","floor":23,"key":"SMITH"},{"data":"StuffTheSpire:Ambrosia","floor":25,"key":"SMITH"},{"data":"Distraction","floor":32,"key":"SMITH"},{"floor":40,"key":"RECALL"},{"data":"strawberrySpire:Momentum","floor":42,"key":"SMITH"},{"data":"hubris:EnhanceAbility","floor":44,"key":"SMITH"},{"data":"jedi:studyshivs","floor":46,"key":"SMITH"}],"circlet_count":0,"master_deck":["Defend_G","Defend_G","Defend_G+1","Defend_G","Defend_G+1","Neutralize","strawberrySpire:Momentum+1","Distraction+1","Distraction","Survivor","strawberrySpire:Urgency","Hidden Blade","Caltrops+1","StuffTheSpire:BrimstoneBlast+1","Venomology","Distraction+1","Distraction","Distraction","Distraction","Distraction","Escape Plan","strawberrySpire:Insectonator","PiercingWail","Venomology","Bullet Time","StuffTheSpire:Python","Poisoned Stab","strawberrySpire:Rummage+1","StuffTheSpire:MirrorStance+1","Bite+1","Bite","Bite","Bite","Bite","StuffTheSpire:Ambrosia+1","StuffTheSpire:Python","Caltrops","Dash","ReplayTheSpireMod:Black Plague+1","StuffTheSpire:ClusterCrunch","jedi:studyshivs+1","Deflect+1","hubris:EnhanceAbility+1","strawberrySpire:Momentum+1","Backflip+1","StuffTheSpire:Python+1","Poison Darts","Deflect","Dodge and Roll+1","ReplayTheSpireMod:Black Plague+1","ReplayTheSpireMod:Black Plague+1"],"relics":["Ring of the Snake","Garlic","halation:LostSnail","Medical Kit","hubris:MedicalManual","StuffTheSpire:Mouthbags","hubris:BottledRain","infinitespire:Bottled Soul","Snake Skull","strawberrySpire:BrokenPrinter","infinitespire:Magic Flask","Simple Rune","Eternal Feather","Philosopher\u0027s Stone","strawberrySpire:StillNotAdequateHouse","Juzu Bracelet","Membership Card","ReplayTheSpireMod:TigerMarble","aspiration:Headhunter","conspire:TopHat","Painkiller Herb","conspire:TreasureMap","StuffTheSpire:WitherSkull","Oddly Smooth Stone","Question Card","aspiration:Lifesprig"],"acts_visited":["Exordium","TheCity","TheBeyond"],"potions_floor_usage":[4,4,7,14,16,16,16,16,18,19,19,20,20,20,21,31,31,31,33,33,35,35,37,38,38,38,45,45,50,50],"damage_taken":[{"damage":0,"enemies":"Jaw Worm","floor":1,"turns":4},{"damage":24,"enemies":"conspire:MimicChest","floor":2,"turns":8},{"damage":2,"enemies":"2 Louse","floor":3,"turns":3},{"damage":9,"enemies":"infinitespire:Voidling","floor":4,"turns":4},{"damage":2,"enemies":"3 Louse","floor":7,"turns":3},{"damage":3,"enemies":"strawberrySpire:EnergyPylons","floor":11,"turns":3},{"damage":0,"enemies":"Gremlin Gang","floor":12,"turns":2},{"damage":7,"enemies":"Replay:BlueRogue","floor":14,"turns":4},{"damage":5,"enemies":"The Guardian","floor":16,"turns":6},{"damage":30,"enemies":"conspire:FuzzyDice","floor":18,"turns":4},{"damage":0,"enemies":"2 Thieves","floor":19,"turns":3},{"damage":34,"enemies":"conspire:HollyBat","floor":20,"turns":8},{"damage":0,"enemies":"3 Cultists","floor":21,"turns":3},{"damage":0,"enemies":"Chosen and Byrds","floor":30,"turns":2},{"damage":0,"enemies":"strawberrySpire:AncientClocktower","floor":31,"turns":8},{"damage":18,"enemies":"Automaton","floor":33,"turns":9},{"damage":6,"enemies":"3 Shapes","floor":35,"turns":2},{"damage":9,"enemies":"Orb Walker","floor":37,"turns":2},{"damage":0,"enemies":"3 Darklings","floor":38,"turns":5},{"damage":5,"enemies":"Maw","floor":39,"turns":6},{"damage":21,"enemies":"4 Shapes","floor":45,"turns":4},{"damage":18,"enemies":"Spire Growth","floor":47,"turns":3},{"damage":24,"enemies":"strawberrySpire:EssenceStones","floor":48,"turns":4},{"damage":16,"enemies":"Time Eater","floor":50,"turns":6}],"seed_played":"-364356607366709493","potions_obtained":[{"floor":2,"key":"Adrenaline Potion"},{"floor":3,"key":"Weak Potion"},{"floor":13,"key":"Energy Potion"},{"floor":13,"key":"SteroidPotion"},{"floor":13,"key":"Venom Potion"},{"floor":14,"key":"jedi:StrikingPotion"},{"floor":16,"key":"BlessingOfTheForge"},{"floor":18,"key":"Dexterity Potion"},{"floor":30,"key":"SkillPotion"},{"floor":33,"key":"CunningPotion"},{"floor":37,"key":"jedi:StrikingPotion"},{"floor":41,"key":"MagicPotion:ReiMu"}],"is_trial":false,"path_per_floor":["M","?","M","M","$","R","M","R","T","R","E","M","?","E","R","B",null,"M","M","M","M","?","R","?","R","T","$","AVR","?","M","E","R","B",null,"?","T","?","?","?","T","?","T","T","T","?","T","?","E","T","B",null],"character_chosen":"THE_SILENT","items_purchased":["strawberrySpire:Momentum","Distraction","Garlic","halation:LostSnail","Medical Kit","hubris:MedicalManual","StuffTheSpire:Mouthbags","infinitespire:Bottled Soul","Snake Skull","Venomology","strawberrySpire:BrokenPrinter","Juzu Bracelet","StuffTheSpire:Python","Membership Card","ReplayTheSpireMod:TigerMarble","Caltrops","Dash","hubris:EnhanceAbility","conspire:TreasureMap","StuffTheSpire:WitherSkull","strawberrySpire:Momentum"],"campfire_rested":3,"item_purchase_floors":[0,0,0,0,0,0,0,5,5,5,5,27,27,27,27,27,27,36,36,36,36],"current_hp_per_floor":[40,17,15,15,15,15,13,34,34,55,52,52,52,45,60,55,70,40,40,6,6,6,38,23,44,50,50,50,50,52,58,59,50,61,57,57,50,61,65,69,52,69,69,69,61,71,59,42,44,32],"gold":489,"neow_bonus":"","is_daily":false,"chose_seed":false,"campfire_upgraded":9,"win_rate":0.0,"timestamp":1609883153,"path_taken":["M","?","M","?","$","R","M","R","T","R","E","M","?","E","R","BOSS","M","M","?","M","?","R","?","R","T","?","AVR","?","M","E","R","BOSS","?","T","?","?","?","T","?","T","T","T","?","T","?","E","T","BOSS"],"items_purchased_type":["Card","Card","Relic","Relic","Relic","Relic","Relic","Relic","Relic","Card","Relic","Relic","Card","Relic","Relic","Card","Card","Card","Relic","Relic","Card"],"build_version":"2020-12-22","purchased_purges":1,"victory":true,"max_hp_per_floor":[70,70,70,70,70,70,70,70,70,70,70,70,70,70,70,70,70,70,70,70,70,49,49,49,49,55,55,55,55,57,59,59,61,61,63,63,65,67,69,69,69,69,69,69,71,71,73,75,75,77],"card_choices":[{"not_picked":["Outmaneuver","Finisher"],"picked":"Hidden Blade","floor":1},{"not_picked":["Heel Hook","Bane"],"picked":"Caltrops","floor":2},{"not_picked":["Dodge and Roll","hubris:SlightOfHand"],"picked":"StuffTheSpire:BrimstoneBlast","floor":3},{"not_picked":["strawberrySpire:DreamfoilDart","Bane","strawberrySpire:Urgency"],"picked":"SKIP","floor":4},{"not_picked":["Terror","Draining Mist"],"picked":"Escape Plan","floor":7},{"not_picked":["ReplayTheSpireMod:The Works","hubris:Counter"],"picked":"strawberrySpire:Insectonator","floor":11},{"not_picked":["Masterful Stab","strawberrySpire:SideSwipe"],"picked":"PiercingWail","floor":12},{"not_picked":["ReplayTheSpireMod:Speed Training","strawberrySpire:SpinKick"],"picked":"Venomology","floor":14},{"not_picked":["Doppelganger","strawberrySpire:HotShot"],"picked":"Bullet Time","floor":16},{"not_picked":["Blade Dance+1","strawberrySpire:Grapple+1"],"picked":"StuffTheSpire:Python","floor":18},{"not_picked":["ReplayTheSpireMod:Exploit Weakness","Underhanded Strike"],"picked":"Poisoned Stab","floor":19},{"not_picked":["hubris:SlightOfHand+1","StuffTheSpire:BumpUp"],"picked":"strawberrySpire:Rummage","floor":20},{"not_picked":["ReplayTheSpireMod:Speed Training","PiercingWail"],"picked":"StuffTheSpire:MirrorStance+1","floor":21},{"not_picked":["Reflex","StuffTheSpire:BumpUp"],"picked":"StuffTheSpire:ClusterCrunch","floor":30},{"not_picked":["Slice","Heel Hook","strawberrySpire:Rummage"],"picked":"SKIP","floor":31},{"not_picked":["Unload","A Thousand Cuts"],"picked":"jedi:studyshivs","floor":33},{"not_picked":["Well Laid Plans+1","Concentrate"],"picked":"Deflect+1","floor":35},{"not_picked":["strawberrySpire:Rummage","Flying Knee","Blade Dance+1"],"picked":"SKIP","floor":37},{"not_picked":["Quick Slash","Underhanded Strike+1","strawberrySpire:HopSkipAndJump"],"picked":"SKIP","floor":38},{"not_picked":["ReplayTheSpireMod:Speed Training","Bane"],"picked":"Backflip+1","floor":39},{"not_picked":["Poisoned Stab","Deflect+1"],"picked":"StuffTheSpire:Python+1","floor":41},{"not_picked":["StuffTheSpire:DoubleShiv","Tactician+1","strawberrySpire:SpinKick+1"],"picked":"Poison Darts","floor":45},{"not_picked":["Toxin Wave","Quick Slash","Bane"],"picked":"Deflect","floor":47},{"not_picked":["strawberrySpire:Pant+1","jedi:acidrain+1","PiercingWail"],"picked":"Dodge and Roll+1","floor":48}],"player_experience":478506,"relics_obtained":[{"floor":2,"key":"hubris:BottledRain"},{"floor":9,"key":"infinitespire:Magic Flask"},{"floor":11,"key":"Simple Rune"},{"floor":14,"key":"Eternal Feather"},{"floor":26,"key":"strawberrySpire:StillNotAdequateHouse"},{"floor":31,"key":"conspire:TopHat"},{"floor":41,"key":"Oddly Smooth Stone"},{"floor":43,"key":"Question Card"},{"floor":48,"key":"aspiration:Lifesprig"}],"event_choices":[{"damage_healed":0,"gold_gain":0,"player_choice":"Got Potions","damage_taken":0,"max_hp_gain":0,"max_hp_loss":0,"event_name":"Lab","floor":13,"gold_loss":0},{"damage_healed":0,"gold_gain":0,"player_choice":"Became a vampire","damage_taken":0,"max_hp_gain":0,"max_hp_loss":21,"event_name":"Vampires","floor":22,"gold_loss":0,"cards_obtained":["Bite","Bite","Bite","Bite","Bite"]},{"damage_healed":0,"gold_gain":0,"player_choice":"Forge","damage_taken":0,"max_hp_gain":0,"max_hp_loss":0,"event_name":"Accursed Blacksmith","floor":29,"gold_loss":0,"cards_upgraded":["ReplayTheSpireMod:Black Plague"]}],"is_beta":false,"boss_relics":[{"not_picked":["StuffTheSpire:Kangaroo","hubris:VirtuousBlindfold"],"picked":"Philosopher\u0027s Stone"},{"not_picked":["conspire:RunicOctahedron","Sozu"],"picked":"Painkiller Herb"}],"items_purged_floors":[5],"is_endless":false,"potions_floor_spawned":[2,3,14,16,18,19,30,33,37,47,48],"ascension_level":3}}