{"host":"a9vnnms65xyhpnqu","time":1609833834,"event":{"mods":["Bard","BaseMod","Colored Map","Colored Powertips","DeckTracker","Highlight Path","Minty Spire (QoL Compilation)","StSLib","The Bladedancer","The Cursed","The Elementalist","The Forsaken","The Necromancer","The Runesmith","The Servant 0.9.4","TheArtist","slay the spire mod where everything is the same but ironclad has a cowboy hat"],"gold_per_floor":[117,130,130,1,11,41,41,28,28,46,46,63,78,92,92,92,92],"floor_reached":16,"playtime":1171,"items_purged":[],"score":106,"play_id":"88663f0a-b8c4-4d69-aa9d-ef76db636694","local_time":"20210105000354","is_ascension_mode":false,"campfire_choices":[{"floor":7,"key":"REST"},{"floor":15,"key":"REST"}],"circlet_count":0,"master_deck":["Strike_S","Strike_S","Strike_S","Strike_S","Defend_S","Defend_S","Defend_S","Defend_S","KidneyShot","Exchange","Defy","GearUp","Foresight","Ricochet","SilverBlades","Revamp","Starlight","TimeWarp","Rearm","Ricochet"],"relics":["Uniform","NeowsBlessing","Bag of Marbles","Strawberry"],"acts_visited":["Exordium"],"potions_floor_usage":[16],"damage_taken":[{"damage":0,"enemies":"2 Louse","floor":1,"turns":1},{"damage":0,"enemies":"Cultist","floor":2,"turns":1},{"damage":0,"enemies":"Small Slimes","floor":5,"turns":2},{"damage":34,"enemies":"3 Sentries","floor":6,"turns":10},{"damage":0,"enemies":"Exordium Thugs","floor":8,"turns":4},{"damage":7,"enemies":"Blue Slaver","floor":10,"turns":5},{"damage":8,"enemies":"Large Slime","floor":12,"turns":7},{"damage":10,"enemies":"Lots of Slimes","floor":13,"turns":4},{"damage":15,"enemies":"Exordium Thugs","floor":14,"turns":5},{"damage":43,"enemies":"Hexaghost","floor":16,"turns":12}],"seed_played":"-6596868291502529605","potions_obtained":[{"floor":1,"key":"Regen Potion"},{"floor":2,"key":"GamblersBrew"},{"floor":3,"key":"EntropicBrew"},{"floor":3,"key":"SkillPotion"}],"is_trial":false,"path_per_floor":["M","M","?","$","M","E","R","M","T","M","?","M","M","M","R","B"],"character_chosen":"THE_SERVANT","items_purchased":["Foresight","Ricochet"],"campfire_rested":2,"item_purchase_floors":[4,4],"current_hp_per_floor":[65,65,65,65,65,31,50,50,57,50,55,47,37,22,43,0,0],"gold":92,"neow_bonus":"THREE_ENEMY_KILL","is_daily":false,"chose_seed":false,"campfire_upgraded":0,"win_rate":0.0,"timestamp":1609833834,"path_taken":["M","M","?","?","M","E","R","M","T","M","?","?","M","M","R","BOSS"],"items_purchased_type":["Card","Card"],"build_version":"2020-12-22","purchased_purges":0,"victory":false,"max_hp_per_floor":[65,65,65,65,65,65,65,65,72,72,72,72,72,72,72,72,72],"card_choices":[{"not_picked":["SpecialFormula","TimeWarp"],"picked":"Defy","floor":1},{"not_picked":["Potential","Advance"],"picked":"GearUp","floor":2},{"not_picked":["Hightail","Comet"],"picked":"SilverBlades","floor":5},{"not_picked":["Advance","DoubleEdge"],"picked":"Revamp","floor":6},{"not_picked":["Spin","FastForward"],"picked":"ShatteredReality","floor":8},{"not_picked":["Replace","ShatteredReality"],"picked":"Starlight","floor":10},{"not_picked":["Comet","Replace"],"picked":"TimeWarp","floor":12},{"not_picked":["Potential","Collapse"],"picked":"Rearm","floor":13},{"not_picked":["Foresight","Rearm"],"picked":"Ricochet","floor":14}],"player_experience":52263,"relics_obtained":[{"floor":6,"key":"Bag of Marbles"},{"floor":9,"key":"Strawberry"}],"event_choices":[{"damage_healed":0,"gold_gain":0,"player_choice":"Got Potions","damage_taken":0,"max_hp_gain":0,"max_hp_loss":0,"event_name":"Lab","floor":3,"gold_loss":0},{"cards_removed":["ShatteredReality"],"damage_healed":5,"gold_gain":0,"player_choice":"Offered Common","damage_taken":0,"max_hp_gain":0,"max_hp_loss":0,"event_name":"Bonfire Elementals","floor":11,"gold_loss":0},{"cards_removed":["ShatteredReality"],"damage_healed":5,"gold_gain":0,"player_choice":"Offered Special","damage_taken":0,"max_hp_gain":0,"max_hp_loss":0,"event_name":"Bonfire Elementals","floor":11,"gold_loss":0}],"is_beta":false,"boss_relics":[],"items_purged_floors":[],"is_endless":false,"potions_floor_spawned":[1,2,14],"killed_by":"Hexaghost","ascension_level":0}}