{"host":"xzhcbzki9vvz8ft5","time":1609885409,"event":{"mods":["AchievementEnabler","Act Like it!","BaseMod","Downfall","Hallownest","Hermit","Hubris","Jorbs\u0027s Wanderer Trilogy","Minty Spire (QoL Compilation)","Replay The Spire","StSLib","The Blackbeard","The Bug Knight","The Construct","The Cursed","The Disciple","The Hierophant","The Jungle","The Marked","The Mystic","The Necromancer","The Poker Player","The Saiyan","The Servant 0.9.4"],"gold_per_floor":[118,136,9,19,19,19,39,54,54,82,82,139,158,168,168,265,265,281,244,261,261,275,275,305,322,322,340,340,340],"floor_reached":28,"playtime":2218,"items_purged":[],"score":244,"play_id":"7b93a5c1-a0ce-4786-8e57-ec8d7ed3f96d","local_time":"20210105172329","daily_mods":["SealedDeck","Heirloom","DeadlyEvents"],"is_ascension_mode":false,"campfire_choices":[{"data":"theMarked:ComboAttacks","floor":6.0,"key":"SMITH"},{"floor":11.0,"key":"REST"},{"floor":15.0,"key":"REST"},{"floor":23,"key":"REST"}],"circlet_count":0,"master_deck":["theMarked:EmpowerWeapon","theMarked:Opportunist","theMarked:Frustration","theMarked:BanishingStrike","theMarked:WardOff","theMarked:Frustration","theMarked:Frustration","theMarked:WardOff","theMarked:ComboAttacks+1","theMarked:ParalyzingBlade","theMarked:HeritageOfTheMarked","theMarked:SwordAndMagic","theMarked:RogueSparks+1","theMarked:ShockingTouch","theMarked:DeterminationOfTheMarked","theMarked:SoldierForm","theMarked:RepellingDischarge+1","theMarked:Vacuum"],"relics":["theMarked:ArtifactOfAir","Ice Cream","ReplayTheSpireMod:TigerMarble","Guardian:GemstoneGun","Incense Burner","Busted Crown","hubris:Towel","Replay:Multitool","Durian"],"acts_visited":["Exordium","TheCity"],"potions_floor_usage":[27],"damage_taken":[{"damage":0.0,"enemies":"Cultist","floor":1.0,"turns":3.0},{"damage":5.0,"enemies":"Small Slimes","floor":2.0,"turns":3.0},{"damage":8.0,"enemies":"Jaw Worm","floor":4.0,"turns":3.0},{"damage":17.0,"enemies":"Large Slime","floor":7.0,"turns":4.0},{"damage":11.0,"enemies":"2 Fungi Beasts","floor":8.0,"turns":3.0},{"damage":12.0,"enemies":"Lagavulin","floor":10.0,"turns":4.0},{"damage":11.0,"enemies":"Lagavulin Event","floor":12.0,"turns":3.0},{"damage":0.0,"enemies":"Lots of Slimes","floor":13.0,"turns":1.0},{"damage":0.0,"enemies":"Exordium Wildlife","floor":14.0,"turns":3.0},{"damage":16.0,"enemies":"Slime Boss","floor":16.0,"turns":5.0},{"damage":10.0,"enemies":"Chosen","floor":18.0,"turns":3.0},{"damage":10,"enemies":"2 Thieves","floor":20,"turns":3},{"damage":15,"enemies":"Snecko","floor":22,"turns":4},{"damage":22,"enemies":"Gremlin Leader","floor":24,"turns":4},{"damage":13,"enemies":"Snake Plant","floor":25,"turns":3},{"damage":13,"enemies":"Shelled Parasite and Fungi","floor":27,"turns":4}],"seed_played":"8558407517953595980","potions_obtained":[{"floor":1.0,"key":"Languid Potion"},{"floor":4.0,"key":"Elixir"},{"floor":10.0,"key":"Explosive Potion"},{"floor":12.0,"key":"Ancient Potion"},{"floor":13.0,"key":"Elixir"},{"floor":20,"key":"Swift Potion"},{"floor":22,"key":"AttackPotion"},{"floor":27,"key":"SkillPotion"}],"is_trial":true,"path_per_floor":["M","M","$","M","?","R","M","M","T","E","R","?","M","M","R","B",null,"M","$","M","?","M","R","E","M","T","M","?"],"character_chosen":"THE_DEFAULT","items_purchased":["theMarked:HeritageOfTheMarked","theMarked:SwordAndMagic","theMarked:RepellingDischarge+1"],"campfire_rested":3,"item_purchase_floors":[3,3,19],"current_hp_per_floor":[70,65,65,57,57,57,40,29,29,17,38,27,27,27,48,32,70,60,60,50,50,35,56,34,21,26,13,0,0],"gold":340,"neow_bonus":"","is_daily":false,"chose_seed":false,"campfire_upgraded":1,"win_rate":0.0,"timestamp":1609885409,"path_taken":["M","M","?","M","?","R","M","M","T","E","R","?","M","?","R","BOSS","M","$","M","?","M","R","E","M","T","M","?"],"items_purchased_type":["Card","Card","Card"],"build_version":"2020-12-22","purchased_purges":0,"victory":false,"max_hp_per_floor":[70,70,70,70,70,70,70,70,70,70,70,70,70,70,70,70,70,70,70,70,70,70,70,70,70,75,75,75,75],"card_choices":[{"not_picked":["theMarked:Improvise","theMarked:ReduceFriction"],"picked":"theMarked:ParalyzingBlade","floor":1.0},{"not_picked":["theMarked:PowerFlow","theMarked:MaelstromOfLightning","theMarked:Improvise"],"picked":"SKIP","floor":2.0},{"not_picked":["theMarked:WastefulAttack","theMarked:WastefulDefense","theMarked:CreepingChasm"],"picked":"SKIP","floor":4.0},{"not_picked":["theMarked:Aftermath","theMarked:HeightenedSenses","theMarked:WastefulDefense"],"picked":"SKIP","floor":7.0},{"not_picked":["theMarked:CreepingChasm","theMarked:ElectricStrings"],"picked":"theMarked:ShockingTouch","floor":8.0},{"not_picked":["theMarked:ResourceFulStrike","theMarked:ChainLightning","theMarked:ElectricStrings"],"picked":"SKIP","floor":10.0},{"not_picked":["theMarked:RepellingDischarge","theMarked:Parkour"],"picked":"theMarked:DeterminationOfTheMarked","floor":12.0},{"not_picked":["theMarked:MuscleMemory","theMarked:Generate","theMarked:Parry"],"picked":"SKIP","floor":13.0},{"not_picked":["theMarked:ComboAttacks","theMarked:TwofoldDefense","theMarked:WastefulAttack"],"picked":"SKIP","floor":14.0},{"not_picked":["theMarked:SummonStrength","theMarked:SuspiciousRaven"],"picked":"theMarked:SoldierForm","floor":16.0},{"not_picked":["theMarked:RepellingDischarge"],"picked":"SKIP","floor":18.0},{"not_picked":["theMarked:CreepingChasm"],"picked":"SKIP","floor":20},{"not_picked":["theMarked:Aftermath"],"picked":"SKIP","floor":22},{"not_picked":[],"picked":"theMarked:Vacuum","floor":24},{"not_picked":["theMarked:Aftermath"],"picked":"SKIP","floor":25},{"not_picked":["theMarked:ChainLightning"],"picked":"SKIP","floor":27}],"player_experience":596780,"relics_obtained":[{"floor":9.0,"key":"ReplayTheSpireMod:TigerMarble"},{"floor":10.0,"key":"Guardian:GemstoneGun"},{"floor":12.0,"key":"Incense Burner"},{"floor":24,"key":"Replay:Multitool"},{"floor":26,"key":"Durian"}],"event_choices":[{"damage_healed":0.0,"max_hp_gain":0.0,"max_hp_loss":0.0,"gold_gain":0.0,"event_name":"Dead Adventurer","player_choice":"Searched \u00271\u0027 times","floor":12.0,"gold_loss":0.0,"damage_taken":0.0}],"is_beta":false,"boss_relics":[{"not_picked":["Snecko Heart","hubris:RunicObelisk"],"picked":"Busted Crown"}],"items_purged_floors":[],"is_endless":false,"potions_floor_spawned":[1,4,10,12,13,20,22,27],"ascension_level":0}}