{"host":"b56lo9oh28pgpcwb","time":1609890505,"event":{"mods":["2.2 Compatiblity","AchievementEnabler","Act Like it!","Aspiration","Astrologer","BaseMod","Beaked The Cultist","Better Third Choice","BetterRewards","Colored Map","Conspire","Energized Spire","Hallownest","Hermit","Hubris","Minty Spire (QoL Compilation)","Quick Restart","READ ME - Guardian Mod","Shade Mod","StSLib","Strawberry Spire","The Bug Knight","The Cursed","The Disciple","The Hierophant","The IronCluck","The Jungle","The Runesmith","Wandering Minibosses"],"gold_per_floor":[117,143,158,7,7,33,33,68,117,144,144,69,69,69,69,166,166,176,211,231,256,268,301,330,321,348,348,348,380,380,396,396,499,499,512,559,592,592,612,640,640,654,654,654,671,671,698,710,710,710],"floor_reached":51,"playtime":3830,"items_purged":[],"score":1097,"play_id":"d671e5d3-0fdd-4221-a3be-e282ed5f5ea1","local_time":"20210106104825","daily_mods":["SealedDeck"],"is_ascension_mode":false,"campfire_choices":[{"data":"Runesmith:MetallurgicalResearch","floor":7,"key":"SMITH"},{"data":"Runesmith:FieryHammer","floor":11,"key":"SMITH"},{"data":"Runesmith:FieryHammer+1","floor":13,"key":"SMITH"},{"data":"Runesmith:FieryHammer+2","floor":15,"key":"SMITH"},{"data":"Runesmith:FieryHammer+3","floor":28,"key":"SMITH"},{"data":"Runesmith:FieryHammer+4","floor":32,"key":"SMITH"},{"data":"Runesmith:FieryHammer+5","floor":41,"key":"SMITH"},{"data":"Runesmith:FieryHammer+6","floor":44,"key":"SMITH"},{"data":"Runesmith:FieryHammer+7","floor":49,"key":"SMITH"}],"circlet_count":0,"master_deck":["Runesmith:FieryHammer+8","Runesmith:ChaoticBlast","Runesmith:CraftVitae","Runesmith:EnergizedChisel","Runesmith:HeatedChisel","Runesmith:Discharge","Runesmith:Grindstone","Runesmith:EarthShield","Runesmith:EarthShield","Runesmith:NegativeSpace","Runesmith:MetallurgicalResearch+1","Runesmith:HammerThrow","Runesmith:GenerateForcefield","Runesmith:CraftSpiculum","Runesmith:CraftMagma+1","Runesmith:Attraction","Runesmith:ArcReactor","Runesmith:GoWithTheFlow+1","hubris:DuctTapeCard","Runesmith:CraftMagma","Runesmith:FieryHammer+7","Runesmith:FieryHammer+7"],"relics":["Runesmith:BrokenRuby","Omamori","Bag of Preparation","Unceasing Top","Juzu Bracelet","HollowMod:PaleOreRelic","Hallownest:BankAccountRelic","Hallownest:DreamNailRelic","beaked:MawFillet","Du-Vu Doll","Strawberry","FossilizedHelix","Pantograph","strawberrySpire:MawJerky","aspiration:RitualStick","Pen Nib","Cursed Key","Thread and Needle","hubris:DuctTape","Incense Burner","Mercury Hourglass","Regal Pillow"],"acts_visited":["Exordium","TheCity","TheBeyond"],"potions_floor_usage":[21,21,35,39,50],"damage_taken":[{"damage":2,"enemies":"Hallownest:monsterHuskWarrior","floor":1,"turns":3},{"damage":2,"enemies":"Hallownest:2_Baldur","floor":3,"turns":2},{"damage":0,"enemies":"Hallownest:eliteVengeflyKing","floor":6,"turns":6},{"damage":0,"enemies":"Hallownest:eliteMossKnight","floor":8,"turns":4},{"damage":0,"enemies":"Hallownest:eliteVengeflyKing","floor":10,"turns":3},{"damage":5,"enemies":"Hallownest:BossFalseKnight","floor":16,"turns":5},{"damage":0,"enemies":"Spheric Guardian","floor":18,"turns":2},{"damage":0,"enemies":"conspire:Head Lice","floor":19,"turns":4},{"damage":0,"enemies":"conspire:FuzzyDice","floor":20,"turns":5},{"damage":2,"enemies":"strawberrySpire:AncientClocktower","floor":21,"turns":5},{"damage":0,"enemies":"Snake Plant","floor":22,"turns":3},{"damage":1,"enemies":"conspire:SneckoGhost","floor":23,"turns":4},{"damage":0,"enemies":"strawberrySpire:AncientClocktower","floor":24,"turns":5},{"damage":0,"enemies":"conspire:Head Lice","floor":29,"turns":4},{"damage":0,"enemies":"Sentry and Sphere","floor":31,"turns":4},{"damage":0,"enemies":"conspire:MysteriousRune","floor":33,"turns":6},{"damage":0,"enemies":"Orb Walker","floor":35,"turns":2},{"damage":0,"enemies":"2 Orb Walkers","floor":36,"turns":4},{"damage":0,"enemies":"Reptomancer","floor":37,"turns":4},{"damage":9,"enemies":"3 Darklings","floor":39,"turns":3},{"damage":18,"enemies":"strawberrySpire:EssenceStones","floor":40,"turns":4},{"damage":0,"enemies":"4 Shapes","floor":42,"turns":4},{"damage":0,"enemies":"Maw","floor":45,"turns":3},{"damage":0,"enemies":"Giant Head","floor":47,"turns":5},{"damage":3,"enemies":"Sphere and 2 Shapes","floor":48,"turns":1},{"damage":22,"enemies":"Time Eater","floor":50,"turns":7}],"seed_played":"4326677163220673667","potions_obtained":[{"floor":1,"key":"Fire Potion"},{"floor":6,"key":"Energy Potion"},{"floor":10,"key":"Energy Potion"},{"floor":19,"key":"SkillPotion"},{"floor":20,"key":"PowerPotion"},{"floor":22,"key":"SpeedPotion"},{"floor":33,"key":"LiquidMemories"},{"floor":35,"key":"FairyPotion"},{"floor":39,"key":"SteroidPotion"}],"is_trial":true,"path_per_floor":["M","T","M","$","?","E","R","E","T","E","R","?","R","?","R","B",null,"M","E","M","E","M","E","E","$","T","?","R","E","?","M","R","B",null,"M","?","E","?","M","E","R","M","T","R","M","?","E","M","R","B",null],"character_chosen":"RUNESMITH_CLASS","items_purchased":["Runesmith:MetallurgicalResearch","SkillPotion"],"campfire_rested":0,"item_purchase_floors":[4,25],"current_hp_per_floor":[68,68,66,66,66,66,66,66,66,66,66,66,66,66,66,61,70,70,70,70,75,75,74,74,74,74,64,64,68,63,63,63,63,86,86,86,90,90,81,67,67,67,67,67,67,49,53,50,50,53],"gold":710,"neow_bonus":"","is_daily":false,"chose_seed":false,"campfire_upgraded":9,"win_rate":0.0,"timestamp":1609890505,"path_taken":["M","?","?","$","?","E","R","E","T","E","R","?","R","?","R","BOSS","M","E","M","E","M","E","E","?","T","?","R","E","?","M","R","BOSS","M","?","E","?","M","E","R","M","T","R","M","?","E","M","R","BOSS"],"items_purchased_type":["Card","Potion"],"build_version":"2020-12-22","purchased_purges":0,"victory":true,"max_hp_per_floor":[70,70,70,70,70,70,70,70,70,70,70,70,70,70,70,70,70,70,70,70,77,77,77,77,77,77,77,77,81,86,86,86,86,86,86,86,90,90,90,94,94,94,94,94,94,94,98,98,98,98],"card_choices":[{"not_picked":["Runesmith:StaticCage","Runesmith:Accelerate"],"picked":"Runesmith:ChiselStab","floor":1},{"not_picked":["Runesmith:ChiselStab","Runesmith:CraftIncendium"],"picked":"Runesmith:NegativeSpace","floor":3},{"not_picked":["Runesmith:ShiftingStrike","Runesmith:CraftProtectio","Runesmith:Overpower"],"picked":"SKIP","floor":6},{"not_picked":["Runesmith:UnstableHammer","Runesmith:StaticCage"],"picked":"Runesmith:HammerThrow","floor":8},{"not_picked":["Runesmith:DoubleUp","Runesmith:GrandSlam","Runesmith:Refine"],"picked":"SKIP","floor":10},{"not_picked":["Runesmith:GrandSlam","Runesmith:CraftMedicinae"],"picked":"Runesmith:GenerateForcefield","floor":16},{"not_picked":["Runesmith:Empowerment","Runesmith:Electrocute","Runesmith:FieryHammer+1"],"picked":"SKIP","floor":18},{"not_picked":["Runesmith:ShiftingStrike","Runesmith:EnergizedChisel","Runesmith:RuneHurl"],"picked":"SKIP","floor":19},{"not_picked":["Runesmith:RuneHurl","Runesmith:BackupBattery","Runesmith:MakeshiftArmor+1"],"picked":"SKIP","floor":20},{"not_picked":["Runesmith:HammerTime","Runesmith:UnstableHammer"],"picked":"Runesmith:CraftSpiculum","floor":21},{"not_picked":["Runesmith:RunicBlueprint+1","Runesmith:Superposition+1"],"picked":"Runesmith:CraftMagma+1","floor":22},{"not_picked":["Runesmith:Grindstone","Runesmith:MetallurgicalResearch","Runesmith:CraftIncendium"],"picked":"SKIP","floor":23},{"not_picked":["Runesmith:MakeshiftArmor+1","Runesmith:Repurpose","Runesmith:UnstableHammer+1"],"picked":"SKIP","floor":24},{"not_picked":["Runesmith:Overpower","Runesmith:EarthShield"],"picked":"Runesmith:Attraction","floor":29},{"not_picked":["Runesmith:EarthShield","Runesmith:CraftProtectio","Runesmith:HammerThrow"],"picked":"SKIP","floor":31},{"not_picked":["Runesmith:CraftIndustria","Runesmith:CraftPrismatica"],"picked":"Runesmith:ArcReactor","floor":33},{"not_picked":["Runesmith:MakeshiftArmor","Runesmith:BackupBattery"],"picked":"Runesmith:GoWithTheFlow+1","floor":35},{"not_picked":["Runesmith:NegativeSpace","Runesmith:Electrocute","Runesmith:ReplicatingBarrier"],"picked":"SKIP","floor":37},{"not_picked":["Runesmith:Overpower+1","Runesmith:StaticCage"],"picked":"Runesmith:CraftMagma","floor":39},{"not_picked":["Runesmith:HammerThrow+1","Runesmith:Repurpose+1","Runesmith:EnergizedChisel"],"picked":"SKIP","floor":40},{"not_picked":["Runesmith:CraftProtectio+1","Runesmith:Refine+1","Runesmith:Electrocute"],"picked":"SKIP","floor":42},{"not_picked":["Runesmith:Overpower+1","Runesmith:EarthShield+1","Runesmith:ChiselStab"],"picked":"SKIP","floor":45},{"not_picked":["Runesmith:Grindstone+1","Runesmith:FissionHammer","Runesmith:HeatedChisel+1"],"picked":"SKIP","floor":47},{"not_picked":["Runesmith:Grindstone","Runesmith:CraftIncendium","Runesmith:Accelerate"],"picked":"SKIP","floor":48}],"player_experience":1439235,"relics_obtained":[{"floor":2,"key":"Omamori"},{"floor":6,"key":"Bag of Preparation"},{"floor":8,"key":"Unceasing Top"},{"floor":9,"key":"Juzu Bracelet"},{"floor":10,"key":"HollowMod:PaleOreRelic"},{"floor":19,"key":"Du-Vu Doll"},{"floor":21,"key":"Strawberry"},{"floor":23,"key":"FossilizedHelix"},{"floor":24,"key":"Pantograph"},{"floor":26,"key":"strawberrySpire:MawJerky"},{"floor":29,"key":"Pen Nib"},{"floor":36,"key":"Thread and Needle"},{"floor":37,"key":"hubris:DuctTape"},{"floor":40,"key":"Incense Burner"},{"floor":43,"key":"Mercury Hourglass"},{"floor":47,"key":"Regal Pillow"}],"event_choices":[{"damage_healed":0,"gold_gain":0,"player_choice":"Leave","damage_taken":0,"max_hp_gain":0,"max_hp_loss":0,"event_name":"conspire:Investor","floor":5,"gold_loss":0},{"damage_healed":0,"gold_gain":0,"player_choice":"Shed Blood","damage_taken":20,"max_hp_gain":5,"max_hp_loss":0,"event_name":"Forgotten Altar","floor":30,"gold_loss":0},{"damage_healed":0,"gold_gain":0,"player_choice":"Fight","damage_taken":0,"max_hp_gain":0,"max_hp_loss":0,"event_name":"Mysterious Sphere","floor":36,"gold_loss":0}],"is_beta":false,"boss_relics":[{"not_picked":["aspiration:PoetsPen_weak","aspiration:SecretTechniqueScroll"],"picked":"beaked:MawFillet"},{"not_picked":["Tiny House","strawberrySpire:RottenAvocado"],"picked":"Cursed Key"}],"items_purged_floors":[],"is_endless":false,"potions_floor_spawned":[1,6,10,16,19,20,22,33,35,37,39,40,45],"ascension_level":0}}