{"host":"1zjc08c6hob33401","time":1609847309,"event":{"mods":["AchievementEnabler","Act Like it!","Aspiration","BaseMod","Downfall","Energized Spire","Evolution","GifTheSpireLib","Hubris","Infinite Spire","Jedi Mod","Minty Spire (QoL Compilation)","Pale of the Ancients","Quick Restart","Replay The Spire","Retaliation","Shop Mod","StSLib","Stuff the Spire","The Blue Laboratory","Wandering Minibosses","vexMod"],"gold_per_floor":[112,112,125,32,51,51,51,79,79,90,15,15,26,46,46,148,148,162,182,61,81,8,37,37,37,37,64,164,195,195,213,213,313,313,348,390,390,390,437,437,437,437,495,540,540,540,640,692,755,755,755,755,821,893,982,122,122,146,146,193,193,193],"floor_reached":63,"playtime":5945,"items_purged":["Slimebound:Defend_Slimebound","Slimebound:Defend_Slimebound","Slimebound:Defend_Slimebound"],"score":1892,"play_id":"29dbd984-a0fe-406e-ad38-1424f8b896b0","local_time":"20210105134829","is_ascension_mode":true,"campfire_choices":[{"data":"Replay:SS_fish_3","floor":7.0,"key":"SMITH"},{"data":"Slimebound:AcidTongue","floor":12.0,"key":"SMITH"},{"data":"Slimebound:CorrosiveSpit","floor":15.0,"key":"SMITH"},{"data":"Slimebound:MassFeed","floor":24.0,"key":"SMITH"},{"data":"hubris:InfiniteBlow+13","floor":30.0,"key":"SMITH"},{"data":"hubris:InfiniteBlow+14","floor":32.0,"key":"SMITH"},{"data":"hubris:InfiniteBlow+28","floor":42.0,"key":"SMITH"},{"data":"hubris:InfiniteBlow+29","floor":46.0,"key":"SMITH"},{"data":"hubris:InfiniteBlow+69","floor":51.0,"key":"SMITH"},{"data":"hubris:InfiniteBlow+70","floor":57.0,"key":"SMITH"},{"data":"hubris:InfiniteBlow+71","floor":59.0,"key":"SMITH"}],"circlet_count":0,"master_deck":["Slimebound:Strike_Slimebound","Slimebound:Strike_Slimebound","Slimebound:Strike_Slimebound","Slimebound:Tackle","Slimebound:Split+1","Slimebound:CorrosiveSpit+1","Slimebound:SlimeBarrage","Slimebound:GoopTackle","Replay:SS_fish_3+1","Slimebound:HungryTackle","Slimebound:Nibble","Slimebound:AcidTongue+1","Slimebound:ItLooksTasty","Slimebound:SplitLeeching","Slimebound:MassFeed+1","Slimebound:FormOfPuddle","Slimebound:SlimeBrawl+1","expansioncontent:Corrupt","expansioncontent:GoopSpray","expansioncontent:Chronoboost","Slimebound:SpikyOuterGoop","Slimebound:DouseInSlime","infinitespire:Gouge","Slimebound:HauntingLick+1","hubris:InfiniteBlow+85","Slimebound:SplitSpecialist","Slimebound:Recollect","Slimebound:SlimeSlap","Slimebound:PressTheAttack+1","Slimebound:Chomp+1","Slimebound:TagTeam","Slimebound:Recollect+1","Slimebound:OneTwoCombo","infinitespire:Starlight","Slimebound:FormOfPuddle","Slimebound:FormOfPuddle+1","Slimebound:FinishingTackle+1","Slimebound:SpikyOuterGoop+1","Slimebound:SplitSpecialist+1"],"relics":["Slimebound:AbsorbEndCombat","EVO:Axolotl","aspiration:Nostalgia","champ:ChampionCrown","hubris:Towel","Turnip","ReplayTheSpireMod:Lightbulb","energizedSpire:DeadBattery","ReplayTheSpireMod:ShopPack","StuffTheSpire:OldFever","Thread and Needle","Pondfish Scales","Centennial Puzzle","SlaversCollar","infinitespire:EvilPickle","StuffTheSpire:Experiment12","Incense Burner","infinitespire:Satchel","Kunai","hubris:Spice","paleoftheancients:Timepiece","paleoftheancients:KeyRelic","Gremlin Horn","CultistMask","paleoftheancients:SoulOfTheThorton","jedi:kaleidoscope","Toolbox","paleoftheancients:SoulOfTheVixen","Replay:Rubber Ducky"],"acts_visited":["Exordium","TheCity","TheBeyond","paleoftheancients:PaleOfTheAncients"],"potions_floor_usage":[62,62],"damage_taken":[{"damage":10.0,"enemies":"Jaw Worm","floor":1.0,"turns":5.0},{"damage":15.0,"enemies":"2 Louse","floor":3.0,"turns":3.0},{"damage":13.0,"enemies":"Small Slimes","floor":5.0,"turns":3.0},{"damage":14.0,"enemies":"Replay:BlueRogue","floor":8.0,"turns":4.0},{"damage":33.0,"enemies":"Gremlin Gang","floor":10.0,"turns":3.0},{"damage":23.0,"enemies":"Red Slaver","floor":13.0,"turns":4.0},{"damage":11.0,"enemies":"Lots of Slimes","floor":14.0,"turns":2.0},{"damage":62.0,"enemies":"Hexaghost","floor":16.0,"turns":7.0},{"damage":19.0,"enemies":"Chosen","floor":18.0,"turns":3.0},{"damage":42.0,"enemies":"2 Thieves","floor":19.0,"turns":3.0},{"damage":22.0,"enemies":"3 Cultists","floor":21.0,"turns":5.0},{"damage":72.0,"enemies":"Nightmare","floor":23.0,"turns":6.0},{"damage":8.0,"enemies":"Gremlin Leader","floor":27.0,"turns":3.0},{"damage":23.0,"enemies":"Slavers","floor":29.0,"turns":3.0},{"damage":8.0,"enemies":"Snake Plant","floor":31.0,"turns":2.0},{"damage":25.0,"enemies":"Pondfish","floor":33.0,"turns":5.0},{"damage":19.0,"enemies":"3 Darklings","floor":35.0,"turns":2.0},{"damage":33.0,"enemies":"3 Shapes","floor":36.0,"turns":5.0},{"damage":0.0,"enemies":"2 Orb Walkers","floor":39.0,"turns":1.0},{"damage":0.0,"enemies":"R_Hoarder","floor":43.0,"turns":1.0},{"damage":0.0,"enemies":"Spire Growth","floor":44.0,"turns":2.0},{"damage":0.0,"enemies":"infinitespire:Three Voidlings","floor":47.0,"turns":4.0},{"damage":55.0,"enemies":"Nightmare_Alpha","floor":47.0,"turns":7.0},{"damage":13.0,"enemies":"Transient","floor":48.0,"turns":4.0},{"damage":12.0,"enemies":"3 Darklings","floor":49.0,"turns":4.0},{"damage":24.0,"enemies":"infinitespire:MassOfShapes","floor":52.0,"turns":4.0},{"damage":0.0,"enemies":"infinitespire:MassOfShapes","floor":53.0,"turns":1.0},{"damage":34.0,"enemies":"infinitespire:MassOfShapes","floor":54.0,"turns":4.0},{"damage":9.0,"enemies":"paleoftheancients:Thorton3","floor":55.0,"turns":4.0},{"damage":69.0,"enemies":"paleoftheancients:Thorton3","floor":58.0,"turns":4.0},{"damage":169,"enemies":"paleoftheancients:N","floor":62,"turns":10}],"seed_played":"-2716916280532978415","potions_obtained":[{"floor":3.0,"key":"blueLaboratory:TrueEctoplasm"},{"floor":16.0,"key":"blueLaboratory:ArtificerPotion"},{"floor":19.0,"key":"Weak Potion"},{"floor":21.0,"key":"Explosive Potion"},{"floor":27.0,"key":"Weak Potion"},{"floor":29.0,"key":"jedi:tentaclejuice"},{"floor":33.0,"key":"Explosive Potion"},{"floor":36.0,"key":"blueLaboratory:RecallPotion"},{"floor":44.0,"key":"AttackPotion"},{"floor":47.0,"key":"Block Potion"},{"floor":48.0,"key":"blueLaboratory:BottleOfRum"},{"floor":55.0,"key":"blueLaboratory:CorrosionFlask"},{"floor":58.0,"key":"Swift Potion"}],"is_trial":false,"path_per_floor":["M","?","M","$","M","?","R","E","T","M","$","R","M","M","R","B",null,"M","M","$","M","$","NM","R","AVR","T","E","?","E","R","M","R","B",null,"M","M","AVR","$","?","PTL","PTL","R","E","M","T","R","?","M","M","?","R","B","M","M","M","$","R","M","R","T","?","B",null],"character_chosen":"SLIMEBOUND","items_purchased":["Replay:SS_fish_3","ReplayTheSpireMod:ShopPack","Slimebound:DouseInSlime","hubris:Spice","jedi:kaleidoscope","Toolbox"],"campfire_rested":0,"item_purchase_floors":[4,20,22,56,56,56],"current_hp_per_floor":[60,60,53,53,56,56,56,60,60,54,54,54,51,60,60,46,60,57,46,46,63,63,41,41,41,41,53,53,62,62,58,58,66,66,59,50,50,50,50,50,50,50,50,54,54,54,53,74,74,74,74,74,74,71,74,82,82,79,79,79,79,41],"gold":193,"neow_bonus":"NOSTALGIA","is_daily":false,"chose_seed":false,"campfire_upgraded":11,"win_rate":0.0,"timestamp":1609847309,"path_taken":["M","?","M","$","M","?","R","E","T","M","$","R","M","M","R","BOSS","M","M","$","M","$","NM","R","AVR","T","E","?","E","R","M","R","BOSS","M","?","AVR","?","?","PTL","PTL","R","E","M","T","R","?","M","M","?","R","BOSS","M","M","?","$","R","M","R","T","?","BOSS"],"items_purchased_type":["Card","Relic","Card","Relic","Relic","Relic"],"build_version":"2020-12-22","purchased_purges":3,"victory":true,"max_hp_per_floor":[60,60,60,60,60,60,60,60,60,60,60,60,60,60,60,60,60,60,63,63,63,63,66,66,66,66,66,66,66,66,66,66,66,66,66,66,66,66,66,66,66,66,66,66,66,66,74,74,74,74,74,74,74,74,74,82,82,82,82,82,82,82],"card_choices":[{"not_picked":["Slimebound:GoopSpray","Slimebound:LeechEnergy"],"picked":"Slimebound:SlimeBarrage","floor":1.0},{"not_picked":["Slimebound:RollThrough","Slimebound:Dissolve"],"picked":"Slimebound:GoopTackle","floor":3.0},{"not_picked":["Slimebound:LeechingTouch","Slimebound:FinishingTackle"],"picked":"Slimebound:HungryTackle","floor":5.0},{"not_picked":["Slimebound:SlimeSpikes","Slimebound:LeechEnergy"],"picked":"Slimebound:Nibble","floor":8.0},{"not_picked":["Slimebound:TongueLash","Slimebound:FinishingTackle"],"picked":"Slimebound:AcidTongue","floor":10.0},{"not_picked":["Slimebound:SplitAcid","Slimebound:HungryTackle"],"picked":"Slimebound:ItLooksTasty","floor":13.0},{"not_picked":["Slimebound:ComboTackle","Slimebound:SplitAcid"],"picked":"Slimebound:SplitLeeching","floor":14.0},{"not_picked":["Slimebound:Teamwork","Slimebound:Recycling"],"picked":"Slimebound:MassFeed","floor":16.0},{"not_picked":["Slimebound:PressTheAttack","Slimebound:SlimeTap"],"picked":"Slimebound:FormOfPuddle","floor":18.0},{"not_picked":["Slimebound:HungryTackle","Slimebound:SplitMire"],"picked":"Slimebound:SlimeBrawl+1","floor":19.0},{"not_picked":["HandOfGreed","Panache"],"picked":"expansioncontent:Corrupt","floor":20.0},{"not_picked":["hubris:Ssssneak","ReplayTheSpireMod:Private Reserves"],"picked":"expansioncontent:GoopSpray","floor":20.0},{"not_picked":["expansioncontent:Hexaburn","Survey Options"],"picked":"expansioncontent:Chronoboost","floor":20.0},{"not_picked":["Slimebound:SamplingLick","Slimebound:SplitBruiser+1"],"picked":"Slimebound:SpikyOuterGoop","floor":21.0},{"not_picked":["ReplayTheSpireMod:Book of Names","infinitespire:SealOfDarkness+"],"picked":"infinitespire:Gouge","floor":23.0},{"not_picked":["Slimebound:SplitSpecialist","Slimebound:Nibble"],"picked":"Slimebound:HauntingLick+1","floor":23.0},{"not_picked":["Slimebound:PressTheAttack","Slimebound:RollThrough"],"picked":"Slimebound:SplitSpecialist","floor":27.0},{"not_picked":["Slimebound:FinishingTackle","Slimebound:AcidTongue","Slimebound:SlimeSpikes"],"picked":"SKIP","floor":29.0},{"not_picked":["Slimebound:LeechEnergy","Slimebound:SplitMire"],"picked":"Slimebound:Recollect","floor":31.0},{"not_picked":["Slimebound:CheckThePlaybook","Slimebound:MassRepurpose"],"picked":"Slimebound:SlimeSlap","floor":33.0},{"not_picked":["Slimebound:RollThrough","Slimebound:GoopSpray"],"picked":"Slimebound:PressTheAttack+1","floor":35.0},{"not_picked":["Slimebound:Equalize","Slimebound:GoopSpray"],"picked":"Slimebound:Chomp+1","floor":36.0},{"not_picked":["Slimebound:ViciousTackle","Slimebound:LeechEnergy+1"],"picked":"Slimebound:TagTeam","floor":39.0},{"not_picked":["Slimebound:ViciousTackle+1","Slimebound:GrowthPunch+1"],"picked":"Slimebound:Recollect+1","floor":43.0},{"not_picked":["Slimebound:SlimeSpikes+1","Slimebound:LeechEnergy+1"],"picked":"Slimebound:OneTwoCombo","floor":44.0},{"not_picked":["ReplayTheSpireMod:Chaos Vortex","ReplayTheSpireMod:??????????????????????"],"picked":"infinitespire:Starlight","floor":47.0},{"not_picked":["Slimebound:Chomp+1","Slimebound:SplitMire"],"picked":"Slimebound:FormOfPuddle","floor":47.0},{"not_picked":["Slimebound:SplitAcid","Slimebound:ItLooksTasty+1"],"picked":"Slimebound:FormOfPuddle+1","floor":48.0},{"not_picked":["Slimebound:ViciousTackle+1","Slimebound:SplitAcid"],"picked":"Slimebound:FinishingTackle+1","floor":49.0},{"not_picked":["Slimebound:ViciousTackle+1","Slimebound:LeechEnergy+1"],"picked":"Slimebound:SpikyOuterGoop+1","floor":53.0},{"not_picked":["Slimebound:LeechingTouch","Slimebound:BestDefense","Slimebound:LeechEnergy"],"picked":"SKIP","floor":54.0},{"not_picked":["Slimebound:FinishingTackle","Slimebound:GoopSpray+1"],"picked":"Slimebound:SplitSpecialist+1","floor":55.0},{"not_picked":["Slimebound:FinishingTackle+1","Slimebound:SplitBruiser+1","Slimebound:ProtectTheBoss"],"picked":"SKIP","floor":58.0}],"player_experience":514825,"relics_obtained":[{"floor":8.0,"key":"Turnip"},{"floor":9.0,"key":"ReplayTheSpireMod:Lightbulb"},{"floor":23.0,"key":"StuffTheSpire:OldFever"},{"floor":26.0,"key":"Thread and Needle"},{"floor":27.0,"key":"Pondfish Scales"},{"floor":29.0,"key":"Centennial Puzzle"},{"floor":39.0,"key":"Incense Burner"},{"floor":43.0,"key":"infinitespire:Satchel"},{"floor":45.0,"key":"Kunai"},{"floor":47.0,"key":"hubris:Spice"},{"floor":55.0,"key":"paleoftheancients:SoulOfTheThorton"},{"floor":58.0,"key":"paleoftheancients:SoulOfTheVixen"},{"floor":60.0,"key":"Replay:Rubber Ducky"}],"event_choices":[{"damage_healed":0.0,"max_hp_gain":0.0,"max_hp_loss":0.0,"gold_gain":100.0,"event_name":"Golden Shrine","player_choice":"Pray","floor":28.0,"gold_loss":0.0,"damage_taken":0.0},{"damage_healed":0.0,"max_hp_gain":0.0,"max_hp_loss":0.0,"gold_gain":0.0,"event_name":"Mysterious Sphere","player_choice":"Fight","floor":39.0,"gold_loss":0.0,"damage_taken":0.0},{"cards_removed":["Slimebound:Defend_Slimebound"],"damage_healed":0.0,"max_hp_gain":0.0,"max_hp_loss":0.0,"gold_gain":0.0,"event_name":"Purifier","player_choice":"Purged","floor":50.0,"gold_loss":0.0,"damage_taken":0.0}],"is_beta":false,"boss_relics":[{"not_picked":["ChewingGum","hubris:ScarierMask"],"picked":"energizedSpire:DeadBattery"},{"not_picked":["vexMod:ImprovementManual","aspiration:RitualDagger"],"picked":"SlaversCollar"}],"items_purged_floors":[11,25,56],"is_endless":false,"potions_floor_spawned":[3,16,19,21,27,29,33,36,44,47,48,55,58],"ascension_level":1}}