{"host":"ixl9a8gzl87gveif","time":1609877870,"event":{"mods":["2.2 Compatiblity","BaseMod","Better Note","Colored Map","Colored Powertips","Minty Spire (QoL Compilation)","Permanent Neow","Relic Stats","StSLib","everything is the same but u backflip on backflip"],"gold_per_floor":[110,130,145,31,49,84,84,118,118,143,143,74,88,104,104,200,200,200,200],"floor_reached":18,"playtime":824,"items_purged":[],"score":228,"play_id":"64621c06-c4a7-453f-9722-fe9204ff72b2","local_time":"20210105201750","is_ascension_mode":true,"campfire_choices":[{"data":"Conclude","floor":7,"key":"SMITH"},{"data":"LessonLearned","floor":15,"key":"SMITH"}],"circlet_count":0,"master_deck":["Defend_P","Defend_P","Defend_P","Defend_P","Eruption+1","Vigilance","Clumsy","BowlingBash","Protect","Consecrate","Conclude+1","Consecrate","Evaluate","ThirdEye","Vengeance","LessonLearned+1","FearNoEvil+1","SashWhip","Vault","DeceiveReality+1","Establishment+1","EmptyBody+1"],"relics":["PureWater","Meat on the Bone","Happy Flower","Blood Vial","Yang","Astrolabe"],"acts_visited":["Exordium","TheCity"],"potions_floor_usage":[6,6,16],"damage_taken":[{"damage":0,"enemies":"Cultist","floor":1,"turns":3},{"damage":0,"enemies":"2 Louse","floor":2,"turns":3},{"damage":7,"enemies":"Jaw Worm","floor":3,"turns":4},{"damage":17,"enemies":"Lots of Slimes","floor":5,"turns":3},{"damage":21,"enemies":"Gremlin Nob","floor":6,"turns":5},{"damage":17,"enemies":"Lagavulin","floor":8,"turns":8},{"damage":12,"enemies":"3 Sentries","floor":10,"turns":6},{"damage":0,"enemies":"Looter","floor":13,"turns":3},{"damage":0,"enemies":"Blue Slaver","floor":14,"turns":6},{"damage":18,"enemies":"Hexaghost","floor":16,"turns":9},{"damage":11,"enemies":"Shell Parasite","floor":18,"turns":5}],"seed_played":"-8596167875270269424","potions_obtained":[{"floor":2,"key":"Strength Potion"},{"floor":3,"key":"Block Potion"},{"floor":6,"key":"Ambrosia"},{"floor":10,"key":"GamblersBrew"},{"floor":16,"key":"GamblersBrew"}],"is_trial":false,"path_per_floor":["M","M","M","$","M","E","R","E","T","E","?","$","M","M","R","B",null,"M"],"character_chosen":"WATCHER","items_purchased":["Conclude","Consecrate","FearNoEvil"],"campfire_rested":0,"item_purchase_floors":[4,4,12],"current_hp_per_floor":[86,86,79,79,62,41,41,36,36,38,38,38,52,54,54,50,77,68,68],"gold":200,"neow_bonus":"TWENTY_PERCENT_HP_BONUS","is_daily":false,"chose_seed":false,"campfire_upgraded":2,"win_rate":0.0,"timestamp":1609877870,"path_taken":["M","M","?","?","M","E","R","E","T","E","?","$","?","M","R","BOSS","M"],"items_purchased_type":["Card","Card","Card"],"build_version":"2020-12-22","purchased_purges":0,"victory":false,"max_hp_per_floor":[86,86,86,86,86,86,86,86,86,86,86,86,86,86,86,86,86,86,86],"relic_stats":{"Blood Vial":10,"Happy Flower":[9],"counters":[11,55],"Astrolabe":["DeceiveReality","Establishment","EmptyBody"],"Yang":[42],"obtain_stats":[{"Blood Vial":9,"Happy Flower":8,"Astrolabe":17,"Yang":10,"PureWater":0,"Meat on the Bone":6},{"Blood Vial":6,"Happy Flower":6,"Astrolabe":10,"Yang":7,"PureWater":0,"Meat on the Bone":5},{"Blood Vial":26,"Happy Flower":26,"Astrolabe":50,"Yang":32,"PureWater":0,"Meat on the Bone":18}],"Meat on the Bone":48},"card_choices":[{"not_picked":["Nirvana","FollowUp"],"picked":"BowlingBash","floor":1},{"not_picked":["Nirvana","EmptyMind"],"picked":"Protect","floor":2},{"not_picked":["EmptyBody","Protect"],"picked":"Consecrate","floor":3},{"not_picked":["Conclude","PathToVictory"],"picked":"Evaluate","floor":5},{"not_picked":["BowlingBash","Pray"],"picked":"ThirdEye","floor":6},{"not_picked":["SignatureMove","WheelKick"],"picked":"Vengeance","floor":8},{"not_picked":["Halt","ThirdEye"],"picked":"LessonLearned","floor":10},{"not_picked":["JustLucky","PathToVictory","Worship"],"picked":"SKIP","floor":13},{"not_picked":["Protect","PathToVictory"],"picked":"SashWhip","floor":14},{"not_picked":["Judgement","DeusExMachina"],"picked":"Vault","floor":16}],"player_experience":354472,"relics_obtained":[{"floor":6,"key":"Meat on the Bone"},{"floor":8,"key":"Happy Flower"},{"floor":9,"key":"Blood Vial"},{"floor":10,"key":"Yang"}],"event_choices":[{"cards_removed":["Strike_P"],"damage_healed":0,"gold_gain":0,"player_choice":"Card Removal","damage_taken":0,"max_hp_gain":0,"max_hp_loss":0,"event_name":"Wheel of Change","floor":11,"gold_loss":0}],"is_beta":false,"boss_relics":[{"not_picked":["Philosopher\u0027s Stone","Velvet Choker"],"picked":"Astrolabe"}],"items_purged_floors":[],"is_endless":false,"potions_floor_spawned":[2,3,6,10,16],"killed_by":"Shell Parasite","ascension_level":5}}