{"host":"0m7uut7ws4kj19nt","time":1609833148,"event":{"mods":["AchievementEnabler","BaseMod","Minty Spire (QoL Compilation)","Replay The Spire","StSLib","The Cursed","The Necromancer"],"gold_per_floor":[119,130,130,154,6,39,4,4,57,100,113,126,147,191,191,319,319,332,332,47,47,47,86,107,145,145,176,71,87,111,22,22,143,143,163,123,46,59,78,78,78,112,112,163,163,196,38,53,53,53],"floor_reached":51,"playtime":2808,"items_purged":["ReplayTheSpireMod:Scrap Shanks","Deadly Poison"],"score":1058,"play_id":"0f7e72d8-c856-4f0b-a728-7c8bec5c67b4","local_time":"20210105145228","is_ascension_mode":true,"campfire_choices":[{"data":"Neutralize","floor":8,"key":"SMITH"},{"floor":15,"key":"REST"},{"data":"Footwork","floor":32,"key":"SMITH"},{"data":"Adrenaline","floor":40,"key":"SMITH"},{"floor":45,"key":"REST"},{"data":"Atom Bomb","floor":49,"key":"SMITH"}],"circlet_count":0,"master_deck":["Survivor","Neutralize+1","Bane","Dodge and Roll","Backstab","Adrenaline+1","Atom Bomb+1","Deflect","Terror","Envenom","Envenom","ReplayTheSpireMod:Necrosis","Bane","Adrenaline","Catalyst+1","Concentrate","Replay:Bag of Tricks","Skewer","Noxious Fumes+1","Footwork+1","Expertise","Backflip+1","Leg Sweep+1","Acrobatics+1","Blur+1","All Out Attack+1","Dash+1","Skewer+1","Riddle With Holes+1","Footwork+1","Caltrops+1","ReplayTheSpireMod:Necrosis+1","Blur+1","Blur+1","Crippling Poison","Malaise+1","ReplayTheSpireMod:Brewmster+1","Footwork+1"],"relics":["Black Star","Golden Idol","Membership Card","Boot","Mirror","Bronze Scales","TungstenRod","Bag of Preparation","Gambling Chip","Pear","Pandora\u0027s Box","Ring of Panic","Strange Spoon","Frozen Egg 2","Pocketwatch","Pet Ghost","Lantern","Replay:Baseball","Kunai","WingedGreaves","Golden Egg","Orrery","Philosopher\u0027s Stone","TwistedFunnel","Replay:Rubber Ducky","The Specimen","Art of War","Regal Pillow","Toy Ornithopter","PreservedInsect"],"acts_visited":["Exordium","TheCity","TheBeyond"],"potions_floor_usage":[6,14,14,27,27,33,50,50],"damage_taken":[{"damage":7,"enemies":"Small Slimes","floor":1,"turns":4},{"damage":5,"enemies":"2 Louse","floor":2,"turns":3},{"damage":3,"enemies":"Jaw Worm","floor":4,"turns":5},{"damage":32,"enemies":"3 Sentries","floor":6,"turns":12},{"damage":19,"enemies":"Replay:BlueRogue","floor":10,"turns":6},{"damage":5,"enemies":"3 Louse","floor":11,"turns":2},{"damage":0,"enemies":"Blue Slaver","floor":12,"turns":2},{"damage":0,"enemies":"Red Slaver","floor":13,"turns":4},{"damage":8,"enemies":"3 Sentries","floor":14,"turns":6},{"damage":37,"enemies":"Slime Boss","floor":16,"turns":9},{"damage":8,"enemies":"Chosen","floor":18,"turns":4},{"damage":29,"enemies":"Gremlin Leader","floor":23,"turns":4},{"damage":3,"enemies":"3 Byrds","floor":24,"turns":3},{"damage":18,"enemies":"Slavers","floor":25,"turns":3},{"damage":0,"enemies":"Gremlin Leader","floor":27,"turns":1},{"damage":0,"enemies":"Cultist and Chosen","floor":29,"turns":3},{"damage":3,"enemies":"Snecko","floor":30,"turns":2},{"damage":6,"enemies":"Collector","floor":33,"turns":7},{"damage":0,"enemies":"3 Shapes","floor":35,"turns":2},{"damage":45,"enemies":"3 Darklings","floor":38,"turns":4},{"damage":6,"enemies":"Maw","floor":39,"turns":5},{"damage":0,"enemies":"R_Hoarder","floor":42,"turns":5},{"damage":3,"enemies":"Reptomancer","floor":46,"turns":2},{"damage":3,"enemies":"Sphere and 2 Shapes","floor":48,"turns":2},{"damage":7,"enemies":"Donu and Deca","floor":50,"turns":7}],"seed_played":"-909418461349042577","potions_obtained":[{"floor":4,"key":"Elixir"},{"floor":10,"key":"Strength Potion"},{"floor":12,"key":"FearPotion"},{"floor":13,"key":"Strength Potion"},{"floor":16,"key":"Weak Potion"},{"floor":24,"key":"Energy Potion"},{"floor":25,"key":"Fruit Juice"},{"floor":30,"key":"Elixir"},{"floor":33,"key":"SmokeBomb"},{"floor":48,"key":"ColorlessPotion"}],"is_trial":false,"path_per_floor":["M","M","?","M","$","E","?","R","T","E","M","M","M","E","R","B",null,"M","?","$","?","?","E","M","E","T","E","$","M","M","$","R","B",null,"M","?","$","M","M","R","?","E","T","T","R","E","$","M","R","B",null],"character_chosen":"THE_SILENT","items_purchased":["Membership Card","Footwork","Strange Spoon","Frozen Egg 2","Orrery","Skewer+1","Caltrops+1","TwistedFunnel","Malaise","ReplayTheSpireMod:Brewmster+1"],"campfire_rested":2,"item_purchase_floors":[5,20,20,20,28,28,31,37,47,47],"current_hp_per_floor":[63,58,58,55,55,23,39,39,39,20,15,15,15,17,39,2,75,67,67,67,67,67,38,35,17,17,22,22,22,19,19,19,13,80,80,80,80,35,29,29,29,29,29,29,68,65,65,62,62,65],"gold":53,"neow_bonus":"BOSS_RELIC","is_daily":false,"chose_seed":false,"campfire_upgraded":4,"win_rate":0.0,"timestamp":1609833148,"path_taken":["M","M","?","M","$","E","?","R","T","E","M","M","M","E","R","BOSS","M","?","$","?","?","E","M","E","T","E","$","?","M","?","R","BOSS","M","?","$","?","M","R","?","E","T","?","R","E","?","?","R","BOSS"],"items_purchased_type":["Relic","Card","Relic","Relic","Relic","Card","Card","Relic","Card","Card"],"build_version":"2020-12-22","purchased_purges":2,"victory":true,"max_hp_per_floor":[70,70,65,65,65,65,65,65,65,65,65,65,65,75,75,75,75,75,75,75,75,75,75,75,75,75,80,80,80,80,80,80,80,80,80,80,80,80,80,80,80,80,80,80,80,80,80,80,80,80],"card_choices":[{"not_picked":["Fluid Movement","Blade Dance"],"picked":"Bane","floor":1},{"not_picked":["Hidden Blade","A Thousand Cuts"],"picked":"Dodge and Roll","floor":2},{"not_picked":["Underhanded Strike","Dagger Throw"],"picked":"Backstab","floor":4},{"not_picked":["Reflex","Quick Slash"],"picked":"Adrenaline","floor":6},{"not_picked":["Prepared","ReplayTheSpireMod:From All Sides"],"picked":"Atom Bomb","floor":10},{"not_picked":["Blade Dance","Eviscerate"],"picked":"Deflect","floor":11},{"not_picked":["Choke","Accuracy","Deflect"],"picked":"SKIP","floor":12},{"not_picked":["Quick Slash","Sucker Punch"],"picked":"Terror","floor":13},{"not_picked":["Outmaneuver","Crippling Poison"],"picked":"Deadly Poison","floor":14},{"not_picked":["Burst","Glass Knife"],"picked":"Envenom","floor":16},{"not_picked":["PiercingWail","Choke"],"picked":"Noxious Fumes+1","floor":18},{"not_picked":["ReplayTheSpireMod:Tripwire","Poisoned Stab"],"picked":"Expertise","floor":23},{"not_picked":["Hidden Blade+1","Flying Knee"],"picked":"Backflip+1","floor":24},{"not_picked":["Eviscerate","Wraith Form v2+1"],"picked":"Leg Sweep+1","floor":25},{"not_picked":["PiercingWail","Dodge and Roll","Prepared"],"picked":"SKIP","floor":27},{"not_picked":["Cloak And Dagger","Concentrate"],"picked":"Acrobatics","floor":28},{"not_picked":["Expertise","Choke"],"picked":"Blur","floor":28},{"not_picked":["Underhanded Strike","Crippling Poison"],"picked":"All Out Attack","floor":28},{"not_picked":["Deflect","Crippling Poison+1"],"picked":"Dash","floor":28},{"not_picked":["Atom Bomb","Underhanded Strike"],"picked":"Riddle With Holes+1","floor":29},{"not_picked":["Bane","Dash+1"],"picked":"Footwork+1","floor":30},{"not_picked":["Unload","Die Die Die"],"picked":"ReplayTheSpireMod:Necrosis","floor":33},{"not_picked":["Sucker Punch+1","Flying Knee+1","PiercingWail"],"picked":"SKIP","floor":35},{"not_picked":["Dodge and Roll+1","Outmaneuver+1"],"picked":"Blur+1","floor":38},{"not_picked":["Backflip","Accuracy+1","Cloak And Dagger"],"picked":"SKIP","floor":39},{"not_picked":["Dodge and Roll+1","Flying Knee"],"picked":"Blur+1","floor":42},{"not_picked":["Dagger Spray","Finisher+1"],"picked":"Crippling Poison","floor":46},{"not_picked":["Underhanded Strike","Deflect"],"picked":"Footwork+1","floor":48}],"player_experience":121691,"relics_obtained":[{"floor":6,"key":"Boot"},{"floor":6,"key":"Mirror"},{"floor":9,"key":"Bronze Scales"},{"floor":10,"key":"TungstenRod"},{"floor":10,"key":"Bag of Preparation"},{"floor":14,"key":"Gambling Chip"},{"floor":14,"key":"Pear"},{"floor":19,"key":"Ring of Panic"},{"floor":23,"key":"Pet Ghost"},{"floor":23,"key":"Lantern"},{"floor":25,"key":"Replay:Baseball"},{"floor":25,"key":"Kunai"},{"floor":27,"key":"WingedGreaves"},{"floor":27,"key":"Golden Egg"},{"floor":42,"key":"Replay:Rubber Ducky"},{"floor":42,"key":"The Specimen"},{"floor":43,"key":"Art of War"},{"floor":44,"key":"Regal Pillow"},{"floor":46,"key":"Toy Ornithopter"},{"floor":46,"key":"PreservedInsect"}],"event_choices":[{"damage_healed":0,"gold_gain":0,"player_choice":"Lose Max HP","damage_taken":0,"relics_obtained":["Golden Idol"],"max_hp_gain":0,"max_hp_loss":5,"event_name":"Golden Idol","floor":3,"gold_loss":0},{"damage_healed":16,"gold_gain":0,"player_choice":"Healed","damage_taken":0,"max_hp_gain":0,"max_hp_loss":0,"event_name":"The Cleric","floor":7,"gold_loss":35},{"damage_healed":0,"gold_gain":0,"player_choice":"Upgrade","damage_taken":0,"max_hp_gain":0,"max_hp_loss":0,"event_name":"Designer","floor":36,"gold_loss":40,"cards_upgraded":["Catalyst"]},{"cards_removed":["Grand Finale"],"damage_healed":0,"gold_gain":0,"player_choice":"Removed Attack","damage_taken":0,"max_hp_gain":0,"max_hp_loss":0,"event_name":"Falling","floor":41,"gold_loss":0}],"is_beta":false,"boss_relics":[{"not_picked":["Calling Bell","Sozu"],"picked":"Pandora\u0027s Box"},{"not_picked":["ChewingGum","WristBlade"],"picked":"Philosopher\u0027s Stone"}],"items_purged_floors":[20,31],"is_endless":false,"potions_floor_spawned":[4,10,12,13,16,24,25,30,33,48],"ascension_level":3}}