{"host":"7trwizmysqu3yl6m","time":1609866858,"event":{"mods":["Act Like it!","BaseMod","Downfall","Hallownest","Minty Spire (QoL Compilation)","StSLib","The Animator","The Bug Knight"],"gold_per_floor":[110,0,0,24,24,24,71,123,196,211,211,261,138,158,158,275,275,325,325,349,371,371,379,379],"floor_reached":23,"playtime":1381,"items_purged":["animator:Strike"],"score":224,"play_id":"45f1dced-9c14-4e3c-adc7-fcd112706fdb","local_time":"20210105181418","is_ascension_mode":false,"campfire_choices":[{"data":"animator:MumenRider","floor":6,"key":"SMITH"},{"data":"animator:Defend_OnePunchMan","floor":11,"key":"SMITH"},{"data":"animator:DolaRiku","floor":15,"key":"SMITH"}],"circlet_count":0,"master_deck":["animator:Strike_OnePunchMan","animator:Defend_OnePunchMan+1","animator:Defend","animator:Genos","animator:MumenRider+1","animator:Chris","animator:UneriGinkaku","animator:MetalKnight","animator:Sonic","animator:SilverFang","animator:DolaRiku+1","animator:Saitama","animator:TsurugaMeisai+1","animator:IrohaTamaki+1","animator:TsurugaMeisai+1","animator:Tatsumaki+1","Hallownest:pwrSporeShroom","animator:MetalKnight"],"relics":["animator:LivingPicture","animator:TheMissingPiece","animator:WornHelmet","Ornamental Fan","Sundial","animator:ShionDessert","Astrolabe","Ancient Tea Set"],"acts_visited":["Exordium","Hallownest:Greenpath"],"potions_floor_usage":[16,21,23,23],"damage_taken":[{"damage":1,"enemies":"2_ Uuma","floor":1,"turns":4},{"damage":11,"enemies":"Hallownest:2_MossCreeps","floor":4,"turns":4},{"damage":14,"enemies":"Hallownest:eliteMossKnight","floor":8,"turns":8},{"damage":1,"enemies":"Hallownest:2_Tiktiks_and_1_Crawlid","floor":10,"turns":3},{"damage":0,"enemies":"Hallownest:eliteCrystalGuardian","floor":12,"turns":5},{"damage":3,"enemies":"Hallownest:monsterFoolEater","floor":14,"turns":3},{"damage":24,"enemies":"Hallownest:BossFalseKnight","floor":16,"turns":12},{"damage":30,"enemies":"Hallownest:Guard_and_Sentry","floor":18,"turns":6},{"damage":17,"enemies":"Hallownest:3_Youths","floor":20,"turns":6},{"damage":7,"enemies":"Hallownest:Master_and_Novice","floor":21,"turns":4},{"damage":14,"enemies":"Hallownest:eliteWatcherKnight","floor":23,"turns":5}],"seed_played":"-7830820199191251593","potions_obtained":[{"floor":1,"key":"sneckomod:MuddlingPotion"},{"floor":4,"key":"Swift Potion"},{"floor":12,"key":"Strength Potion"},{"floor":20,"key":"LiquidMemories"},{"floor":21,"key":"FearPotion"}],"is_trial":false,"path_per_floor":["M","?","?","M","$","R","T","E","T","M","R","E","$","M","R","B",null,"M","?","M","M","?","E"],"character_chosen":"THE_ANIMATOR","items_purchased":["animator:DolaRiku"],"campfire_rested":0,"item_purchase_floors":[13],"current_hp_per_floor":[65,65,65,54,54,54,54,40,40,40,40,40,40,37,37,14,68,38,34,17,12,12,0,0],"gold":379,"neow_bonus":"REMOVE_CARD","is_daily":false,"chose_seed":false,"campfire_upgraded":3,"win_rate":0.0,"timestamp":1609866858,"path_taken":["M","?","?","M","$","R","?","E","T","M","R","E","?","M","R","BOSS","M","?","M","M","?","E"],"items_purchased_type":["Card"],"build_version":"2020-12-22","purchased_purges":1,"victory":false,"max_hp_per_floor":[66,66,66,66,66,66,66,66,66,67,67,67,67,67,67,68,68,68,68,68,68,68,68,68],"card_choices":[{"not_picked":["animator:Sebas","animator:Kazuma"],"picked":"animator:Chris","floor":1},{"not_picked":["animator:Assassin","animator:Vanir"],"picked":"animator:UneriGinkaku","floor":4},{"not_picked":["animator:PandorasActor","animator:FielNirvalen"],"picked":"animator:MetalKnight","floor":8},{"not_picked":["animator:Melzalgald","animator:MetalKnight"],"picked":"animator:Sonic","floor":10},{"not_picked":["animator:Assassin","animator:Megumin"],"picked":"animator:SilverFang","floor":12},{"not_picked":["animator:DolaRiku","animator:Verdia","animator:Vanir"],"picked":"SKIP","floor":14},{"not_picked":["animator:Sora","animator:HomuraAkemi"],"picked":"animator:Saitama","floor":16},{"not_picked":["animator:DolaRiku","animator:SilverFang+1"],"picked":"animator:Tatsumaki+1","floor":18},{"not_picked":["animator:MumenRider","animator:Tatsumaki"],"picked":"animator:MetalKnight","floor":20},{"not_picked":["animator:Kazuma","animator:Chris+1","animator:Aqua"],"picked":"SKIP","floor":21}],"player_experience":400253,"relics_obtained":[{"floor":8,"key":"Ornamental Fan"},{"floor":9,"key":"Sundial"},{"floor":12,"key":"animator:ShionDessert"}],"event_choices":[],"is_beta":false,"boss_relics":[{"not_picked":["SacredBark","SlaversCollar"],"picked":"Astrolabe"}],"items_purged_floors":[13],"is_endless":false,"potions_floor_spawned":[1,4,12,14,20,21],"killed_by":"Hallownest:eliteWatcherKnight","ascension_level":0}}