{"host":"6pgtslebjnyv5xmi","time":1609819843,"event":{"mods":["AchievementEnabler","BaseMod","Colored Map","Minty Spire (QoL Compilation)","Rare Cards Sparkle","StSLib","SuperFastMode","everything is the same but u backflip on backflip"],"gold_per_floor":[110,127,137,87,87,87,122,122,147,164,197,197,197,58,58,163,163,181,181,33,33,53,53,53,53,106,106,132,143,68,87,87,182,182,193,193,204,104,114,145,145,145,145,176,176,192,0,0,0,0],"floor_reached":51,"playtime":2195,"items_purged":["Shame","Strike_G"],"score":1131,"play_id":"762a14e1-b22b-4368-9ff6-7cbdd54ee18c","local_time":"20210105131043","is_ascension_mode":true,"campfire_choices":[{"data":"Noxious Fumes","floor":6.0,"key":"SMITH"},{"data":"Deadly Poison","floor":8.0,"key":"SMITH"},{"data":"Venomology","floor":12.0,"key":"SMITH"},{"data":"Deadly Poison","floor":15.0,"key":"SMITH"},{"data":"Wraith Form v2","floor":23.0,"key":"SMITH"},{"data":"PiercingWail","floor":32.0,"key":"SMITH"},{"data":"Bullet Time","floor":41.0,"key":"SMITH"},{"floor":45.0,"key":"REST"},{"floor":49.0,"key":"REST"}],"circlet_count":0,"master_deck":["AscendersBane","Strike_G+1","Strike_G+1","Defend_G+1","Defend_G+1","Defend_G+1","Defend_G+1","Defend_G+1","Survivor+1","Neutralize+1","Noxious Fumes+1","Deadly Poison+1","Crippling Poison+1","PiercingWail+1","Venomology+1","Deadly Poison+1","Bandage Up+1","Wraith Form v2+1","Deadly Poison+1","Noxious Fumes+1","Bullet Time+1","Bane+1","Leg Sweep+1","Clumsy"],"relics":["Ring of the Snake","Vajra","Toy Ornithopter","Anchor","Velvet Choker","OrangePellets","Nloth\u0027s Gift","Juzu Bracelet","Strawberry","Ginger","Cursed Key","Bag of Preparation","Bottled Tornado","StrikeDummy","Red Mask","Mark of the Bloom"],"acts_visited":["Exordium","TheCity","TheBeyond"],"potions_floor_usage":[50,50],"damage_taken":[{"damage":0.0,"enemies":"Cultist","floor":1.0,"turns":1.0},{"damage":0.0,"enemies":"Small Slimes","floor":2.0,"turns":1.0},{"damage":0.0,"enemies":"2 Louse","floor":3.0,"turns":1.0},{"damage":15.0,"enemies":"3 Sentries","floor":7.0,"turns":6.0},{"damage":5.0,"enemies":"2 Fungi Beasts","floor":10.0,"turns":4.0},{"damage":4.0,"enemies":"Lagavulin","floor":11.0,"turns":5.0},{"damage":34.0,"enemies":"Hexaghost","floor":16.0,"turns":9.0},{"damage":2.0,"enemies":"Chosen","floor":18.0,"turns":5.0},{"damage":8.0,"enemies":"3 Byrds","floor":22.0,"turns":4.0},{"damage":14.0,"enemies":"Slavers","floor":28.0,"turns":6.0},{"damage":12.0,"enemies":"Shelled Parasite and Fungi","floor":29.0,"turns":5.0},{"damage":0.0,"enemies":"Cultist and Chosen","floor":31.0,"turns":4.0},{"damage":21.0,"enemies":"Champ","floor":33.0,"turns":12.0},{"damage":5.0,"enemies":"3 Shapes","floor":35.0,"turns":6.0},{"damage":3.0,"enemies":"Orb Walker","floor":37.0,"turns":5.0},{"damage":0.0,"enemies":"3 Darklings","floor":39.0,"turns":4.0},{"damage":39.0,"enemies":"Giant Head","floor":40.0,"turns":10.0},{"damage":0.0,"enemies":"Jaw Worm Horde","floor":42.0,"turns":2.0},{"damage":31.0,"enemies":"Reptomancer","floor":44.0,"turns":7.0},{"damage":0.0,"enemies":"4 Shapes","floor":46.0,"turns":5.0},{"damage":30,"enemies":"Awakened One","floor":50,"turns":16}],"seed_played":"-5383106108478999817","potions_obtained":[{"floor":3.0,"key":"LiquidMemories"},{"floor":7.0,"key":"EntropicBrew"},{"floor":11.0,"key":"Fruit Juice"},{"floor":18.0,"key":"DistilledChaos"},{"floor":22.0,"key":"DuplicationPotion"}],"is_trial":false,"path_per_floor":["M","M","M","?","?","R","E","R","T","M","E","R","?","$","R","B",null,"M","?","$","?","M","R","$","?","T","?","E","M","$","M","R","B",null,"M","?","M","$","M","E","R","M","T","E","R","M","?","?","R","B",null],"character_chosen":"THE_SILENT","items_purchased":["Deadly Poison","Bandage Up","OrangePellets"],"campfire_rested":2,"item_purchase_floors":[14,14,20],"current_hp_per_floor":[63,63,63,63,49,49,34,34,34,29,40,40,63,63,63,46,68,70,56,56,56,52,52,52,52,59,59,61,60,60,71,71,66,82,82,82,87,87,87,79,79,84,84,53,79,85,85,85,85,55],"gold":0,"neow_bonus":"THREE_ENEMY_KILL","is_daily":false,"chose_seed":false,"campfire_upgraded":7,"win_rate":0.0,"timestamp":1609819843,"path_taken":["M","?","M","?","?","R","E","R","T","M","E","R","?","$","R","BOSS","M","?","?","?","?","R","?","?","T","?","E","M","$","M","R","BOSS","M","?","M","$","M","E","R","M","T","E","R","M","?","?","R","BOSS"],"items_purchased_type":["Card","Card","Relic"],"build_version":"2020-12-22","purchased_purges":2,"victory":true,"max_hp_per_floor":[70,70,70,70,70,70,70,70,70,70,70,70,70,70,70,75,75,75,80,80,80,80,80,80,80,87,87,87,87,87,87,87,87,87,87,87,87,87,87,87,87,87,87,87,87,87,87,87,87,87],"card_choices":[{"not_picked":["Underhanded Strike","Riddle With Holes"],"picked":"Noxious Fumes","floor":1.0},{"not_picked":["Backflip","Blade Dance"],"picked":"Deadly Poison","floor":2.0},{"not_picked":["Backflip","Acrobatics"],"picked":"Crippling Poison","floor":3.0},{"not_picked":["Slice","Acrobatics","Riddle With Holes"],"picked":"SKIP","floor":7.0},{"not_picked":["Endless Agony","Outmaneuver"],"picked":"PiercingWail","floor":10.0},{"not_picked":["Outmaneuver","Quick Slash"],"picked":"Venomology","floor":11.0},{"not_picked":["Tools of the Trade","Phantasmal Killer"],"picked":"Wraith Form v2","floor":16.0},{"not_picked":["Reflex","Blur"],"picked":"Deadly Poison+1","floor":18.0},{"not_picked":["Acrobatics","Terror","Distraction+1"],"picked":"SKIP","floor":22.0},{"not_picked":["Outmaneuver+1","Choke+1","Envenom"],"picked":"SKIP","floor":28.0},{"not_picked":["Acrobatics","Blur"],"picked":"Noxious Fumes+1","floor":29.0},{"not_picked":["Dagger Throw+1","Outmaneuver","Distraction+1"],"picked":"SKIP","floor":31.0},{"not_picked":["Adrenaline","Night Terror"],"picked":"Bullet Time","floor":33.0},{"not_picked":["Glass Knife","Accuracy+1","Dodge and Roll"],"picked":"SKIP","floor":35.0},{"not_picked":["Deadly Poison","Riddle With Holes+1"],"picked":"Bane+1","floor":37.0},{"not_picked":["Well Laid Plans+1","Flying Knee","PiercingWail"],"picked":"SKIP","floor":39.0},{"not_picked":["Malaise","Venomology"],"picked":"Leg Sweep+1","floor":40.0},{"not_picked":["Backflip","Envenom","Predator"],"picked":"SKIP","floor":44.0},{"not_picked":["Distraction","Infinite Blades","Quick Slash+1"],"picked":"SKIP","floor":46.0}],"player_experience":711590,"relics_obtained":[{"floor":7.0,"key":"Vajra"},{"floor":9.0,"key":"Toy Ornithopter"},{"floor":11.0,"key":"Anchor"},{"floor":26.0,"key":"Strawberry"},{"floor":28.0,"key":"Ginger"},{"floor":40.0,"key":"Bag of Preparation"},{"floor":43.0,"key":"Bottled Tornado"},{"floor":44.0,"key":"StrikeDummy"}],"event_choices":[{"cards_removed":["Strike_G"],"damage_healed":0.0,"max_hp_gain":0.0,"max_hp_loss":0.0,"gold_gain":0.0,"event_name":"The Cleric","player_choice":"Card Removal","floor":4.0,"gold_loss":50.0,"damage_taken":0.0},{"damage_healed":0.0,"max_hp_gain":0.0,"max_hp_loss":0.0,"gold_gain":0.0,"event_name":"Shining Light","player_choice":"Entered Light","floor":5.0,"gold_loss":0.0,"damage_taken":14.0,"cards_upgraded":["Defend_G","Crippling Poison"]},{"damage_healed":23.0,"max_hp_gain":0.0,"max_hp_loss":0.0,"gold_gain":0.0,"event_name":"Big Fish","player_choice":"Banana","floor":13.0,"gold_loss":0.0,"damage_taken":0.0},{"damage_healed":0.0,"max_hp_gain":5.0,"max_hp_loss":0.0,"gold_gain":0.0,"event_name":"Forgotten Altar","player_choice":"Shed Blood","floor":19.0,"gold_loss":0.0,"damage_taken":19.0},{"damage_healed":0.0,"max_hp_gain":0.0,"max_hp_loss":0.0,"gold_gain":0.0,"event_name":"N\u0027loth","player_choice":"Traded Relic","floor":21.0,"relics_lost":["NeowsBlessing"],"gold_loss":0.0,"damage_taken":0.0,"relics_obtained":["Nloth\u0027s Gift"]},{"damage_healed":0.0,"max_hp_gain":0.0,"max_hp_loss":0.0,"gold_gain":0.0,"event_name":"Addict","player_choice":"Stole Relic","floor":25.0,"gold_loss":0.0,"damage_taken":0.0,"relics_obtained":["Juzu Bracelet"],"cards_obtained":["Shame"]},{"damage_healed":0.0,"max_hp_gain":0.0,"max_hp_loss":0.0,"gold_gain":0.0,"event_name":"Upgrade Shrine","player_choice":"Upgraded","floor":27.0,"gold_loss":0.0,"damage_taken":0.0,"cards_upgraded":["Bandage Up"]},{"cards_removed":["Strike_G"],"damage_healed":0.0,"max_hp_gain":0.0,"max_hp_loss":0.0,"gold_gain":0.0,"event_name":"Falling","player_choice":"Removed Attack","floor":36.0,"gold_loss":0.0,"damage_taken":0.0},{"damage_healed":0.0,"max_hp_gain":0.0,"max_hp_loss":0.0,"gold_gain":0.0,"event_name":"Tomb of Lord Red Mask","player_choice":"Paid","floor":47.0,"gold_loss":192.0,"damage_taken":0.0,"relics_obtained":["Red Mask"]},{"damage_healed":0.0,"max_hp_gain":0.0,"max_hp_loss":0.0,"gold_gain":0.0,"event_name":"MindBloom","player_choice":"Upgrade","floor":48.0,"gold_loss":0.0,"damage_taken":0.0,"cards_upgraded":["Strike_G","Strike_G","Defend_G","Defend_G","Defend_G","Defend_G","Survivor","Neutralize"],"relics_obtained":["Mark of the Bloom"]}],"is_beta":false,"boss_relics":[{"not_picked":["Busted Crown","Runic Dome"],"picked":"Velvet Choker"},{"not_picked":["Coffee Dripper","Black Star"],"picked":"Cursed Key"}],"items_purged_floors":[30,38],"is_endless":false,"potions_floor_spawned":[3,7,11,18,22,39,42,44],"ascension_level":11}}