{"host":"ywrl54yaurj31tya","time":1609888095,"event":{"mods":["AchievementEnabler","BaseMod","Colored Map","Keyboard Shortcuts","Minty Spire (QoL Compilation)","Quick Restart","Rare Cards Sparkle","StSLib","SuperFastMode","everything is the same but u backflip on backflip"],"gold_per_floor":[118,132,132,148,164,164,174,174,174],"floor_reached":8,"playtime":229,"items_purged":[],"score":98,"play_id":"be8435fe-0987-4eb4-9787-fe980fda60e6","local_time":"20210106080815","is_ascension_mode":true,"campfire_choices":[{"data":"Eruption","floor":6,"key":"SMITH"}],"circlet_count":0,"master_deck":["AscendersBane","Strike_P","Strike_P","Strike_P","Strike_P","Defend_P","Defend_P","Defend_P","Eruption+1","Vigilance","Omniscience","Wallop","FlurryOfBlows","TalkToTheHand"],"relics":["PureWater"],"acts_visited":["Exordium"],"potions_floor_usage":[8],"damage_taken":[{"damage":0,"enemies":"Cultist","floor":1,"turns":3},{"damage":1,"enemies":"Small Slimes","floor":2,"turns":3},{"damage":0,"enemies":"2 Louse","floor":4,"turns":3},{"damage":23,"enemies":"Lots of Slimes","floor":5,"turns":4},{"damage":3,"enemies":"3 Louse","floor":7,"turns":2},{"damage":42,"enemies":"3 Sentries","floor":8,"turns":9}],"seed_played":"-8619369369393992831","potions_obtained":[{"floor":1,"key":"Regen Potion"},{"floor":7,"key":"Energy Potion"}],"is_trial":false,"path_per_floor":["M","M","?","M","M","R","M","E"],"character_chosen":"WATCHER","items_purchased":[],"campfire_rested":0,"item_purchase_floors":[],"current_hp_per_floor":[61,60,60,60,37,37,34,7,7],"gold":174,"neow_bonus":"ONE_RANDOM_RARE_CARD","is_daily":false,"chose_seed":false,"campfire_upgraded":1,"win_rate":0.0,"timestamp":1609888095,"path_taken":["M","?","?","M","?","R","M","E"],"items_purchased_type":[],"build_version":"2020-12-22","purchased_purges":0,"victory":false,"max_hp_per_floor":[68,68,68,68,68,68,68,68,68],"card_choices":[{"not_picked":["Crescendo","Perseverance"],"picked":"Wallop","floor":1},{"not_picked":["EmptyBody","FollowUp"],"picked":"FlurryOfBlows","floor":2},{"not_picked":["EmptyMind","ReachHeaven","FollowUp"],"picked":"SKIP","floor":4},{"not_picked":["SashWhip","SpiritShield","FollowUp"],"picked":"SKIP","floor":5},{"not_picked":["PathToVictory","FlurryOfBlows","Consecrate"],"picked":"SKIP","floor":7}],"player_experience":584675,"relics_obtained":[],"event_choices":[{"damage_healed":0,"gold_gain":0,"cards_transformed":["Defend_P"],"player_choice":"Transformed","damage_taken":0,"max_hp_gain":0,"max_hp_loss":0,"event_name":"Transmorgrifier","floor":3,"gold_loss":0,"cards_obtained":["TalkToTheHand"]}],"is_beta":false,"boss_relics":[],"items_purged_floors":[],"is_endless":false,"potions_floor_spawned":[1,7],"killed_by":"3 Sentries","ascension_level":19}}