{"host":"h4390p13uu6iw1q5","time":1609813511,"event":{"mods":["BaseMod","Colored Map","Minty Spire (QoL Compilation)"],"gold_per_floor":[216,234,247,265,29,29,57,71,71,71,3,3,20,38,38,136,136,150,150,150,161,111,111,129,129,129,157,171,182,182,182,182,280,280,297,144,162,0,0,0,33,33,81,100,100,100,120,132,132,132],"floor_reached":51,"playtime":2711,"items_purged":["Strike_B","Strike_B+1"],"score":966,"play_id":"2a64fbbf-f826-47b7-811d-e9b6c82b995f","local_time":"20210104212511","is_ascension_mode":true,"campfire_choices":[{"data":"Sweeping Beam","floor":6,"key":"SMITH"},{"floor":10,"key":"REST"},{"floor":12,"key":"REST"},{"data":"Double Energy","floor":15,"key":"SMITH"},{"floor":23,"key":"REST"},{"floor":30,"key":"REST"},{"floor":32,"key":"REST"},{"data":"Enlightenment","floor":40,"key":"SMITH"},{"floor":46,"key":"REST"},{"floor":49,"key":"REST"}],"circlet_count":0,"master_deck":["Strike_B+1","Defend_B+1","Defend_B+1","Defend_B+1","Defend_B+1","Zap","Dualcast","Barrage","Genetic Algorithm","Doom and Gloom","Sweeping Beam+1","FTL","Capacitor","Compile Driver","Creative AI","Double Energy+1","Defragment+1","Cold Snap+1","Buffer+1","Double Energy","Skim","Leap+1","BootSequence","FTL","Electrodynamics+1","Coolheaded","Cold Snap+1","Force Field+1","Enlightenment+1","Storm+1","Loop+1"],"relics":["Cracked Core","Bottled Flame","Frozen Egg 2","Runic Pyramid","Toy Ornithopter","Bottled Tornado","Calipers","Philosopher\u0027s Stone","Red Mask","Blue Candle","Whetstone"],"acts_visited":["Exordium","TheCity","TheBeyond"],"potions_floor_usage":[18,18,27,29,33,41,44],"damage_taken":[{"damage":0,"enemies":"Cultist","floor":1,"turns":3},{"damage":12,"enemies":"Jaw Worm","floor":2,"turns":4},{"damage":4,"enemies":"2 Louse","floor":3,"turns":2},{"damage":14,"enemies":"Red Slaver","floor":4,"turns":3},{"damage":30,"enemies":"Lagavulin","floor":7,"turns":7},{"damage":7,"enemies":"Blue Slaver","floor":8,"turns":4},{"damage":7,"enemies":"Gremlin Gang","floor":13,"turns":2},{"damage":6,"enemies":"Looter","floor":14,"turns":2},{"damage":9,"enemies":"Hexaghost","floor":16,"turns":8},{"damage":9,"enemies":"Shell Parasite","floor":18,"turns":4},{"damage":0,"enemies":"Spheric Guardian","floor":21,"turns":4},{"damage":42,"enemies":"Cultist and Chosen","floor":24,"turns":8},{"damage":45,"enemies":"Slavers","floor":27,"turns":5},{"damage":8,"enemies":"Snake Plant","floor":28,"turns":5},{"damage":0,"enemies":"Snecko","floor":29,"turns":5},{"damage":43,"enemies":"Automaton","floor":33,"turns":12},{"damage":0,"enemies":"Orb Walker","floor":35,"turns":4},{"damage":0,"enemies":"3 Shapes","floor":37,"turns":4},{"damage":35,"enemies":"Giant Head","floor":41,"turns":11},{"damage":0,"enemies":"3 Darklings","floor":44,"turns":4},{"damage":8,"enemies":"Spire Growth","floor":47,"turns":6},{"damage":0,"enemies":"Sphere and 2 Shapes","floor":48,"turns":6},{"damage":38,"enemies":"Donu and Deca","floor":50,"turns":9}],"seed_played":"-8015847132332013334","potions_obtained":[{"floor":1,"key":"Strength Potion"},{"floor":8,"key":"FairyPotion"},{"floor":13,"key":"GamblersBrew"},{"floor":14,"key":"AttackPotion"},{"floor":21,"key":"FocusPotion"},{"floor":28,"key":"ColorlessPotion"},{"floor":29,"key":"DuplicationPotion"},{"floor":35,"key":"AttackPotion"},{"floor":37,"key":"FocusPotion"}],"is_trial":false,"path_per_floor":["M","M","M","M","$","R","E","M","T","R","$","R","M","M","R","B",null,"M","?","T","M","?","R","M","?","T","E","M","M","R","?","R","B",null,"M","$","M","?","?","R","E","?","T","M","?","R","M","M","R","B",null],"character_chosen":"DEFECT","items_purchased":["FTL","Capacitor","Compile Driver","Defragment+1","Cold Snap"],"campfire_rested":7,"item_purchase_floors":[5,5,5,11,36],"current_hp_per_floor":[68,56,52,38,38,38,8,1,1,23,23,45,38,32,32,23,62,53,39,39,39,39,63,21,21,21,19,11,16,40,40,64,26,67,67,67,67,67,67,67,37,37,37,42,42,66,58,58,80,42],"gold":132,"neow_bonus":"HUNDRED_GOLD","is_daily":false,"chose_seed":false,"campfire_upgraded":3,"win_rate":0.0,"timestamp":1609813511,"path_taken":["M","M","M","M","$","R","E","?","T","R","$","R","M","M","R","BOSS","M","?","?","M","?","R","?","?","T","E","?","M","R","?","R","BOSS","M","$","M","?","?","R","E","?","T","?","?","R","M","M","R","BOSS"],"items_purchased_type":["Card","Card","Card","Card","Card"],"build_version":"2020-12-22","purchased_purges":2,"victory":true,"max_hp_per_floor":[75,75,75,75,75,75,75,75,75,75,75,75,75,75,75,75,75,75,80,80,80,80,80,80,80,80,80,80,80,80,80,80,80,80,80,80,80,80,80,80,80,80,80,80,80,80,80,80,80,80],"card_choices":[{"not_picked":["Redo","Beam Cell"],"picked":"Barrage","floor":1},{"not_picked":["Compile Driver","Cold Snap"],"picked":"Genetic Algorithm","floor":2},{"not_picked":["Leap","Go for the Eyes"],"picked":"Doom and Gloom","floor":3},{"not_picked":["Cold Snap","Steam"],"picked":"Sweeping Beam","floor":4},{"not_picked":["Redo","Compile Driver"],"picked":"Creative AI","floor":7},{"not_picked":["Darkness","Turbo"],"picked":"Double Energy","floor":8},{"not_picked":["Storm+1","Barrage"],"picked":"Sunder","floor":13},{"not_picked":["Genetic Algorithm","Leap"],"picked":"Cold Snap","floor":14},{"not_picked":["Creative AI+1","Meteor Strike"],"picked":"Buffer+1","floor":16},{"not_picked":["Leap","Capacitor+1"],"picked":"Double Energy","floor":18},{"not_picked":["Streamline","Turbo"],"picked":"Skim","floor":21},{"not_picked":["Sweeping Beam","Gash","BootSequence"],"picked":"SKIP","floor":24},{"not_picked":["Core Surge","Steam"],"picked":"Leap+1","floor":27},{"not_picked":["Steam+1","Ball Lightning"],"picked":"BootSequence","floor":28},{"not_picked":["Turbo","Gash"],"picked":"FTL","floor":29},{"not_picked":["Seek","Thunder Strike"],"picked":"Electrodynamics+1","floor":33},{"not_picked":["Gash+1","Redo+1"],"picked":"Coolheaded","floor":35},{"not_picked":["Glacier+1","Rebound+1"],"picked":"Force Field+1","floor":37},{"not_picked":["Bandage Up","Discovery"],"picked":"Enlightenment","floor":39},{"not_picked":["Reboot","Blizzard+1","Sweeping Beam"],"picked":"SKIP","floor":41},{"not_picked":["Gash","Lockon"],"picked":"Storm+1","floor":44},{"not_picked":["Cold Snap","Go for the Eyes+1"],"picked":"Loop+1","floor":47},{"not_picked":["Self Repair+1","Skim","Genetic Algorithm"],"picked":"SKIP","floor":48}],"player_experience":2403366,"relics_obtained":[{"floor":7,"key":"Bottled Flame"},{"floor":9,"key":"Frozen Egg 2"},{"floor":20,"key":"Toy Ornithopter"},{"floor":26,"key":"Bottled Tornado"},{"floor":27,"key":"Calipers"},{"floor":41,"key":"Blue Candle"},{"floor":43,"key":"Whetstone"}],"event_choices":[{"damage_healed":0,"gold_gain":0,"player_choice":"Shed Blood","damage_taken":19,"max_hp_gain":5,"max_hp_loss":0,"event_name":"Forgotten Altar","floor":19,"gold_loss":0},{"damage_healed":0,"gold_gain":0,"player_choice":"Bet on Murderer","damage_taken":0,"max_hp_gain":0,"max_hp_loss":0,"event_name":"The Joust","floor":22,"gold_loss":50},{"damage_healed":0,"gold_gain":0,"player_choice":"Leave","damage_taken":0,"max_hp_gain":0,"max_hp_loss":0,"event_name":"FaceTrader","floor":25,"gold_loss":0},{"damage_healed":0,"gold_gain":0,"player_choice":"Simplicity","damage_taken":0,"max_hp_gain":0,"max_hp_loss":0,"event_name":"Back to Basics","floor":31,"gold_loss":0,"cards_upgraded":["Strike_B","Strike_B","Strike_B","Defend_B","Defend_B","Defend_B","Defend_B"]},{"damage_healed":0,"gold_gain":0,"player_choice":"Paid","damage_taken":0,"relics_obtained":["Red Mask"],"max_hp_gain":0,"max_hp_loss":0,"event_name":"Tomb of Lord Red Mask","floor":38,"gold_loss":162},{"damage_healed":0,"gold_gain":0,"player_choice":"Memory 1","damage_taken":0,"max_hp_gain":0,"max_hp_loss":0,"event_name":"SensoryStone","floor":39,"gold_loss":0},{"cards_removed":["Strike_B"],"damage_healed":0,"gold_gain":0,"player_choice":"Purged","damage_taken":0,"max_hp_gain":0,"max_hp_loss":0,"event_name":"Purifier","floor":42,"gold_loss":0},{"cards_removed":["Sunder"],"damage_healed":0,"gold_gain":0,"player_choice":"Removed Attack","damage_taken":0,"max_hp_gain":0,"max_hp_loss":0,"event_name":"Falling","floor":45,"gold_loss":0}],"is_beta":false,"boss_relics":[{"not_picked":["Busted Crown","Fusion Hammer"],"picked":"Runic Pyramid"},{"not_picked":["Pandora\u0027s Box","Empty Cage"],"picked":"Philosopher\u0027s Stone"}],"items_purged_floors":[5,36],"is_endless":false,"potions_floor_spawned":[1,8,13,14,21,28,29,35,37],"ascension_level":9}}