{"host":"armnliea5o2aqs4b","time":1609825301,"event":{"mods":["BaseMod","Hubris","Infinite Spire","Minty Spire (QoL Compilation)","Quick Restart","StSLib"],"gold_per_floor":[109,284,298,298,15,50,50,50,50,63,63,89,101,111,111,206,206,226,325,325,325,250,250,283,293,293,309,309,69,79,98,98,198,198,208,208,208,208,208,240,259,274,274,297,77,77,77,97,97,97],"floor_reached":51,"playtime":1864,"items_purged":["Parasite"],"score":829,"play_id":"6a998d63-8844-4a49-8557-b3bc57bce8a4","local_time":"20210105164141","is_ascension_mode":true,"campfire_choices":[{"data":"Accuracy","floor":7.0,"key":"SMITH"},{"data":"After Image","floor":11.0,"key":"SMITH"},{"data":"hubris:Counter","floor":15.0,"key":"SMITH"},{"data":"Night Terror","floor":23.0,"key":"SMITH"},{"floor":28.0,"key":"REST"},{"data":"Terror","floor":32.0,"key":"SMITH"},{"data":"Infinite Blades","floor":47.0,"key":"SMITH"},{"data":"Neutralize","floor":49.0,"key":"SMITH"}],"circlet_count":0,"master_deck":["Strike_G","Strike_G","Defend_G","Defend_G","Defend_G","Defend_G","Defend_G","Survivor","Neutralize+1","Flying Knee","Accuracy+1","After Image+1","hubris:Counter+1","Crippling Poison","Night Terror+1","Sucker Punch+1","Dagger Spray+1","Crippling Poison+1","Blade Dance+1","Infinite Blades+1","Noxious Fumes+1","Terror+1","Blade Dance+1"],"relics":["Burning Blood","NeowsBlessing","infinitespire:Cubic Diamond","Ninja Scroll","Incense Burner","Tingsha","PreservedInsect","Astrolabe","The Specimen","hubris:BundleOfHerbs","infinitespire:ShieldingShard","hubris:PeanutButter","Cursed Key","hubris:Towel","hubris:Icosahedron","Omamori","Pantograph","infinitespire:Satchel","Juzu Bracelet"],"acts_visited":["Exordium","TheCity","TheBeyond"],"potions_floor_usage":[50],"damage_taken":[{"damage":0.0,"enemies":"Small Slimes","floor":1.0,"turns":1.0},{"damage":0.0,"enemies":"Jaw Worm","floor":3.0,"turns":1.0},{"damage":0.0,"enemies":"Lagavulin","floor":6.0,"turns":1.0},{"damage":1.0,"enemies":"Cultist","floor":10.0,"turns":4.0},{"damage":0.0,"enemies":"Blue Slaver","floor":13.0,"turns":3.0},{"damage":3.0,"enemies":"3 Louse","floor":14.0,"turns":5.0},{"damage":43.0,"enemies":"The Guardian","floor":16.0,"turns":20.0},{"damage":20.0,"enemies":"3 Byrds","floor":18.0,"turns":4.0},{"damage":37.0,"enemies":"Gremlin Leader","floor":24.0,"turns":7.0},{"damage":4.0,"enemies":"Shell Parasite","floor":25.0,"turns":5.0},{"damage":23.0,"enemies":"Centurion and Healer","floor":27.0,"turns":8.0},{"damage":0.0,"enemies":"Shelled Parasite and Fungi","floor":30.0,"turns":8.0},{"damage":25.0,"enemies":"Cultist and Chosen","floor":31.0,"turns":8.0},{"damage":12.0,"enemies":"hubris:MusketHawk","floor":33.0,"turns":8.0},{"damage":0.0,"enemies":"3 Darklings","floor":35.0,"turns":5.0},{"damage":13.0,"enemies":"Giant Head","floor":40.0,"turns":8.0},{"damage":20.0,"enemies":"3 Shapes","floor":41.0,"turns":3.0},{"damage":4.0,"enemies":"Writhing Mass","floor":42.0,"turns":5.0},{"damage":0.0,"enemies":"Sphere and 2 Shapes","floor":48.0,"turns":4.0},{"damage":46,"enemies":"Donu and Deca","floor":50,"turns":8}],"seed_played":"7526526792947265705","potions_obtained":[{"floor":3.0,"key":"SpeedPotion"},{"floor":13.0,"key":"BlessingOfTheForge"},{"floor":14.0,"key":"AttackPotion"},{"floor":16.0,"key":"CunningPotion"},{"floor":24.0,"key":"FearPotion"},{"floor":33.0,"key":"Regen Potion"}],"is_trial":false,"path_per_floor":["M","?","M","?","$","E","R","$","T","M","R","T","M","M","R","B",null,"M","?","?","?","?","R","E","M","T","M","R","$","M","M","R","B",null,"M","?","?","?","?","E","M","M","T","T","$","$","R","M","R","B",null],"character_chosen":"THE_SILENT","items_purchased":["Ninja Scroll","Accuracy","hubris:PeanutButter","Juzu Bracelet"],"campfire_rested":1,"item_purchase_floors":[5,5,29,45],"current_hp_per_floor":[70,70,70,70,70,70,70,70,70,70,70,70,70,70,70,33,70,56,56,56,56,56,56,25,36,36,19,40,40,46,27,27,21,70,70,66,66,66,66,59,45,47,47,47,47,47,47,53,53,28],"gold":97,"neow_bonus":"THREE_ENEMY_KILL","is_daily":false,"chose_seed":false,"campfire_upgraded":7,"win_rate":0.0,"timestamp":1609825301,"path_taken":["M","?","M","?","?","E","R","$","T","M","R","?","?","M","R","BOSS","M","?","?","?","?","R","E","M","T","M","R","$","M","?","R","BOSS","M","?","?","?","?","E","?","M","T","?","?","$","R","M","R","BOSS"],"items_purchased_type":["Relic","Card","Relic","Relic"],"build_version":"2020-12-22","purchased_purges":1,"victory":true,"max_hp_per_floor":[70,70,70,70,70,70,70,70,70,70,70,70,70,70,70,70,70,70,70,70,70,70,70,70,70,70,70,70,70,70,70,70,70,70,70,66,66,66,66,66,66,66,66,66,63,63,63,63,63,63],"card_choices":[{"not_picked":["Deflect","Bane"],"picked":"Flying Knee","floor":1.0},{"not_picked":["Flying Knee","Dagger Spray","Deflect"],"picked":"SKIP","floor":3.0},{"not_picked":["Outmaneuver","Quick Slash"],"picked":"After Image","floor":6.0},{"not_picked":["Dagger Spray","Backflip"],"picked":"hubris:Counter","floor":10.0},{"not_picked":["Dash","Acrobatics"],"picked":"Crippling Poison","floor":13.0},{"not_picked":["Acrobatics","Escape Plan","Slice"],"picked":"SKIP","floor":14.0},{"not_picked":["Venomology","Unload"],"picked":"Night Terror","floor":16.0},{"not_picked":["Dodge and Roll+1","hubris:Counter+1"],"picked":"Blade Dance+1","floor":18.0},{"not_picked":["Slice","Underhanded Strike","Prepared+1"],"picked":"SKIP","floor":24.0},{"not_picked":["Underhanded Strike","Flechettes","Dagger Spray"],"picked":"SKIP","floor":25.0},{"not_picked":["Predator","Finisher+1"],"picked":"Noxious Fumes+1","floor":27.0},{"not_picked":["Predator+1","Crippling Poison","Deadly Poison+1"],"picked":"SKIP","floor":30.0},{"not_picked":["Backflip","Catalyst"],"picked":"Terror","floor":31.0},{"not_picked":["Backflip+1","Flechettes+1","Underhanded Strike+1"],"picked":"SKIP","floor":35.0},{"not_picked":["Backflip+1","PiercingWail+1"],"picked":"Blade Dance+1","floor":40.0},{"not_picked":["Distraction","Dodge and Roll","Bane"],"picked":"SKIP","floor":41.0},{"not_picked":["Dodge and Roll","Backflip","Slice+1"],"picked":"SKIP","floor":42.0},{"not_picked":["Prepared+1","Slice+1","Outmaneuver+1"],"picked":"SKIP","floor":48.0}],"player_experience":186361,"relics_obtained":[{"floor":6.0,"key":"Incense Burner"},{"floor":9.0,"key":"Tingsha"},{"floor":12.0,"key":"PreservedInsect"},{"floor":24.0,"key":"hubris:BundleOfHerbs"},{"floor":26.0,"key":"infinitespire:ShieldingShard"},{"floor":40.0,"key":"Omamori"},{"floor":43.0,"key":"Pantograph"},{"floor":44.0,"key":"infinitespire:Satchel"}],"event_choices":[{"damage_healed":0.0,"max_hp_gain":0.0,"max_hp_loss":0.0,"gold_gain":175.0,"event_name":"Liars Game","player_choice":"AGREE","floor":2.0,"gold_loss":0.0,"damage_taken":0.0,"cards_obtained":["Doubt"]},{"damage_healed":0.0,"max_hp_gain":0.0,"max_hp_loss":0.0,"gold_gain":99.0,"event_name":"Nest","player_choice":"Stole From Cult","floor":19.0,"gold_loss":0.0,"damage_taken":0.0},{"damage_healed":0.0,"max_hp_gain":0.0,"max_hp_loss":0.0,"gold_gain":0.0,"event_name":"The Mausoleum","player_choice":"Opened","floor":20.0,"gold_loss":0.0,"damage_taken":0.0,"relics_obtained":["The Specimen"],"cards_obtained":["Writhe"]},{"damage_healed":0.0,"max_hp_gain":0.0,"max_hp_loss":0.0,"gold_gain":0.0,"event_name":"The Library","player_choice":"Read","floor":21.0,"gold_loss":0.0,"damage_taken":0.0,"cards_obtained":["Infinite Blades"]},{"cards_removed":["Doubt"],"damage_healed":0.0,"max_hp_gain":0.0,"max_hp_loss":0.0,"gold_gain":0.0,"event_name":"Beggar","player_choice":"Gave Gold","floor":22.0,"gold_loss":75.0,"damage_taken":0.0},{"damage_healed":0.0,"max_hp_gain":0.0,"max_hp_loss":4.0,"gold_gain":0.0,"event_name":"Winding Halls","player_choice":"Max HP","floor":36.0,"gold_loss":0.0,"damage_taken":0.0},{"cards_removed":["Writhe"],"damage_healed":0.0,"max_hp_gain":0.0,"max_hp_loss":0.0,"gold_gain":0.0,"event_name":"Fountain of Cleansing","player_choice":"Removed Curses","floor":39.0,"gold_loss":0.0,"damage_taken":0.0}],"is_beta":false,"boss_relics":[{"not_picked":["Pandora\u0027s Box","SacredBark"],"picked":"Astrolabe"},{"not_picked":["Philosopher\u0027s Stone","hubris:CrackedHourglass"],"picked":"Cursed Key"}],"items_purged_floors":[45],"is_endless":false,"potions_floor_spawned":[3,13,14,16,24,25,33,40,48],"ascension_level":1}}