{"host":"jpcy2bclvs7juczu","time":1609875913,"event":{"mods":["AchievementEnabler","BaseMod","Block Reminder","Colored Map","Colored Powertips","Curses Come First","Minty Spire (QoL Compilation)","Quick Restart","Relic Stats","StSLib","ojb\u0027s Better Paths Mod","ojb\u0027s Info Mod","slay the spire mod where everything is the same but ironclad has a cowboy hat"],"gold_per_floor":[112,124,136,151,151,151,151,181,228,228,281,281,36,69,69,69,69],"floor_reached":16,"playtime":356,"items_purged":[],"score":220,"play_id":"a5a76236-2e3f-4f0b-8d46-8f5e7b4bab54","local_time":"20210105194513","is_ascension_mode":true,"campfire_choices":[{"data":"Perfected Strike","floor":6,"key":"SMITH"},{"data":"Bash","floor":12,"key":"SMITH"},{"data":"Armaments","floor":15,"key":"SMITH"}],"circlet_count":0,"master_deck":["AscendersBane","Strike_R","Strike_R","Strike_R","Strike_R","Strike_R","Defend_R","Defend_R+1","Defend_R+1","Defend_R","Bash+1","Perfected Strike+1","Body Slam","Wild Strike+1","Headbutt","Reaper","Evolve","Armaments+1","Inflame"],"relics":["Burning Blood","NeowsBlessing","Singing Bowl","CeramicFish","Golden Idol","Bronze Scales"],"acts_visited":[],"potions_floor_usage":[8],"damage_taken":[{"damage":0,"enemies":"Jaw Worm","floor":1,"turns":1},{"damage":0,"enemies":"2 Louse","floor":2,"turns":1},{"damage":0,"enemies":"Small Slimes","floor":3,"turns":1},{"damage":22,"enemies":"3 Louse","floor":4,"turns":5},{"damage":8,"enemies":"Gremlin Nob","floor":8,"turns":3},{"damage":38,"enemies":"3 Sentries","floor":11,"turns":9},{"damage":17,"enemies":"Large Slime","floor":14,"turns":6},{"damage":15,"enemies":"Hexaghost","floor":16,"turns":4}],"seed_played":"-6196245185676736348","potions_obtained":[{"floor":2,"key":"LiquidMemories"}],"is_trial":false,"path_per_floor":["M","M","M","M","?","R","?","E","T","?","E","R","$","M","R","B"],"character_chosen":"IRONCLAD","items_purchased":["Bronze Scales","Weak Potion","Armaments"],"campfire_rested":0,"item_purchase_floors":[13,13,13],"current_hp_per_floor":[74,75,75,59,36,36,36,34,34,34,14,14,14,11,11,0,0],"gold":69,"neow_bonus":"THREE_ENEMY_KILL","is_daily":false,"chose_seed":false,"campfire_upgraded":3,"win_rate":0.0,"timestamp":1609875913,"path_taken":["M","M","M","M","?","R","?","E","T","?","E","R","$","M","R","BOSS"],"items_purchased_type":["Relic","Potion","Card"],"build_version":"2020-12-22","purchased_purges":0,"victory":false,"max_hp_per_floor":[75,75,75,75,75,75,75,75,75,68,68,68,68,68,68,68,68],"relic_stats":{"Singing Bowl":0,"counters":[8,30],"Golden Idol":14,"CeramicFish":27,"Bronze Scales":[27],"obtain_stats":[{"NeowsBlessing":0,"Singing Bowl":8,"Golden Idol":10,"CeramicFish":9,"Bronze Scales":13,"Burning Blood":0},{"NeowsBlessing":0,"Singing Bowl":5,"Golden Idol":5,"CeramicFish":5,"Bronze Scales":6,"Burning Blood":0},{"NeowsBlessing":0,"Singing Bowl":11,"Golden Idol":11,"CeramicFish":11,"Bronze Scales":20,"Burning Blood":0}],"Burning Blood":31},"card_choices":[{"not_picked":["Iron Wave","Shrug It Off"],"picked":"Perfected Strike","floor":1},{"not_picked":["Bloodletting","Perfected Strike"],"picked":"Body Slam","floor":2},{"not_picked":["Intimidate","Rupture"],"picked":"Wild Strike","floor":3},{"not_picked":["Sever Soul","Clash"],"picked":"Headbutt","floor":4},{"not_picked":["True Grit","Anger"],"picked":"Reaper","floor":8},{"not_picked":["Shrug It Off","Clothesline"],"picked":"Evolve","floor":11},{"not_picked":["Headbutt","Intimidate"],"picked":"Inflame","floor":14}],"player_experience":179089,"relics_obtained":[{"floor":8,"key":"Singing Bowl"},{"floor":9,"key":"CeramicFish"}],"event_choices":[{"damage_healed":0,"gold_gain":0,"player_choice":"Entered Light","damage_taken":23,"max_hp_gain":0,"max_hp_loss":0,"event_name":"Shining Light","floor":5,"gold_loss":0,"cards_upgraded":["Defend_R","Defend_R"]},{"damage_healed":0,"gold_gain":0,"player_choice":"Grow","damage_taken":0,"max_hp_gain":0,"max_hp_loss":0,"event_name":"Living Wall","floor":7,"gold_loss":0,"cards_upgraded":["Wild Strike"]},{"damage_healed":0,"gold_gain":0,"player_choice":"Lose Max HP","damage_taken":0,"relics_obtained":["Golden Idol"],"max_hp_gain":0,"max_hp_loss":7,"event_name":"Golden Idol","floor":10,"gold_loss":0}],"is_beta":false,"boss_relics":[],"items_purged_floors":[],"is_endless":false,"potions_floor_spawned":[2],"killed_by":"Hexaghost","ascension_level":20}}