{"host":"m6aaltr68g9tvoay","time":1609845038,"event":{"mods":["AchievementEnabler","BaseMod","Colored Map","Minty Spire (QoL Compilation)","StSLib"],"gold_per_floor":[117,117,117,49,49,49,65,92,92,92,7,33,49,64,64,141,141,153,78,28,0,0],"floor_reached":21,"playtime":562,"items_purged":["Strike_R"],"score":352,"play_id":"bef248d8-2651-411d-9699-5638ad8c5068","local_time":"20210105031038","is_ascension_mode":true,"campfire_choices":[{"data":"Mind Blast","floor":6.0,"key":"SMITH"},{"floor":10.0,"key":"REST"},{"floor":15,"key":"REST"}],"circlet_count":0,"master_deck":["AscendersBane","Strike_R","Strike_R","Strike_R","Defend_R","Defend_R","Defend_R","Defend_R","Bash","Mind Blast+1","Feel No Pain","Dropkick","Shrug It Off","Reckless Charge","Spot Weakness","Clothesline","Shrug It Off","Immolate","Armaments"],"relics":["Burning Blood","Smiling Mask","Sundial","Mummified Hand","SacredBark"],"acts_visited":["Exordium","TheCity"],"potions_floor_usage":[16],"damage_taken":[{"damage":11.0,"enemies":"Jaw Worm","floor":1.0,"turns":4.0},{"damage":11.0,"enemies":"2 Louse","floor":7.0,"turns":2.0},{"damage":34.0,"enemies":"3 Sentries","floor":8.0,"turns":13.0},{"damage":37.0,"enemies":"Gremlin Nob","floor":12.0,"turns":6.0},{"damage":6.0,"enemies":"Cultist","floor":13.0,"turns":3.0},{"damage":7,"enemies":"3 Louse","floor":14,"turns":2},{"damage":44,"enemies":"The Guardian","floor":16,"turns":14},{"damage":47,"enemies":"Shell Parasite","floor":18,"turns":7},{"damage":12,"enemies":"2 Thieves","floor":21,"turns":2}],"seed_played":"-1031889485204687995","potions_obtained":[{"floor":1.0,"key":"HeartOfIron"},{"floor":12.0,"key":"SteroidPotion"},{"floor":14,"key":"Swift Potion"},{"floor":16,"key":"Ancient Potion"}],"is_trial":false,"path_per_floor":["M","?","?","?","$","R","M","E","T","R","$","E","M","M","R","B",null,"M","?","$","M"],"character_chosen":"IRONCLAD","items_purchased":["Reckless Charge"],"campfire_rested":2,"item_purchase_floors":[11],"current_hp_per_floor":[63,63,68,68,68,68,63,35,35,59,59,28,28,27,51,13,63,22,22,22,10,10],"gold":0,"neow_bonus":"RANDOM_COLORLESS","is_daily":false,"chose_seed":false,"campfire_upgraded":1,"win_rate":0.0,"timestamp":1609845038,"path_taken":["M","?","?","?","$","R","M","E","T","R","$","E","M","M","R","BOSS","M","?","$","M"],"items_purchased_type":["Card"],"build_version":"2020-12-22","purchased_purges":1,"victory":false,"max_hp_per_floor":[75,75,80,80,80,80,80,80,80,80,80,80,80,80,80,80,80,80,80,80,80,80],"card_choices":[{"not_picked":["Deep Breath","Trip"],"picked":"Mind Blast","floor":0.0},{"not_picked":["Evolve","Flex"],"picked":"Feel No Pain","floor":1.0},{"not_picked":["Havoc","True Grit"],"picked":"Dropkick","floor":7.0},{"not_picked":["Iron Wave","Anger"],"picked":"Shrug It Off","floor":8.0},{"not_picked":["Armaments","Exhume"],"picked":"Spot Weakness","floor":12.0},{"not_picked":["Clash","Disarm"],"picked":"Clothesline","floor":13.0},{"not_picked":["Headbutt","Rupture"],"picked":"Shrug It Off","floor":14},{"not_picked":["Bludgeon","Barricade"],"picked":"Immolate","floor":16},{"not_picked":["Perfected Strike","Battle Trance"],"picked":"Armaments","floor":18}],"player_experience":1342130,"relics_obtained":[{"floor":8.0,"key":"Smiling Mask"},{"floor":9.0,"key":"Sundial"},{"floor":12.0,"key":"Mummified Hand"}],"event_choices":[{"damage_healed":0.0,"max_hp_gain":0.0,"max_hp_loss":0.0,"gold_gain":0.0,"event_name":"Shining Light","player_choice":"Ignored","floor":2.0,"gold_loss":0.0,"damage_taken":0.0},{"damage_healed":0.0,"max_hp_gain":5.0,"max_hp_loss":0.0,"gold_gain":0.0,"event_name":"Big Fish","player_choice":"Donut","floor":3.0,"gold_loss":0.0,"damage_taken":0.0},{"damage_healed":0.0,"max_hp_gain":0.0,"max_hp_loss":0.0,"gold_gain":0.0,"event_name":"World of Goop","player_choice":"Left Gold","floor":4.0,"gold_loss":68.0,"damage_taken":0.0},{"cards_removed":["Strike_R"],"damage_healed":0,"gold_gain":0,"player_choice":"Gave Gold","damage_taken":0,"max_hp_gain":0,"max_hp_loss":0,"event_name":"Beggar","floor":19,"gold_loss":75}],"is_beta":false,"boss_relics":[{"not_picked":["Philosopher\u0027s Stone","Cursed Key"],"picked":"SacredBark"}],"items_purged_floors":[20],"is_endless":false,"potions_floor_spawned":[1,12,14,16],"killed_by":"2 Thieves","ascension_level":18}}