{"host":"d8d3jqle49sogkjv","time":1609876358,"event":{"mods":["BaseMod","Colored Map","Colored Powertips","Minty Spire (QoL Compilation)","StSLib"],"gold_per_floor":[116,41,59,59,72,105,124,124,124,163,347,91,91,130,130,237,237,247,247,273,633,303,303,303,322,349,349,391,391,391,410,410,410,410],"floor_reached":33,"playtime":1370,"items_purged":["Strike_B","Doubt","Defend_B"],"score":407,"play_id":"3c360775-bc80-4ca0-b757-f1154cc6e418","local_time":"20210105205238","is_ascension_mode":true,"campfire_choices":[{"data":"Zap","floor":8,"key":"SMITH"},{"floor":13,"key":"REST"},{"data":"Mayhem","floor":15,"key":"SMITH"},{"floor":23,"key":"REST"},{"floor":27,"key":"REST"},{"data":"White Noise","floor":32,"key":"SMITH"}],"circlet_count":0,"master_deck":["Strike_B","Strike_B","Strike_B+1","Defend_B","Defend_B","Defend_B+1","Zap+1","Dualcast","Go for the Eyes","Doom and Gloom","Conserve Battery","Glacier","Beam Cell","Mayhem+1","White Noise+1","Reboot","Streamline+1","Self Repair","Conserve Battery"],"relics":["Cracked Core","NeowsBlessing","Meat on the Bone","CeramicFish","Juzu Bracelet","Busted Crown","MealTicket","DataDisk","Regal Pillow","FaceOfCleric"],"acts_visited":["Exordium","TheCity"],"potions_floor_usage":[10,18,25,33,33,33,33],"damage_taken":[{"damage":0,"enemies":"Cultist","floor":1,"turns":1},{"damage":0,"enemies":"Jaw Worm","floor":3,"turns":1},{"damage":0,"enemies":"2 Louse","floor":5,"turns":1},{"damage":34,"enemies":"3 Sentries","floor":6,"turns":6},{"damage":0,"enemies":"2 Fungi Beasts","floor":7,"turns":3},{"damage":21,"enemies":"Gremlin Nob","floor":10,"turns":4},{"damage":10,"enemies":"Lagavulin","floor":14,"turns":7},{"damage":9,"enemies":"The Guardian","floor":16,"turns":10},{"damage":8,"enemies":"3 Byrds","floor":18,"turns":3},{"damage":13,"enemies":"Chosen","floor":20,"turns":8},{"damage":15,"enemies":"Snake Plant","floor":25,"turns":5},{"damage":18,"enemies":"Gremlin Leader","floor":28,"turns":7},{"damage":13,"enemies":"Centurion and Healer","floor":31,"turns":6},{"damage":57,"enemies":"Collector","floor":33,"turns":10}],"seed_played":"-8299489443816409014","potions_obtained":[{"floor":3,"key":"Strength Potion"},{"floor":5,"key":"LiquidBronze"},{"floor":16,"key":"SteroidPotion"},{"floor":25,"key":"LiquidMemories"},{"floor":28,"key":"PotionOfCapacity"},{"floor":29,"key":"EntropicBrew"}],"is_trial":false,"path_per_floor":["M","$","M","?","M","E","M","R","T","E","?","$","R","E","R","B",null,"M","?","M","?","$","R","?","M","T","R","E","?","?","M","R","B"],"character_chosen":"DEFECT","items_purchased":["Mayhem","Self Repair","MealTicket"],"campfire_rested":3,"item_purchase_floors":[12,22,22],"current_hp_per_floor":[68,68,68,53,53,19,31,31,31,22,22,22,44,46,46,49,69,61,61,48,12,12,34,20,24,24,48,49,49,49,56,56,0,0],"gold":410,"neow_bonus":"THREE_ENEMY_KILL","is_daily":false,"chose_seed":false,"campfire_upgraded":3,"win_rate":0.0,"timestamp":1609876358,"path_taken":["M","?","?","?","M","E","M","R","T","E","?","$","R","E","R","BOSS","M","?","M","?","$","R","?","M","T","R","E","?","?","M","R","BOSS"],"items_purchased_type":["Card","Card","Relic"],"build_version":"2020-12-22","purchased_purges":3,"victory":false,"max_hp_per_floor":[75,75,75,75,75,75,75,75,75,75,75,75,75,75,75,75,75,75,75,75,75,75,75,80,80,80,80,80,80,80,81,81,81,81],"card_choices":[{"not_picked":["Stack","Compile Driver","Aggregate"],"picked":"SKIP","floor":1},{"not_picked":["Barrage","Compile Driver"],"picked":"Go for the Eyes","floor":3},{"not_picked":["Rebound","Fusion"],"picked":"Doom and Gloom","floor":5},{"not_picked":["Streamline","Hologram"],"picked":"Conserve Battery","floor":6},{"not_picked":["Redo","Amplify"],"picked":"Glacier","floor":7},{"not_picked":["Rebound","Compile Driver"],"picked":"Beam Cell","floor":10},{"not_picked":["Steam","Stack"],"picked":"White Noise","floor":14},{"not_picked":["Creative AI","Meteor Strike"],"picked":"Reboot","floor":16},{"not_picked":["Hologram"],"picked":"SKIP","floor":18},{"not_picked":[],"picked":"Streamline+1","floor":20},{"not_picked":["Ball Lightning"],"picked":"SKIP","floor":25},{"not_picked":[],"picked":"Conserve Battery","floor":28},{"not_picked":["Lockon"],"picked":"SKIP","floor":31}],"player_experience":370665,"relics_obtained":[{"floor":6,"key":"Meat on the Bone"},{"floor":10,"key":"CeramicFish"},{"floor":14,"key":"Juzu Bracelet"},{"floor":26,"key":"DataDisk"},{"floor":28,"key":"Regal Pillow"}],"event_choices":[{"damage_healed":0,"gold_gain":0,"player_choice":"Entered Light","damage_taken":15,"max_hp_gain":0,"max_hp_loss":0,"event_name":"Shining Light","floor":4,"gold_loss":0,"cards_upgraded":["Strike_B","Defend_B"]},{"damage_healed":0,"gold_gain":175,"player_choice":"AGREE","damage_taken":0,"max_hp_gain":0,"max_hp_loss":0,"event_name":"Liars Game","floor":11,"gold_loss":0,"cards_obtained":["Doubt"]},{"damage_healed":0,"gold_gain":0,"player_choice":"Ignored","damage_taken":0,"max_hp_gain":0,"max_hp_loss":0,"event_name":"Ghosts","floor":19,"gold_loss":0},{"damage_healed":0,"gold_gain":360,"player_choice":"GOLD GOLD GOLD GOLD ","damage_taken":36,"max_hp_gain":0,"max_hp_loss":0,"event_name":"Knowing Skull","floor":21,"potions_obtained":[],"gold_loss":0,"cards_obtained":[]},{"damage_healed":0,"gold_gain":0,"player_choice":"Shed Blood","damage_taken":19,"max_hp_gain":5,"max_hp_loss":0,"event_name":"Forgotten Altar","floor":24,"gold_loss":0},{"damage_healed":0,"gold_gain":0,"player_choice":"Got Potions","damage_taken":0,"max_hp_gain":0,"max_hp_loss":0,"event_name":"Lab","floor":29,"gold_loss":0},{"damage_healed":0,"gold_gain":0,"player_choice":"Trade","damage_taken":0,"relics_obtained":["FaceOfCleric"],"max_hp_gain":0,"max_hp_loss":0,"event_name":"FaceTrader","floor":30,"gold_loss":0}],"is_beta":false,"boss_relics":[{"not_picked":["Snecko Eye","Runic Dome"],"picked":"Busted Crown"}],"items_purged_floors":[2,12,22],"is_endless":false,"potions_floor_spawned":[3,5,16,25,28,31],"killed_by":"Collector","ascension_level":9}}