{"host":"pcbz64t4k17ey4z1","time":1609890234,"event":{"mods":["2.2 Compatiblity","AchievementEnabler","Act Like it!","Aspiration","BaseMod","Beaked The Cultist","Better Match","Better Third Choice","BetterRewards","Card Forge","Colored Map","Colored Powertips","Conspire","Disable Question Mark Monsters","Fireblade Mod","Friendly Minions","Gensokyo","GifTheSpireLib","Glutton Mod","Googly Eyes","Gremlin Mod","Hermit","Hubris","Infinite Spire","Koishi","Marisa????????","Minty Spire (QoL Compilation)","Permanent Neow","Potionbrewer","Quick Restart","Random Character Button","Rare Cards Sparkle","Relic Filter","Replay The Spire","Robot Space Explorer","Shade Mod","Shop Mod","Spicy Shops","StSLib","Stuff the Spire","SuperFastMode","The Animator","The Cursed","The Druid","The Gatherer","The Hierophant","The IronCluck","The Jungle","The Marked","The Runesmith","Virulent Crown","Waifu the Spire","Wandering Minibosses","vexMod"],"gold_per_floor":[115,132,132,149,162,197,207,237,285,315,329,362,362,362,362,467,467,479,495,510,102,102,146,146,181,181,181,211,233,264,288,288,393,393,408,433,447,722,543,543,543,543,570,596,717,717,730,753,753,758],"floor_reached":51,"playtime":3425,"items_purged":["RobotSpaceExplorer:Strike+1","RobotSpaceExplorer:Strike+1"],"score":998,"play_id":"8f1333f3-7927-4cb7-b826-5787e782847e","local_time":"20210105234354","is_ascension_mode":true,"campfire_choices":[{"data":"RobotSpaceExplorer:BigMissile","floor":15,"key":"SMITH"},{"data":"RobotSpaceExplorer:StarDust","floor":15,"key":"SMITH"},{"data":"RobotSpaceExplorer:MiniBoosters","floor":24,"key":"SMITH"},{"data":"RobotSpaceExplorer:Accelerator","floor":24,"key":"SMITH"},{"data":"RobotSpaceExplorer:Fix","floor":32,"key":"SMITH"},{"data":"RobotSpaceExplorer:DroneSwarm","floor":32,"key":"SMITH"},{"data":"RobotSpaceExplorer:Comet","floor":40,"key":"SMITH"},{"data":"RobotSpaceExplorer:Accelerator","floor":40,"key":"SMITH"},{"data":"RobotSpaceExplorer:StarDust","floor":42,"key":"SMITH"},{"data":"RobotSpaceExplorer:BigMissile","floor":42,"key":"SMITH"},{"data":"StuffTheSpire:CopiaOfFamine","floor":46,"key":"SMITH"},{"data":"RobotSpaceExplorer:Blaster","floor":46,"key":"SMITH"},{"data":"RobotSpaceExplorer:LuckyStrike","floor":49,"key":"SMITH"},{"data":"RobotSpaceExplorer:MiniDrones","floor":49,"key":"SMITH"}],"circlet_count":0,"master_deck":["RobotSpaceExplorer:Strike+1","RobotSpaceExplorer:Defend+1","RobotSpaceExplorer:Defend+1","RobotSpaceExplorer:Defend+1","RobotSpaceExplorer:Defend+1","RobotSpaceExplorer:Scan+1","RobotSpaceExplorer:MiniLasers+1","RobotSpaceExplorer:MiniBoosters+1","RobotSpaceExplorer:GlueSpray+1","RobotSpaceExplorer:BigMissile+1","RobotSpaceExplorer:DoubleFind+1","RobotSpaceExplorer:IronShell+1","RobotSpaceExplorer:StarDust+1","RobotSpaceExplorer:MiniDrones","RobotSpaceExplorer:DroneSwarm+1","RobotSpaceExplorer:MiniDrones","RobotSpaceExplorer:Accelerator+1","RobotSpaceExplorer:Fix+1","StuffTheSpire:FreeRealEstate","RobotSpaceExplorer:LuckyStrike+1","RobotSpaceExplorer:MiniBoosters+1","RobotSpaceExplorer:Blaster+1","RobotSpaceExplorer:StarDust+1","StuffTheSpire:CopiaOfFamine+1","RobotSpaceExplorer:MiniDrones+1","RobotSpaceExplorer:Ammunition+1","RobotSpaceExplorer:Pulsar+1","RobotSpaceExplorer:Accelerator+1","RobotSpaceExplorer:BigMissile+1","RobotSpaceExplorer:GlueShot","RobotSpaceExplorer:Probe+1","RobotSpaceExplorer:Comet+1","RobotSpaceExplorer:MiniDrones","RobotSpaceExplorer:ScrapMissile"],"relics":["RobotSpaceExplorer:RoboCore","Hammer of Thor","Seething Fire","Anvil of the Gods","StuffTheSpire:OldFever","Bottled Lightning","War Paint","Replay:Arrowhead","Pet Ghost","hubris:VirtuousBlindfold","RobotSpaceExplorer:PlasmaHourglass","hubris:Towel","Ornamental Fan","potionbrewer:Torch","Kunai","conspire:Dentures","Replay:Rubber Ducky","SlaversCollar","StuffTheSpire:TintedRock","hubris:TerracottaHorce","Replay:Baseball","Replay:Bottled Flurry","wanderingMiniBosses:Inkheart"],"acts_visited":["Exordium","TheCity","TheBeyond"],"potions_floor_usage":[6,7,10,12,16,28,33,33,35,50],"damage_taken":[{"damage":0,"enemies":"2 Louse","floor":1,"turns":3},{"damage":0,"enemies":"Small Slimes","floor":2,"turns":3},{"damage":0,"enemies":"Cultist","floor":4,"turns":2},{"damage":0,"enemies":"Exordium Wildlife","floor":5,"turns":4},{"damage":4,"enemies":"Lagavulin","floor":6,"turns":10},{"damage":0,"enemies":"Looter","floor":7,"turns":6},{"damage":12,"enemies":"Gremlin Nob","floor":10,"turns":3},{"damage":0,"enemies":"2 Fungi Beasts","floor":11,"turns":4},{"damage":12,"enemies":"3 Sentries","floor":12,"turns":6},{"damage":1,"enemies":"The Guardian","floor":16,"turns":8},{"damage":0,"enemies":"3 Byrds","floor":18,"turns":3},{"damage":0,"enemies":"Spheric Guardian","floor":19,"turns":1},{"damage":8,"enemies":"3 Cultists","floor":20,"turns":4},{"damage":0,"enemies":"Gremlin Leader","floor":23,"turns":5},{"damage":8,"enemies":"Book of Stabbing","floor":25,"turns":6},{"damage":0,"enemies":"Gremlin Leader","floor":28,"turns":5},{"damage":9,"enemies":"Snecko","floor":29,"turns":4},{"damage":16,"enemies":"Slavers","floor":30,"turns":3},{"damage":0,"enemies":"Centurion and Healer","floor":31,"turns":5},{"damage":0,"enemies":"Automaton","floor":33,"turns":6},{"damage":0,"enemies":"3 Shapes","floor":35,"turns":1},{"damage":0,"enemies":"Orb Walker","floor":36,"turns":6},{"damage":0,"enemies":"3 Darklings","floor":37,"turns":5},{"damage":13,"enemies":"Transient","floor":44,"turns":5},{"damage":1,"enemies":"Reptomancer","floor":45,"turns":5},{"damage":0,"enemies":"Jaw Worm Horde","floor":47,"turns":3},{"damage":0,"enemies":"3 Darklings","floor":48,"turns":3},{"damage":0,"enemies":"Time Eater","floor":50,"turns":6}],"seed_played":"765964203027035723","potions_obtained":[{"floor":5,"key":"GamblersBrew"},{"floor":6,"key":"potionbrewer:DiscountPotion"},{"floor":7,"key":"Toxic Potion"},{"floor":10,"key":"AttackPotion"},{"floor":12,"key":"Fire Potion"},{"floor":16,"key":"infinitespire:BlackPotion"},{"floor":18,"key":"Fire Potion"},{"floor":29,"key":"LiquidMemories"},{"floor":30,"key":"SmokeBomb"},{"floor":45,"key":"Weak Potion"},{"floor":47,"key":"Fire Potion"}],"is_trial":false,"path_per_floor":["M","M","?","M","M","E","M","?","T","E","M","E","?","?","R","B",null,"M","M","M","$","?","E","R","E","T","?","E","M","E","M","R","B",null,"M","M","M","?","$","R","AVR","R","T","M","E","R","M","M","R","B",null],"character_chosen":"RobotSpaceExplorer","items_purchased":["StuffTheSpire:FreeRealEstate","RobotSpaceExplorer:LuckyStrike","RobotSpaceExplorer:MiniBoosters","RobotSpaceExplorer:PlasmaHourglass","RobotSpaceExplorer:Comet"],"campfire_rested":0,"item_purchase_floors":[21,21,21,21,39],"current_hp_per_floor":[75,75,75,75,75,71,71,71,71,59,59,47,47,47,47,46,75,75,75,67,67,67,67,67,63,63,43,47,42,30,30,30,36,75,75,75,75,75,75,75,75,75,75,62,67,67,67,67,67,73],"gold":758,"neow_bonus":"RANDOM_COMMON_RELIC","is_daily":false,"chose_seed":false,"campfire_upgraded":14,"win_rate":0.0,"timestamp":1609890234,"path_taken":["M","M","?","M","M","E","M","?","T","E","M","E","?","?","R","BOSS","M","M","M","?","?","E","R","E","T","?","E","M","E","M","R","BOSS","M","M","M","?","$","R","AVR","R","T","M","E","R","?","?","R","BOSS"],"items_purchased_type":["Card","Card","Card","Relic","Card"],"build_version":"2020-12-22","purchased_purges":2,"victory":true,"max_hp_per_floor":[75,75,75,75,75,75,75,75,75,75,75,75,75,75,75,75,75,75,75,75,75,75,75,75,75,75,75,75,75,75,75,75,75,75,75,75,75,75,75,75,75,75,75,75,75,75,75,75,75,75],"card_choices":[{"not_picked":["RobotSpaceExplorer:GlueShot","RobotSpaceExplorer:ToxicBomb"],"picked":"RobotSpaceExplorer:MiniBoosters","floor":1},{"not_picked":["RobotSpaceExplorer:FrostMissile","RobotSpaceExplorer:Pulsar"],"picked":"RobotSpaceExplorer:GlueSpray","floor":2},{"not_picked":["RobotSpaceExplorer:StunGrenade","RobotSpaceExplorer:Counterblock","RobotSpaceExplorer:SurgingShield"],"picked":"SKIP","floor":4},{"not_picked":["RobotSpaceExplorer:MakeshiftVolley","RobotSpaceExplorer:SwiftStep","RobotSpaceExplorer:ShockKick"],"picked":"SKIP","floor":5},{"not_picked":["RobotSpaceExplorer:StunGrenade","RobotSpaceExplorer:Electropulse"],"picked":"RobotSpaceExplorer:BigMissile","floor":6},{"not_picked":["RobotSpaceExplorer:Calculate","RobotSpaceExplorer:FrostMissile"],"picked":"RobotSpaceExplorer:DoubleFind","floor":7},{"not_picked":["RobotSpaceExplorer:FranticSearch","RobotSpaceExplorer:ToxicBomb"],"picked":"RobotSpaceExplorer:IronShell","floor":10},{"not_picked":["RobotSpaceExplorer:FranticSearch","RobotSpaceExplorer:ShockKick"],"picked":"RobotSpaceExplorer:StarDust","floor":11},{"not_picked":["RobotSpaceExplorer:ScrapShield","RobotSpaceExplorer:PowerGlove"],"picked":"RobotSpaceExplorer:MiniDrones","floor":12},{"not_picked":["RobotSpaceExplorer:Wormhole","RobotSpaceExplorer:Exploration"],"picked":"RobotSpaceExplorer:DroneSwarm","floor":16},{"not_picked":["RobotSpaceExplorer:StarLightning","RobotSpaceExplorer:ShockKick"],"picked":"RobotSpaceExplorer:MiniDrones","floor":18},{"not_picked":["RobotSpaceExplorer:LaserBurst","RobotSpaceExplorer:FrostMissile"],"picked":"RobotSpaceExplorer:Accelerator","floor":19},{"not_picked":["RobotSpaceExplorer:SurgingStrike","RobotSpaceExplorer:ScrapMissile"],"picked":"RobotSpaceExplorer:Fix","floor":20},{"not_picked":["RobotSpaceExplorer:SlimeMissile+1","RobotSpaceExplorer:FranticSearch+1"],"picked":"RobotSpaceExplorer:Blaster","floor":23},{"not_picked":["RobotSpaceExplorer:ImprovisedAttack","RobotSpaceExplorer:SurgingStrike"],"picked":"RobotSpaceExplorer:StarDust","floor":25},{"not_picked":["RobotSpaceExplorer:FrostMissile+1","RobotSpaceExplorer:Fix+1"],"picked":"RobotSpaceExplorer:MiniDrones","floor":28},{"not_picked":["RobotSpaceExplorer:ShockKick","RobotSpaceExplorer:ImprovisedAttack","RobotSpaceExplorer:DualCore"],"picked":"SKIP","floor":29},{"not_picked":["RobotSpaceExplorer:LuckyStrike","RobotSpaceExplorer:HighVoltage"],"picked":"RobotSpaceExplorer:Ammunition+1","floor":30},{"not_picked":["RobotSpaceExplorer:Jetpack+1","RobotSpaceExplorer:BigMissile+1"],"picked":"RobotSpaceExplorer:Pulsar+1","floor":31},{"not_picked":["RobotSpaceExplorer:Wormhole","RobotSpaceExplorer:Autoloader"],"picked":"RobotSpaceExplorer:Accelerator","floor":33},{"not_picked":["RobotSpaceExplorer:ShockKick+1","RobotSpaceExplorer:DualCore"],"picked":"RobotSpaceExplorer:BigMissile","floor":35},{"not_picked":["RobotSpaceExplorer:HighVoltage","RobotSpaceExplorer:SlimeMissile"],"picked":"RobotSpaceExplorer:GlueShot","floor":36},{"not_picked":["RobotSpaceExplorer:Pulsar","RobotSpaceExplorer:LaserBurst"],"picked":"RobotSpaceExplorer:Probe+1","floor":37},{"not_picked":["RobotSpaceExplorer:FranticSearch","RobotSpaceExplorer:FrostMissile+1"],"picked":"RobotSpaceExplorer:MiniDrones","floor":44},{"not_picked":["RobotSpaceExplorer:Exploration","RobotSpaceExplorer:FranticSearch","RobotSpaceExplorer:ImprovisedAttack+1"],"picked":"SKIP","floor":45},{"not_picked":["RobotSpaceExplorer:SelfCleaning+1","RobotSpaceExplorer:ShockKick","RobotSpaceExplorer:SurgingStrike+1"],"picked":"SKIP","floor":47},{"not_picked":["RobotSpaceExplorer:Smokescreen+1","RobotSpaceExplorer:Calculate+1"],"picked":"RobotSpaceExplorer:ScrapMissile","floor":48}],"player_experience":3883061,"relics_obtained":[{"floor":6,"key":"Bottled Lightning"},{"floor":9,"key":"War Paint"},{"floor":10,"key":"Replay:Arrowhead"},{"floor":12,"key":"Pet Ghost"},{"floor":23,"key":"Ornamental Fan"},{"floor":25,"key":"potionbrewer:Torch"},{"floor":26,"key":"Kunai"},{"floor":28,"key":"conspire:Dentures"},{"floor":30,"key":"Replay:Rubber Ducky"},{"floor":43,"key":"Replay:Baseball"},{"floor":45,"key":"Replay:Bottled Flurry"},{"floor":47,"key":"wanderingMiniBosses:Inkheart"}],"event_choices":[{"damage_healed":0,"gold_gain":30,"player_choice":"Searched \u00272\u0027 times","damage_taken":0,"max_hp_gain":0,"max_hp_loss":0,"event_name":"Dead Adventurer","floor":8,"gold_loss":0},{"cards_removed":["RobotSpaceExplorer:Strike"],"damage_healed":0,"gold_gain":0,"player_choice":"Card Removal","damage_taken":0,"max_hp_gain":0,"max_hp_loss":0,"event_name":"Wheel of Change","floor":14,"gold_loss":0},{"damage_healed":0,"gold_gain":275,"player_choice":"Desecrate","damage_taken":0,"max_hp_gain":0,"max_hp_loss":0,"event_name":"Golden Shrine","floor":38,"gold_loss":0,"cards_obtained":["Regret"]}],"is_beta":false,"boss_relics":[{"not_picked":["Velvet Choker","beaked:SacredDeck"],"picked":"hubris:VirtuousBlindfold"},{"not_picked":["aspiration:SecretTechniqueScroll","Snecko Heart"],"picked":"SlaversCollar"}],"items_purged_floors":[21,39],"is_endless":false,"potions_floor_spawned":[5,6,7,10,12,16,18,29,30,45,47],"ascension_level":1}}