{"host":"bf9sa99gaumonoeu","time":1609853331,"event":{"mods":["AchievementEnabler","Act Like it!","BaseMod","Better Sensory Stone","Colored Map","Colored Powertips","Downfall","Duelist Mod","Friendly Minions","Gensokyo","GifTheSpireLib","Hallownest","Hermit","Hubris","Jorbs\u0027s Wanderer Trilogy","KinomotoSakuraMod(????)","Koishi","Lobotomy","Marisa????????","Minty Spire (QoL Compilation)","Rare Cards Sparkle","Reimu??????","Remilia??????","Replay The Spire","Shop Mod","StSLib","The Administrix","The Animator","The Blue Laboratory","The Bug Knight","The Construct","The Cursed","The Disciple","The Hierophant","The Mystic","The Necromancer","The Poker Player","The Runesmith","The Senshi","The Servant 0.9.4"],"gold_per_floor":[113,113,129,147,165,165,125,140,140,168,168,168,198,209,209,209,209],"floor_reached":16,"playtime":1095,"items_purged":[],"score":218,"play_id":"a3f93ba7-436c-4147-b2d8-d74014facacd","local_time":"20210105112851","is_ascension_mode":true,"campfire_choices":[{"data":"Dagger Spray","floor":6,"key":"SMITH"},{"floor":11,"key":"REST"},{"data":"Footwork","floor":15,"key":"SMITH"}],"circlet_count":0,"master_deck":["AscendersBane","Strike_G","Strike_G","Strike_G","Strike_G","Strike_G","Defend_G","Defend_G","Defend_G","Defend_G","Defend_G","Survivor","Neutralize","Dagger Spray+1","Sucker Punch","Cloak And Dagger","Blur","Caltrops","Flying Knee","ReplayTheSpireMod:Speed Training","Accuracy","Footwork+1"],"relics":["Ring of the Snake","Darkstone Periapt","Bag of Preparation","Replay:Multitool"],"acts_visited":["Exordium"],"potions_floor_usage":[5,10,13,16],"damage_taken":[{"damage":8,"enemies":"2 Louse","floor":1,"turns":5},{"damage":0,"enemies":"Small Slimes","floor":3,"turns":3},{"damage":1,"enemies":"Cultist","floor":4,"turns":5},{"damage":0,"enemies":"2 Fungi Beasts","floor":5,"turns":4},{"damage":0,"enemies":"Looter","floor":7,"turns":4},{"damage":13,"enemies":"Large Slime","floor":8,"turns":8},{"damage":19,"enemies":"3 Sentries","floor":10,"turns":6},{"damage":14,"enemies":"HollowMod:MossKnight","floor":13,"turns":23},{"damage":4,"enemies":"Blue Slaver","floor":14,"turns":4},{"damage":21,"enemies":"Hexaghost","floor":16,"turns":14}],"seed_played":"5860878249624013304","potions_obtained":[{"floor":3,"key":"Flashbang"},{"floor":8,"key":"CultistPotion"},{"floor":10,"key":"EssenceOfSteel"},{"floor":13,"key":"Adrenaline Potion"}],"is_trial":false,"path_per_floor":["M","?","M","M","M","R","M","M","T","E","R","?","E","M","R","B"],"character_chosen":"THE_SILENT","items_purchased":[],"campfire_rested":1,"item_purchase_floors":[],"current_hp_per_floor":[48,48,48,47,47,47,47,34,34,15,38,38,24,20,20,0,0],"gold":209,"neow_bonus":"TWENTY_PERCENT_HP_BONUS","is_daily":false,"chose_seed":false,"campfire_upgraded":2,"win_rate":0.0,"timestamp":1609853331,"path_taken":["M","?","M","M","M","R","M","M","T","E","R","?","E","M","R","BOSS"],"items_purchased_type":[],"build_version":"2020-12-22","purchased_purges":0,"victory":false,"max_hp_per_floor":[78,78,78,78,78,78,78,78,78,78,78,78,78,78,78,78,78],"card_choices":[{"not_picked":["Underhanded Strike","PiercingWail"],"picked":"Dagger Spray","floor":1},{"not_picked":["Distraction","Calculated Gamble"],"picked":"Sucker Punch","floor":3},{"not_picked":["Concentrate","Acrobatics"],"picked":"Cloak And Dagger","floor":4},{"not_picked":["Caltrops","Backflip"],"picked":"Blur","floor":5},{"not_picked":["Masterful Stab","Outmaneuver"],"picked":"Caltrops","floor":7},{"not_picked":["Finisher","Dodge and Roll"],"picked":"Flying Knee","floor":8},{"not_picked":["Deadly Poison","Poisoned Stab"],"picked":"ReplayTheSpireMod:Speed Training","floor":10},{"not_picked":["Catalyst","Sucker Punch"],"picked":"Accuracy","floor":13},{"not_picked":["Setup","Hidden Blade"],"picked":"Footwork","floor":14}],"player_experience":781314,"relics_obtained":[{"floor":9,"key":"Darkstone Periapt"},{"floor":10,"key":"Bag of Preparation"},{"floor":13,"key":"Replay:Multitool"}],"event_choices":[{"damage_healed":0,"gold_gain":0,"player_choice":"Ignored","damage_taken":0,"max_hp_gain":0,"max_hp_loss":0,"event_name":"Shining Light","floor":2,"gold_loss":0}],"is_beta":false,"boss_relics":[],"items_purged_floors":[],"is_endless":false,"potions_floor_spawned":[3,8,10,13],"killed_by":"Hexaghost","ascension_level":19}}