{"host":"9l4mw5jqza9qz9hr","time":1609839734,"event":{"mods":["AchievementEnabler","Always Whale","BaseMod","Colored Map","Minty Spire (QoL Compilation)","StSLib","SuperFastMode"],"gold_per_floor":[115,115,190,207,207,240,240,264,287,320,334,349,388,409,409,540,540,560,579,489,344,365,365,401,425,451,451,476,511,64,85,85,213,213,236,255,555,274,287,287,306,156,179,223,244,267,92,115,115,115],"floor_reached":51,"playtime":1596,"items_purged":["Strike_R","Strike_R","Strike_R","Strike_R","Defend_R"],"score":1116,"play_id":"f048590c-410f-4689-b8e4-ed965c0d5d98","local_time":"20210105184214","is_ascension_mode":true,"campfire_choices":[{"data":"Armaments","floor":15.0,"key":"SMITH"},{"data":"Demon Form","floor":23.0,"key":"SMITH"},{"data":"Pummel","floor":27.0,"key":"SMITH"},{"data":"Limit Break","floor":32.0,"key":"SMITH"},{"data":"Heavy Blade","floor":40.0,"key":"SMITH"},{"data":"Heavy Blade","floor":49.0,"key":"SMITH"}],"circlet_count":0,"master_deck":["Defend_R+1","Defend_R","Defend_R","Bash","Pommel Strike","Flex+1","Bludgeon","Armaments+1","Reaper+1","Spot Weakness","Demon Form+1","Power Through+1","Clothesline+1","Inflame","Pummel+1","Shrug It Off","Heavy Blade+1","Limit Break+1","Inflame","Exhume","Flex+1","Pummel+1","Dark Embrace+1","Heavy Blade+1","Shrug It Off+1","Demon Form"],"relics":["Burning Blood","Orichalcum","Golden Idol","Omamori","CultistMask","War Paint","Oddly Smooth Stone","Kunai","Sozu","Self Forming Clay","Strawberry","Red Skull","Bag of Preparation","Coffee Dripper","Bag of Marbles","MealTicket","Ancient Tea Set"],"acts_visited":["Exordium","TheCity","TheBeyond"],"potions_floor_usage":[50,50],"damage_taken":[{"damage":7.0,"enemies":"Jaw Worm","floor":1.0,"turns":3.0},{"damage":2.0,"enemies":"2 Louse","floor":4.0,"turns":3.0},{"damage":16.0,"enemies":"3 Sentries","floor":6.0,"turns":9.0},{"damage":0.0,"enemies":"Cultist","floor":8.0,"turns":3.0},{"damage":20.0,"enemies":"Gremlin Nob","floor":10.0,"turns":4.0},{"damage":15.0,"enemies":"Exordium Thugs","floor":11.0,"turns":5.0},{"damage":8.0,"enemies":"Red Slaver","floor":12.0,"turns":4.0},{"damage":14.0,"enemies":"Lagavulin","floor":13.0,"turns":5.0},{"damage":2.0,"enemies":"Exordium Wildlife","floor":14.0,"turns":4.0},{"damage":56.0,"enemies":"Hexaghost","floor":16.0,"turns":10.0},{"damage":10.0,"enemies":"2 Thieves","floor":18.0,"turns":3.0},{"damage":23.0,"enemies":"Shell Parasite","floor":19.0,"turns":4.0},{"damage":11.0,"enemies":"Centurion and Healer","floor":22.0,"turns":6.0},{"damage":48.0,"enemies":"Book of Stabbing","floor":24.0,"turns":6.0},{"damage":12.0,"enemies":"Snecko","floor":25.0,"turns":4.0},{"damage":8.0,"enemies":"Cultist and Chosen","floor":28.0,"turns":6.0},{"damage":58.0,"enemies":"Slavers","floor":29.0,"turns":6.0},{"damage":19.0,"enemies":"Centurion and Healer","floor":31.0,"turns":4.0},{"damage":37.0,"enemies":"Champ","floor":33.0,"turns":7.0},{"damage":8.0,"enemies":"Orb Walker","floor":35.0,"turns":4.0},{"damage":58.0,"enemies":"3 Darklings","floor":36.0,"turns":8.0},{"damage":0.0,"enemies":"Maw","floor":39.0,"turns":4.0},{"damage":33.0,"enemies":"Writhing Mass","floor":41.0,"turns":6.0},{"damage":63.0,"enemies":"Nemesis","floor":44.0,"turns":7.0},{"damage":5.0,"enemies":"Jaw Worm Horde","floor":45.0,"turns":3.0},{"damage":13.0,"enemies":"Spire Growth","floor":46.0,"turns":4.0},{"damage":37.0,"enemies":"4 Shapes","floor":48.0,"turns":3.0},{"damage":55,"enemies":"Time Eater","floor":50,"turns":5}],"seed_played":"4358736154729413181","potions_obtained":[{"floor":8.0,"key":"Dexterity Potion"},{"floor":10.0,"key":"LiquidMemories"},{"floor":11.0,"key":"Fire Potion"},{"floor":16.0,"key":"FearPotion"}],"is_trial":false,"path_per_floor":["M","?","?","M","?","E","?","M","T","E","M","M","E","M","R","B",null,"M","M","?","$","M","R","E","M","T","R","M","E","$","M","R","B",null,"M","M","?","$","M","R","M","$","T","E","M","M","$","M","R","B",null],"character_chosen":"IRONCLAD","items_purchased":["Inflame","Heavy Blade","Limit Break","Bag of Preparation","Inflame","Bag of Marbles"],"campfire_rested":0,"item_purchase_floors":[21,30,30,30,30,38],"current_hp_per_floor":[71,76,65,69,48,38,38,44,44,30,29,43,35,49,49,7,66,62,57,57,57,77,77,48,42,49,49,67,40,40,69,69,75,88,86,92,92,92,92,92,92,92,92,87,88,92,92,61,61,22],"gold":115,"neow_bonus":"RANDOM_COMMON_RELIC","is_daily":false,"chose_seed":false,"campfire_upgraded":6,"win_rate":0.0,"timestamp":1609839734,"path_taken":["M","?","?","M","?","E","?","M","T","E","M","M","E","?","R","BOSS","M","M","?","$","M","R","E","M","T","R","M","E","$","M","R","BOSS","M","M","?","?","M","R","M","$","T","E","M","M","$","M","R","BOSS"],"items_purchased_type":["Card","Card","Card","Relic","Card","Relic"],"build_version":"2020-12-22","purchased_purges":5,"victory":true,"max_hp_per_floor":[80,85,85,85,85,85,85,85,85,85,85,85,85,85,85,85,85,85,85,85,85,85,85,85,85,92,92,92,92,92,92,92,92,92,92,92,92,92,92,92,92,92,92,92,92,92,92,92,92,92],"card_choices":[{"not_picked":["Twin Strike","Dropkick"],"picked":"Pommel Strike","floor":1.0},{"not_picked":["Headbutt","Combust"],"picked":"Flex","floor":4.0},{"not_picked":["Infernal Blade","True Grit"],"picked":"Bludgeon","floor":6.0},{"not_picked":["Sentinel","Shrug It Off"],"picked":"Armaments","floor":8.0},{"not_picked":["Metallicize","Headbutt"],"picked":"Reaper","floor":10.0},{"not_picked":["Pommel Strike","Bloodletting"],"picked":"Spot Weakness","floor":11.0},{"not_picked":["Sword Boomerang","Twin Strike","Rupture"],"picked":"SKIP","floor":12.0},{"not_picked":["Anger","Entrench","Combust"],"picked":"SKIP","floor":13.0},{"not_picked":["Thunderclap","Armaments","Anger"],"picked":"SKIP","floor":14.0},{"not_picked":["Juggernaut","Offering"],"picked":"Demon Form","floor":16.0},{"not_picked":["Iron Wave","Clash"],"picked":"Power Through+1","floor":18.0},{"not_picked":["Entrench","Searing Blow"],"picked":"Clothesline+1","floor":19.0},{"not_picked":["Clothesline+1","Whirlwind"],"picked":"Pummel","floor":22.0},{"not_picked":["Pommel Strike","Burning Pact+1","Sever Soul"],"picked":"SKIP","floor":24.0},{"not_picked":["Iron Wave","Wild Strike"],"picked":"Shrug It Off","floor":25.0},{"not_picked":["Infernal Blade","Wild Strike","Power Through+1"],"picked":"SKIP","floor":28.0},{"not_picked":["Feel No Pain","Cleave","Entrench+1"],"picked":"SKIP","floor":29.0},{"not_picked":["Anger","Reckless Charge"],"picked":"Exhume","floor":31.0},{"not_picked":["Cleave","Power Through"],"picked":"Flex+1","floor":35.0},{"not_picked":["Iron Wave","Spot Weakness"],"picked":"Pummel+1","floor":36.0},{"not_picked":["Dark Embrace+1","Blood for Blood+1","Havoc"],"picked":"SKIP","floor":39.0},{"not_picked":["Blood for Blood+1","Havoc"],"picked":"Dark Embrace+1","floor":39.0},{"not_picked":["Armaments+1","Anger"],"picked":"Heavy Blade","floor":41.0},{"not_picked":["Clothesline+1","Armaments","Bloodletting+1"],"picked":"SKIP","floor":44.0},{"not_picked":["Disarm","Havoc+1"],"picked":"Shrug It Off+1","floor":45.0},{"not_picked":["Shrug It Off+1","Warcry"],"picked":"Demon Form","floor":46.0},{"not_picked":["Clothesline+1","Shrug It Off","Body Slam"],"picked":"SKIP","floor":48.0}],"player_experience":169754,"relics_obtained":[{"floor":6.0,"key":"Omamori"},{"floor":9.0,"key":"War Paint"},{"floor":10.0,"key":"Oddly Smooth Stone"},{"floor":13.0,"key":"Kunai"},{"floor":24.0,"key":"Self Forming Clay"},{"floor":26.0,"key":"Strawberry"},{"floor":29.0,"key":"Red Skull"},{"floor":43.0,"key":"MealTicket"},{"floor":44.0,"key":"Ancient Tea Set"}],"event_choices":[{"damage_healed":0.0,"max_hp_gain":5.0,"max_hp_loss":0.0,"gold_gain":0.0,"event_name":"Big Fish","player_choice":"Donut","floor":2.0,"gold_loss":0.0,"damage_taken":0.0},{"damage_healed":0.0,"max_hp_gain":0.0,"max_hp_loss":0.0,"gold_gain":75.0,"event_name":"World of Goop","player_choice":"Gather Gold","floor":3.0,"gold_loss":0.0,"damage_taken":11.0},{"damage_healed":0.0,"max_hp_gain":0.0,"max_hp_loss":0.0,"gold_gain":0.0,"event_name":"Golden Idol","player_choice":"Take Damage","floor":5.0,"gold_loss":0.0,"damage_taken":21.0,"relics_obtained":["Golden Idol"]},{"damage_healed":0.0,"max_hp_gain":0.0,"max_hp_loss":0.0,"gold_gain":0.0,"event_name":"FaceTrader","player_choice":"Trade","floor":7.0,"gold_loss":0.0,"damage_taken":0.0,"relics_obtained":["CultistMask"]},{"cards_removed":["Strike_R"],"damage_healed":0.0,"max_hp_gain":0.0,"max_hp_loss":0.0,"gold_gain":0.0,"event_name":"Designer","player_choice":"Upgrade and Remove","floor":20.0,"gold_loss":90.0,"damage_taken":0.0,"cards_upgraded":["Reaper"]},{"damage_healed":0.0,"max_hp_gain":0.0,"max_hp_loss":0.0,"gold_gain":300.0,"event_name":"Wheel of Change","player_choice":"Gold","floor":37.0,"gold_loss":0.0,"damage_taken":0.0}],"is_beta":false,"boss_relics":[{"not_picked":["SacredBark","Ectoplasm"],"picked":"Sozu"},{"not_picked":["Mark of Pain","Fusion Hammer"],"picked":"Coffee Dripper"}],"items_purged_floors":[21,30,38,42,47],"is_endless":false,"potions_floor_spawned":[8,10,11,16,18,24,29,33,36,39,41,48],"ascension_level":9}}