{"host":"hszimsrtxxc2k25w","time":1609844261,"event":{"mods":["AchievementEnabler","BaseMod","Colored Map","DeckTracker","Minty Spire (QoL Compilation)","Rare Cards Sparkle","SuperFastMode"],"gold_per_floor":[119,119,269,194,119,119,194,229,229,229,247,258,333,351,351,430,430,450,462,362,373,373,373],"floor_reached":22,"playtime":399,"items_purged":["Strike_R","Strike_R"],"score":418,"play_id":"ffb029a9-3cf3-4d56-9824-0077bb9b0756","local_time":"20210105195741","is_ascension_mode":true,"campfire_choices":[{"data":"Bash","floor":6.0,"key":"SMITH"},{"data":"Clothesline","floor":10.0,"key":"SMITH"},{"data":"Carnage","floor":15.0,"key":"SMITH"}],"circlet_count":0,"master_deck":["AscendersBane","Strike_R","Strike_R","Defend_R","Defend_R","Defend_R","Defend_R","Bash+1","Battle Trance","Clothesline+1","Shockwave","Carnage+1","Offering","CurseOfTheBell","Pommel Strike","Evolve"],"relics":["Burning Blood","NeowsBlessing","Blue Candle","Shuriken","Pantograph","Calling Bell","Dream Catcher","Singing Bowl","Turnip"],"acts_visited":["Exordium","TheCity"],"potions_floor_usage":[21],"damage_taken":[{"damage":0.0,"enemies":"Jaw Worm","floor":1.0,"turns":1.0},{"damage":0.0,"enemies":"3 Sentries","floor":8.0,"turns":1.0},{"damage":0.0,"enemies":"2 Louse","floor":11.0,"turns":1.0},{"damage":4.0,"enemies":"Small Slimes","floor":12.0,"turns":3.0},{"damage":11.0,"enemies":"Looter","floor":14.0,"turns":3.0},{"damage":49.0,"enemies":"The Guardian","floor":16.0,"turns":12.0},{"damage":40.0,"enemies":"3 Byrds","floor":18.0,"turns":10.0},{"damage":15.0,"enemies":"2 Thieves","floor":19.0,"turns":4.0},{"damage":19,"enemies":"Snake Plant","floor":21,"turns":2},{"damage":13,"enemies":"Sentry and Sphere","floor":22,"turns":3}],"seed_played":"1190285494317833925","potions_obtained":[{"floor":11.0,"key":"PowerPotion"},{"floor":12.0,"key":"ElixirPotion"},{"floor":19.0,"key":"DuplicationPotion"}],"is_trial":false,"path_per_floor":["M","?","?","?","$","R","T","E","T","R","M","M","?","M","R","B",null,"M","M","$","M","M"],"character_chosen":"IRONCLAD","items_purchased":[],"campfire_rested":0,"item_purchase_floors":[],"current_hp_per_floor":[74,74,74,74,74,74,74,75,75,75,75,75,64,59,59,32,64,32,23,23,10,0,0],"gold":373,"neow_bonus":"THREE_ENEMY_KILL","is_daily":false,"chose_seed":false,"campfire_upgraded":3,"win_rate":0.0,"timestamp":1609844261,"path_taken":["M","?","?","?","?","R","?","E","T","R","M","M","?","M","R","BOSS","M","M","$","M","M"],"items_purchased_type":[],"build_version":"2020-12-22","purchased_purges":2,"victory":false,"max_hp_per_floor":[75,75,75,75,75,75,75,75,75,75,75,75,75,75,75,75,75,77,77,77,77,77,77],"card_choices":[{"not_picked":["Thunderclap","Dropkick"],"picked":"Battle Trance","floor":1.0},{"not_picked":["Havoc","Flex"],"picked":"Clothesline","floor":8.0},{"not_picked":["Cleave","Headbutt","Iron Wave"],"picked":"SKIP","floor":11.0},{"not_picked":["Fire Breathing","Rampage"],"picked":"Shockwave","floor":12.0},{"not_picked":["Clash","Dual Wield"],"picked":"Carnage","floor":14.0},{"not_picked":["Immolate","Limit Break"],"picked":"Offering","floor":16.0},{"not_picked":["Pummel","Searing Blow+1","Thunderclap"],"picked":"Singing Bowl","floor":18.0},{"not_picked":["Armaments","Reckless Charge"],"picked":"Pommel Strike","floor":19.0},{"not_picked":["Thunderclap","Combust"],"picked":"Evolve","floor":21}],"player_experience":604125,"relics_obtained":[{"floor":7.0,"key":"Blue Candle"},{"floor":8.0,"key":"Shuriken"},{"floor":9.0,"key":"Pantograph"},{"floor":17.0,"key":"Dream Catcher"},{"floor":17.0,"key":"Singing Bowl"},{"floor":17.0,"key":"Turnip"}],"event_choices":[{"cards_removed":["Strike_R"],"damage_healed":0.0,"max_hp_gain":0.0,"max_hp_loss":0.0,"gold_gain":0.0,"event_name":"Living Wall","player_choice":"Forget","floor":2.0,"gold_loss":0.0,"damage_taken":0.0},{"damage_healed":0.0,"max_hp_gain":0.0,"max_hp_loss":0.0,"gold_gain":150.0,"event_name":"Liars Game","player_choice":"AGREE","floor":3.0,"gold_loss":0.0,"damage_taken":0.0,"cards_obtained":["Doubt"]},{"cards_removed":["Doubt"],"damage_healed":0.0,"max_hp_gain":0.0,"max_hp_loss":0.0,"gold_gain":0.0,"event_name":"The Cleric","player_choice":"Card Removal","floor":4.0,"gold_loss":75.0,"damage_taken":0.0},{"damage_healed":0.0,"max_hp_gain":0.0,"max_hp_loss":0.0,"gold_gain":75.0,"event_name":"World of Goop","player_choice":"Gather Gold","floor":13.0,"gold_loss":0.0,"damage_taken":11.0}],"is_beta":false,"boss_relics":[{"not_picked":["Black Star","Tiny House"],"picked":"Calling Bell"}],"items_purged_floors":[5,20],"is_endless":false,"potions_floor_spawned":[11,12,16,19],"killed_by":"Sentry and Sphere","ascension_level":20}}