{"host":"j45ucdvl5ntpx4kf","time":1609808153,"event":{"mods":["AchievementEnabler","BaseMod","Colored Map","Colored Powertips","Minty Spire (QoL Compilation)","StSLib"],"gold_per_floor":[111,126,0,10,10,38,38,70,70,82,97,115,135,150,150,150,150],"floor_reached":16,"playtime":794,"items_purged":["Strike_B"],"score":128,"play_id":"996ba6f4-24c4-4b39-9136-7ecaa7eb1a9c","local_time":"20210104195553","is_ascension_mode":true,"campfire_choices":[{"floor":7,"key":"REST"},{"floor":15,"key":"REST"}],"circlet_count":0,"master_deck":["Strike_B","Strike_B","Strike_B","Defend_B","Defend_B","Defend_B","Defend_B","Zap","Dualcast","Multi-Cast","Consume","Steam","Defragment","Defragment","Stack","Steam","Conserve Battery"],"relics":["Cracked Core","Potion Belt","Turnip","White Beast Statue"],"acts_visited":["Exordium"],"potions_floor_usage":[11,11,12,13,16,16],"damage_taken":[{"damage":0,"enemies":"Jaw Worm","floor":1,"turns":3},{"damage":1,"enemies":"Cultist","floor":2,"turns":3},{"damage":0,"enemies":"2 Louse","floor":4,"turns":2},{"damage":37,"enemies":"3 Sentries","floor":6,"turns":8},{"damage":30,"enemies":"Lagavulin","floor":8,"turns":8},{"damage":0,"enemies":"Large Slime","floor":10,"turns":7},{"damage":9,"enemies":"Blue Slaver","floor":11,"turns":3},{"damage":4,"enemies":"2 Fungi Beasts","floor":12,"turns":3},{"damage":3,"enemies":"3 Louse","floor":13,"turns":4},{"damage":3,"enemies":"Red Slaver","floor":14,"turns":3},{"damage":32,"enemies":"Hexaghost","floor":16,"turns":14}],"seed_played":"2125340253618189163","potions_obtained":[{"floor":2,"key":"PowerPotion"},{"floor":6,"key":"FocusPotion"},{"floor":10,"key":"Weak Potion"},{"floor":11,"key":"Explosive Potion"},{"floor":12,"key":"Energy Potion"},{"floor":13,"key":"Explosive Potion"},{"floor":14,"key":"LiquidMemories"}],"is_trial":false,"path_per_floor":["M","M","$","M","?","E","R","E","T","M","M","M","M","M","R","B"],"character_chosen":"DEFECT","items_purchased":["Steam"],"campfire_rested":2,"item_purchase_floors":[3],"current_hp_per_floor":[75,74,74,74,74,37,59,29,29,29,20,16,13,10,32,0,0],"gold":150,"neow_bonus":"ONE_RANDOM_RARE_CARD","is_daily":false,"chose_seed":false,"campfire_upgraded":0,"win_rate":0.0,"timestamp":1609808153,"path_taken":["M","M","$","M","?","E","R","E","T","M","M","M","M","?","R","BOSS"],"items_purchased_type":["Card"],"build_version":"2020-12-22","purchased_purges":1,"victory":false,"max_hp_per_floor":[75,75,75,75,75,75,75,75,75,75,75,75,75,75,75,75,75],"card_choices":[{"not_picked":["Rebound","Melter","Sunder"],"picked":"SKIP","floor":1},{"not_picked":["Coolheaded","Compile Driver"],"picked":"Consume","floor":2},{"not_picked":["Reprogram","Hello World","Streamline"],"picked":"SKIP","floor":4},{"not_picked":["Chaos","Core Surge"],"picked":"Defragment","floor":6},{"not_picked":["Barrage","Rebound"],"picked":"Defragment","floor":8},{"not_picked":["Consume","Gash"],"picked":"Stack","floor":10},{"not_picked":["Streamline","Scrape","Cold Snap"],"picked":"SKIP","floor":11},{"not_picked":["Gash","Fusion"],"picked":"Steam","floor":12},{"not_picked":["Chaos","Blizzard","Melter"],"picked":"SKIP","floor":13},{"not_picked":["Machine Learning","Turbo"],"picked":"Conserve Battery","floor":14}],"player_experience":124194,"relics_obtained":[{"floor":6,"key":"Potion Belt"},{"floor":8,"key":"Turnip"},{"floor":9,"key":"White Beast Statue"}],"event_choices":[{"damage_healed":0,"gold_gain":0,"player_choice":"0 cards matched","damage_taken":0,"max_hp_gain":0,"max_hp_loss":0,"event_name":"Match and Keep!","floor":5,"gold_loss":0,"cards_obtained":[]}],"is_beta":false,"boss_relics":[],"items_purged_floors":[3],"is_endless":false,"potions_floor_spawned":[2,6,10,11,12,13,14],"killed_by":"Hexaghost","ascension_level":2}}