{"host":"pbf6u3tyx46snqc7","time":1609817159,"event":{"mods":["AchievementEnabler","BaseMod","Colored Map","Minty Spire (QoL Compilation)","Rare Cards Sparkle","SuperFastMode"],"gold_per_floor":[109,60,79,91,110,110,139,151,151,151,151,165,165,193,193,297,297,311,83,94,9,25,50,50,81,81,97,124,136,53,66,66,166,166,176,20,33,47,66,97,97,113,192,192,192,202,221,239,239,239],"floor_reached":51,"playtime":2787,"items_purged":["Decay"],"score":1044,"play_id":"da2f73db-d2bb-4fd1-9246-1e32631380be","local_time":"20210105122559","is_ascension_mode":true,"campfire_choices":[{"data":"Perfected Strike","floor":6.0,"key":"SMITH"},{"floor":11.0,"key":"REST"},{"data":"Perfected Strike","floor":13.0,"key":"SMITH"},{"data":"Pommel Strike","floor":15.0,"key":"SMITH"},{"data":"Corruption","floor":24.0,"key":"SMITH"},{"data":"Sentinel","floor":32.0,"key":"SMITH"},{"data":"Havoc","floor":45,"key":"SMITH"},{"data":"Dark Embrace","floor":49,"key":"SMITH"}],"circlet_count":0,"master_deck":["Strike_R","Strike_R","Strike_R+1","Strike_R","Strike_R","Defend_R","Defend_R","Defend_R","Defend_R","Bash+1","Perfected Strike+1","Pommel Strike","Wild Strike","Perfected Strike+1","Feel No Pain","Perfected Strike+1","Pommel Strike+1","Corruption+1","CurseOfTheBell","Pommel Strike+1","Wild Strike","Havoc+1","Infernal Blade","Headbutt+1","Feel No Pain","True Grit","Ghostly Armor","Dark Embrace+1","Disarm","Perfected Strike","Shrug It Off+1","Sentinel","Perfected Strike","Sentinel+1","Fiend Fire","Body Slam+1","Seeing Red","Bloodletting","Pommel Strike","Purity","Enlightenment","Finesse","Flex","Clumsy","Parasite","Pummel+1","Havoc","Feel No Pain"],"relics":["Burning Blood","Dead Branch","Bird Faced Urn","HornCleat","Pear","Calling Bell","Happy Flower","Matryoshka","Girya","Whetstone","Paper Frog","Mercury Hourglass","Kunai","Bag of Marbles","Cursed Key","Pen Nib","Orichalcum","Centennial Puzzle"],"acts_visited":["Exordium","TheCity","TheBeyond"],"potions_floor_usage":[50],"damage_taken":[{"damage":3.0,"enemies":"Cultist","floor":1.0,"turns":3.0},{"damage":11.0,"enemies":"Jaw Worm","floor":3.0,"turns":3.0},{"damage":7.0,"enemies":"Small Slimes","floor":4.0,"turns":3.0},{"damage":25.0,"enemies":"Exordium Wildlife","floor":5.0,"turns":5.0},{"damage":22.0,"enemies":"3 Sentries","floor":7.0,"turns":7.0},{"damage":10.0,"enemies":"3 Louse","floor":8.0,"turns":3.0},{"damage":9.0,"enemies":"Lots of Slimes","floor":12.0,"turns":4.0},{"damage":2.0,"enemies":"Gremlin Nob","floor":14.0,"turns":3.0},{"damage":45.0,"enemies":"Hexaghost","floor":16.0,"turns":8.0},{"damage":23.0,"enemies":"Spheric Guardian","floor":18.0,"turns":5.0},{"damage":17.0,"enemies":"2 Thieves","floor":20.0,"turns":3.0},{"damage":0.0,"enemies":"Snake Plant","floor":22.0,"turns":3.0},{"damage":54.0,"enemies":"Gremlin Leader","floor":23.0,"turns":4.0},{"damage":36.0,"enemies":"Slavers","floor":25.0,"turns":6.0},{"damage":0.0,"enemies":"Cultist and Chosen","floor":27.0,"turns":4.0},{"damage":13.0,"enemies":"Gremlin Leader","floor":28.0,"turns":4.0},{"damage":0.0,"enemies":"Snecko","floor":29.0,"turns":2.0},{"damage":0.0,"enemies":"Sentry and Sphere","floor":31.0,"turns":4.0},{"damage":32.0,"enemies":"Champ","floor":33.0,"turns":5.0},{"damage":4.0,"enemies":"3 Shapes","floor":35.0,"turns":2.0},{"damage":12.0,"enemies":"3 Darklings","floor":37.0,"turns":3.0},{"damage":12.0,"enemies":"Writhing Mass","floor":38.0,"turns":3.0},{"damage":4.0,"enemies":"Maw","floor":39.0,"turns":6.0},{"damage":27.0,"enemies":"Nemesis","floor":40.0,"turns":7.0},{"damage":14.0,"enemies":"Transient","floor":42.0,"turns":5.0},{"damage":0,"enemies":"Writhing Mass","floor":46,"turns":3},{"damage":8,"enemies":"4 Shapes","floor":47,"turns":1},{"damage":12,"enemies":"Transient","floor":48,"turns":5},{"damage":11,"enemies":"Donu and Deca","floor":50,"turns":4}],"seed_played":"-5255703277465479396","potions_obtained":[{"floor":5.0,"key":"SteroidPotion"},{"floor":7.0,"key":"BloodPotion"},{"floor":14.0,"key":"SteroidPotion"},{"floor":16.0,"key":"BloodPotion"},{"floor":25.0,"key":"HeartOfIron"},{"floor":28.0,"key":"LiquidBronze"},{"floor":31.0,"key":"EssenceOfSteel"},{"floor":38.0,"key":"GamblersBrew"},{"floor":40.0,"key":"Fire Potion"},{"floor":46,"key":"Dexterity Potion"}],"is_trial":false,"path_per_floor":["M","$","M","M","M","R","E","M","T","?","R","M","R","E","R","B",null,"M","$","M","$","M","E","R","E","T","M","E","M","$","M","R","B",null,"M","$","M","M","M","E","?","M","T","?","R","M","M","M","R","B",null],"character_chosen":"IRONCLAD","items_purchased":["Pommel Strike","Wild Strike","Havoc","Infernal Blade","Feel No Pain","True Grit","Sentinel","Perfected Strike","Pen Nib"],"campfire_rested":1,"item_purchase_floors":[2,19,19,19,21,21,30,30,36],"current_hp_per_floor":[80,80,75,74,55,55,39,35,35,35,59,56,56,70,70,33,76,65,65,58,58,66,42,42,40,40,56,53,61,61,75,75,57,82,84,84,86,80,90,83,73,71,71,71,71,79,77,85,85,90],"gold":239,"neow_bonus":"ONE_RARE_RELIC","is_daily":false,"chose_seed":false,"campfire_upgraded":7,"win_rate":0.0,"timestamp":1609817159,"path_taken":["M","$","M","M","M","R","E","?","T","?","R","M","R","E","R","BOSS","M","$","M","$","M","E","R","E","T","M","E","M","$","?","R","BOSS","M","$","M","M","?","E","?","M","T","?","R","M","M","M","R","BOSS"],"items_purchased_type":["Card","Card","Card","Card","Card","Card","Card","Card","Relic"],"build_version":"2020-12-22","purchased_purges":1,"victory":true,"max_hp_per_floor":[80,80,80,80,80,80,80,80,80,80,80,80,80,90,90,90,90,90,90,90,90,90,90,90,90,90,90,90,90,90,90,90,90,90,90,90,90,90,90,90,90,90,90,90,90,90,90,90,90,90],"card_choices":[{"not_picked":["Shrug It Off","Armaments"],"picked":"Perfected Strike","floor":1.0},{"not_picked":["Cleave","Demon Form"],"picked":"Wild Strike","floor":3.0},{"not_picked":["Searing Blow","Warcry","Infernal Blade"],"picked":"SKIP","floor":4.0},{"not_picked":["Rampage","Warcry","Clothesline"],"picked":"SKIP","floor":5.0},{"not_picked":["Immolate","Shrug It Off"],"picked":"Perfected Strike","floor":7.0},{"not_picked":["Clothesline","Combust"],"picked":"Feel No Pain","floor":8.0},{"not_picked":["Headbutt","Searing Blow"],"picked":"Perfected Strike","floor":12.0},{"not_picked":["Ghostly Armor","Limit Break"],"picked":"Pommel Strike","floor":14.0},{"not_picked":["Juggernaut","Impervious"],"picked":"Corruption","floor":16.0},{"not_picked":["Iron Wave","Clash"],"picked":"Pommel Strike+1","floor":18.0},{"not_picked":["Armaments","Twin Strike"],"picked":"Headbutt+1","floor":20.0},{"not_picked":["Body Slam","Twin Strike"],"picked":"Ghostly Armor","floor":22.0},{"not_picked":["Sword Boomerang","Feel No Pain"],"picked":"Dark Embrace","floor":23.0},{"not_picked":["Warcry","Reaper"],"picked":"Burning Pact","floor":25.0},{"not_picked":["Feel No Pain","Thunderclap+1"],"picked":"Disarm","floor":27.0},{"not_picked":["Anger+1","Clothesline"],"picked":"Perfected Strike","floor":28.0},{"not_picked":["Clothesline","Clash+1"],"picked":"Shrug It Off+1","floor":29.0},{"not_picked":["Sword Boomerang","True Grit+1"],"picked":"Sentinel","floor":31.0},{"not_picked":["Juggernaut","Reaper"],"picked":"Fiend Fire","floor":33.0},{"not_picked":["Armaments+1","Clothesline+1"],"picked":"Body Slam+1","floor":35.0},{"not_picked":["Hemokinesis","Warcry+1"],"picked":"Seeing Red","floor":37.0},{"not_picked":["Hemokinesis+1","Fire Breathing+1","Inflame"],"picked":"SKIP","floor":38.0},{"not_picked":["Warcry","Wild Strike"],"picked":"Bloodletting","floor":39.0},{"not_picked":["Whirlwind","Headbutt"],"picked":"Pommel Strike","floor":40.0},{"not_picked":["Impatience","Deep Breath"],"picked":"Purity","floor":41.0},{"not_picked":["Bandage Up","Forethought"],"picked":"Enlightenment","floor":41.0},{"not_picked":["Swift Strike","Transmutation"],"picked":"Finesse","floor":41.0},{"not_picked":["Thunderclap+1","Shrug It Off"],"picked":"Flex","floor":42.0},{"not_picked":["Heavy Blade+1","Clothesline"],"picked":"Pummel+1","floor":46},{"not_picked":["Carnage","Perfected Strike+1"],"picked":"Havoc","floor":47},{"not_picked":["Headbutt","Wild Strike+1"],"picked":"Feel No Pain","floor":48}],"player_experience":387053,"relics_obtained":[{"floor":7.0,"key":"Bird Faced Urn"},{"floor":9.0,"key":"HornCleat"},{"floor":14.0,"key":"Pear"},{"floor":17.0,"key":"Happy Flower"},{"floor":17.0,"key":"Matryoshka"},{"floor":17.0,"key":"Girya"},{"floor":23.0,"key":"Whetstone"},{"floor":25.0,"key":"Paper Frog"},{"floor":26.0,"key":"Mercury Hourglass"},{"floor":26.0,"key":"Kunai"},{"floor":28.0,"key":"Bag of Marbles"},{"floor":40.0,"key":"Orichalcum"},{"floor":43,"key":"Centennial Puzzle"}],"event_choices":[{"damage_healed":0.0,"max_hp_gain":0.0,"max_hp_loss":0.0,"gold_gain":0.0,"event_name":"Accursed Blacksmith","player_choice":"Forge","floor":10.0,"gold_loss":0.0,"damage_taken":0.0,"cards_upgraded":["Perfected Strike"]},{"damage_healed":0.0,"max_hp_gain":0.0,"max_hp_loss":0.0,"gold_gain":0.0,"event_name":"SensoryStone","player_choice":"Memory 3","floor":41.0,"gold_loss":0.0,"damage_taken":10.0},{"cards_removed":["Burning Pact"],"damage_healed":0,"gold_gain":0,"player_choice":"Removed Skill","damage_taken":0,"max_hp_gain":0,"max_hp_loss":0,"event_name":"Falling","floor":44,"gold_loss":0}],"is_beta":false,"boss_relics":[{"not_picked":["Runic Dome","Tiny House"],"picked":"Calling Bell"},{"not_picked":["Black Star","Mark of Pain"],"picked":"Cursed Key"}],"items_purged_floors":[19],"is_endless":false,"potions_floor_spawned":[5,7,14,16,25,28,31,33,37,38,40,46],"ascension_level":5}}