{"host":"Noah","time":1609816468,"event":{"mods":["BaseMod","Colored Map","Custom Start","Hermit","Jorbs\u0027s Wanderer Trilogy","Minty Spire (QoL Compilation)","Replay The Spire","StSLib","The Blue Laboratory"],"gold_per_floor":[110,110,185,205,205,237,237,278,304,32,60,115,115,115,115,259,259,306,370,370,415,472,472,507,562,562,562,145,241,241,298,298,472,590,700,753,820,566,648,764,764,864,864,931,931,931,981,1039,1039,1051,1051,1051,714,773,779,779],"floor_reached":55,"playtime":4791,"items_purged":["Strike_P","Shame","Injury"],"score":1474,"play_id":"9d5ba694-be5d-414e-978d-75e0655ed5fd","local_time":"20210104221428","is_ascension_mode":true,"campfire_choices":[{"data":"BowlingBash","floor":7.0,"key":"SMITH"},{"data":"Crescendo","floor":13.0,"key":"SMITH"},{"data":"BattleHymn","floor":15.0,"key":"SMITH"},{"data":"Wish","floor":23.0,"key":"SMITH"},{"data":"LikeWater","floor":27.0,"key":"SMITH"},{"data":"Replay:Hum","floor":30.0,"key":"SMITH"},{"data":"Devotion","floor":32.0,"key":"SMITH"},{"data":"Omniscience","floor":41.0,"key":"SMITH"},{"data":"WaveOfTheHand","floor":46.0,"key":"SMITH"},{"floor":49.0,"key":"RECALL"},{"data":"Worship","floor":52.0,"key":"SMITH"}],"circlet_count":0,"master_deck":["AscendersBane","Defend_P+1","Defend_P+1","Vigilance","BowlingBash+1","Protect","BattleHymn+1","Crescendo+1","FearNoEvil+1","FlyingSleeves","Conclude","Wish+1","Consecrate","LikeWater+1","Bite","Bite","TalkToTheHand+1","CutThroughFate","MentalFortress","Replay:Hum+1","Devotion+1","Omniscience+1","Study+1","WaveOfTheHand+1","Worship+1","Evaluate","Dark Shackles","SashWhip","EmptyBody","Consecrate","FlyingSleeves+1","DeceiveReality","Wallop"],"relics":["PureWater","NeowsBlessing","Pantograph","MealTicket","CeramicFish","Replay:Bandana","Art of War","Golden Idol","Coffee Dripper","Sundial","Onion Ring","HornCleat","HandDrill","Boot","War Paint","Replay:Grab Bag","Replay:Bronze Core","Replay:Wanted Poster","Kintsugi","Membership Card","Juzu Bracelet","Toy Ornithopter","Replay:Towering Pillar of Hats","Calipers","Quantum Egg","Lee\u0027s Waffle","Vajra"],"acts_visited":["Exordium","TheCity","TheBeyond","TheEnding"],"potions_floor_usage":[55,55],"damage_taken":[{"damage":0.0,"enemies":"Cultist","floor":1.0,"turns":1.0},{"damage":0.0,"enemies":"Small Slimes","floor":4.0,"turns":1.0},{"damage":0.0,"enemies":"Replay:BlueRogue","floor":6.0,"turns":1.0},{"damage":17.0,"enemies":"3 Sentries","floor":8.0,"turns":9.0},{"damage":0.0,"enemies":"Jaw Worm","floor":11.0,"turns":2.0},{"damage":18.0,"enemies":"Gremlin Nob","floor":12.0,"turns":3.0},{"damage":8.0,"enemies":"Fading Forest","floor":16.0,"turns":11.0},{"damage":2.0,"enemies":"Chosen","floor":18.0,"turns":3.0},{"damage":0.0,"enemies":"Spheric Guardian","floor":19.0,"turns":2.0},{"damage":30.0,"enemies":"Centurion and Healer","floor":22.0,"turns":6.0},{"damage":15.0,"enemies":"Snake Plant","floor":24.0,"turns":6.0},{"damage":20.0,"enemies":"Replay:Snechameleon","floor":25.0,"turns":5.0},{"damage":7.0,"enemies":"Slavers","floor":29.0,"turns":3.0},{"damage":14.0,"enemies":"Book of Stabbing","floor":31.0,"turns":4.0},{"damage":12.0,"enemies":"Pondfish","floor":33.0,"turns":8.0},{"damage":32.0,"enemies":"3 Shapes","floor":35.0,"turns":3.0},{"damage":0.0,"enemies":"3 Darklings","floor":36.0,"turns":3.0},{"damage":21.0,"enemies":"Spire Growth","floor":37.0,"turns":6.0},{"damage":12.0,"enemies":"Jaw Worm Horde","floor":39.0,"turns":4.0},{"damage":0.0,"enemies":"R_Hoarder","floor":40.0,"turns":10.0},{"damage":15.0,"enemies":"Giant Head","floor":42.0,"turns":8.0},{"damage":20.0,"enemies":"Reptomancer","floor":44.0,"turns":4.0},{"damage":17.0,"enemies":"Sphere and 2 Shapes","floor":47.0,"turns":5.0},{"damage":3.0,"enemies":"R_Hoarder","floor":48.0,"turns":7.0},{"damage":40.0,"enemies":"Replay:Hell Engine","floor":50.0,"turns":12.0},{"damage":64.0,"enemies":"Shield and Spear","floor":54.0,"turns":5.0},{"damage":23,"enemies":"The Heart","floor":55,"turns":3}],"seed_played":"727298169586571966","potions_obtained":[{"floor":4.0,"key":"Venom Potion"},{"floor":6.0,"key":"SteroidPotion"},{"floor":16.0,"key":"Adrenaline Potion"},{"floor":22.0,"key":"Strength Potion"},{"floor":25.0,"key":"AttackPotion"},{"floor":33.0,"key":"blueLaboratory:TrueEctoplasm"},{"floor":35.0,"key":"blueLaboratory:BottleOfVodka"},{"floor":39.0,"key":"BlessingOfTheForge"}],"is_trial":false,"path_per_floor":["M","T","?","M","?","E","R","E","T","$","M","E","R","?","R","B",null,"M","M","?","?","M","R","M","E","T","R","$","E","R","E","R","B",null,"M","M","M","$","M","E","R","E","T","E","?","R","M","E","R","B",null,"R","$","E","B"],"character_chosen":"WATCHER","items_purchased":["FearNoEvil+1","Replay:Bandana","MentalFortress","HornCleat","HandDrill","Membership Card","Evaluate","Dark Shackles","Quantum Egg","Lee\u0027s Waffle","Milkshake","Wallop"],"campfire_rested":0,"item_purchase_floors":[10,10,28,28,28,38,38,38,53,53,53,53],"current_hp_per_floor":[65,65,58,58,72,72,72,55,55,70,72,54,54,54,54,63,66,65,67,67,67,47,47,44,36,36,36,51,46,46,42,42,65,67,37,41,28,43,35,47,47,44,44,28,28,28,13,14,14,7,52,52,74,14,26,26],"gold":779,"neow_bonus":"THREE_ENEMY_KILL","is_daily":false,"chose_seed":false,"campfire_upgraded":10,"win_rate":0.0,"timestamp":1609816468,"path_taken":["M","?","?","?","?","E","R","E","T","?","M","E","R","?","R","BOSS","M","M","?","?","M","R","M","E","T","R","$","E","R","E","R","BOSS","M","M","M","$","M","E","R","E","T","E","?","R","M","E","R","BOSS","R","$","E","BOSS"],"items_purchased_type":["Card","Relic","Card","Relic","Relic","Relic","Card","Card","Relic","Relic","Potion","Card"],"build_version":"2020-12-18","purchased_purges":3,"victory":false,"max_hp_per_floor":[72,72,72,72,72,72,72,72,72,72,72,72,72,67,67,67,67,67,67,67,67,67,67,67,67,67,67,67,67,67,67,67,67,67,67,67,67,67,67,67,67,67,67,67,67,67,67,67,67,67,67,67,74,74,74,74],"card_choices":[{"not_picked":["ThirdEye","Replay:Cycle"],"picked":"BowlingBash","floor":1.0},{"not_picked":["Evaluate","Replay:Cycle"],"picked":"Protect","floor":4.0},{"not_picked":["Replay:Anticipation","FlyingSleeves"],"picked":"BattleHymn","floor":6.0},{"not_picked":["Replay:Battleflow","PathToVictory"],"picked":"Crescendo","floor":8.0},{"not_picked":["ClearTheMind","Prostrate"],"picked":"FlyingSleeves","floor":11.0},{"not_picked":["FearNoEvil","Prostrate"],"picked":"Conclude","floor":12.0},{"not_picked":["Alpha","Brilliance"],"picked":"Wish","floor":16.0},{"not_picked":["Prostrate+1","PathToVictory+1"],"picked":"Consecrate","floor":18.0},{"not_picked":["Replay:ManipulateFuture","ClearTheMind"],"picked":"LikeWater","floor":19.0},{"not_picked":["WindmillStrike+1","Prostrate"],"picked":"TalkToTheHand+1","floor":22.0},{"not_picked":["Replay:Hum","EmptyMind"],"picked":"CutThroughFate","floor":24.0},{"not_picked":["Replay:Battleflow","JustLucky","BowlingBash"],"picked":"SKIP","floor":25.0},{"not_picked":["Conclude","Replay:AtTheReady"],"picked":"Replay:Hum","floor":29.0},{"not_picked":["FollowUp","WreathOfFlame"],"picked":"Devotion","floor":31.0},{"not_picked":["Scrawl","ConjureBlade"],"picked":"Omniscience","floor":33.0},{"not_picked":["FlyingSleeves","Replay:Hum"],"picked":"Study+1","floor":35.0},{"not_picked":["JustLucky","Indignation+1"],"picked":"WaveOfTheHand","floor":36.0},{"not_picked":["EmptyFist","CutThroughFate"],"picked":"Worship","floor":37.0},{"not_picked":["Halt+1","FlyingSleeves"],"picked":"SashWhip","floor":39.0},{"not_picked":["Replay:AllIn","CutThroughFate"],"picked":"EmptyBody","floor":40.0},{"not_picked":["EmptyMind+1","EmptyBody"],"picked":"Consecrate","floor":42.0},{"not_picked":["Weave","Consecrate"],"picked":"FlyingSleeves+1","floor":44.0},{"not_picked":["ClearTheMind","Fasting2"],"picked":"DeceiveReality","floor":47.0},{"not_picked":["Collect","Conclude","Worship"],"picked":"SKIP","floor":48.0},{"not_picked":["ClearTheMind","FollowUp","SashWhip"],"picked":"SKIP","floor":54.0}],"player_experience":853577,"relics_obtained":[{"floor":2.0,"key":"Pantograph"},{"floor":6.0,"key":"MealTicket"},{"floor":8.0,"key":"CeramicFish"},{"floor":9.0,"key":"Blood Vial"},{"floor":12.0,"key":"Art of War"},{"floor":25.0,"key":"Sundial"},{"floor":26.0,"key":"Onion Ring"},{"floor":29.0,"key":"Boot"},{"floor":31.0,"key":"War Paint"},{"floor":40.0,"key":"Juzu Bracelet"},{"floor":42.0,"key":"Toy Ornithopter"},{"floor":44.0,"key":"Replay:Towering Pillar of Hats"},{"floor":48.0,"key":"Calipers"},{"floor":54.0,"key":"Vajra"}],"event_choices":[{"damage_healed":0.0,"max_hp_gain":0.0,"max_hp_loss":0.0,"gold_gain":75.0,"event_name":"FaceTrader","player_choice":"Touch","floor":3.0,"gold_loss":0.0,"damage_taken":7.0},{"damage_healed":24.0,"max_hp_gain":0.0,"max_hp_loss":0.0,"gold_gain":0.0,"event_name":"Big Fish","player_choice":"Banana","floor":5.0,"gold_loss":0.0,"damage_taken":0.0},{"damage_healed":0.0,"max_hp_gain":0.0,"max_hp_loss":5.0,"gold_gain":0.0,"event_name":"Golden Idol","player_choice":"Lose Max HP","floor":14.0,"gold_loss":0.0,"damage_taken":0.0,"relics_obtained":["Golden Idol"]},{"damage_healed":0.0,"max_hp_gain":0.0,"max_hp_loss":0.0,"gold_gain":0.0,"event_name":"Vampires","player_choice":"Became a vampire (Vial)","floor":21.0,"relics_lost":["Blood Vial"],"gold_loss":0.0,"damage_taken":0.0,"cards_obtained":["Bite","Bite","Bite","Bite","Bite"]},{"cards_removed":["Bite"],"damage_healed":0.0,"max_hp_gain":0.0,"max_hp_loss":0.0,"gold_gain":0.0,"event_name":"Falling","player_choice":"Removed Attack","floor":45.0,"gold_loss":0.0,"damage_taken":0.0}],"is_beta":true,"boss_relics":[{"not_picked":["Ring of Chaos","Black Star"],"picked":"Coffee Dripper"},{"not_picked":["Sozu","Abe\u0027s Treasure"],"picked":"Replay:Grab Bag"},{"not_picked":["ChewingGum","Runic Dome"],"picked":"Replay:Bronze Core"},{"not_picked":["Cursed Key","Busted Crown"],"picked":"Replay:Wanted Poster"},{"not_picked":["Pandora\u0027s Box","Snecko Eye"],"picked":"Kintsugi"}],"items_purged_floors":[10,38,53],"is_endless":false,"potions_floor_spawned":[4,6,16,22,25,33,35,36,39,40],"killed_by":"The Heart","ascension_level":12}}