{"host":"mruvby243fwgm3bp","time":1609809804,"event":{"mods":["AchievementEnabler","BaseMod","Colored Map","Colored Powertips","Minty Spire (QoL Compilation)","Permanent Neow","Random Character Button","StSLib"],"gold_per_floor":[112,38,38,50,50,50,66,66,91,116,116,11,37,53,53,148,148,163,163,88,18,28,28,59,59,59,71,43,55,55],"floor_reached":29,"playtime":1351,"items_purged":[],"score":333,"play_id":"8c0a1222-a192-4ace-83ae-f37e5572aa38","local_time":"20210104172324","is_ascension_mode":true,"campfire_choices":[{"data":"Storm","floor":6,"key":"SMITH"},{"data":"Turbo","floor":8,"key":"SMITH"},{"data":"Zap","floor":11,"key":"SMITH"},{"floor":15,"key":"REST"},{"data":"Echo Form","floor":23,"key":"SMITH"},{"data":"Chaos","floor":25,"key":"SMITH"},{"data":"Skim","floor":27,"key":"SMITH"}],"circlet_count":0,"master_deck":["Strike_B","Defend_B+1","Defend_B","Defend_B+1","Defend_B","Zap+1","Dualcast+1","Heatsinks","Storm+1","Turbo+1","Auto Shields","Darkness","Capacitor","Chaos+1","Force Field","Electrodynamics","CurseOfTheBell","Skim+1","Capacitor","Echo Form+1","Self Repair"],"relics":["Cracked Core","Bronze Scales","Gremlin Horn","Dream Catcher","Calling Bell","Blood Vial","HornCleat","Peace Pipe","InkBottle","MawBank"],"acts_visited":["Exordium","TheCity"],"potions_floor_usage":[10,16,18],"damage_taken":[{"damage":1,"enemies":"Cultist","floor":1,"turns":3},{"damage":4,"enemies":"Small Slimes","floor":4,"turns":3},{"damage":13,"enemies":"Jaw Worm","floor":7,"turns":4},{"damage":25,"enemies":"Gremlin Nob","floor":10,"turns":4},{"damage":8,"enemies":"Lagavulin","floor":13,"turns":6},{"damage":6,"enemies":"Blue Slaver","floor":14,"turns":3},{"damage":32,"enemies":"The Guardian","floor":16,"turns":10},{"damage":7,"enemies":"Chosen","floor":18,"turns":4},{"damage":12,"enemies":"Shell Parasite","floor":22,"turns":5},{"damage":13,"enemies":"Gremlin Leader","floor":24,"turns":6},{"damage":34,"enemies":"Snake Plant","floor":29,"turns":3}],"seed_played":"-4802722150189284252","potions_obtained":[{"floor":1,"key":"GamblersBrew"},{"floor":4,"key":"LiquidBronze"},{"floor":16,"key":"Ancient Potion"}],"is_trial":false,"path_per_floor":["M","$","?","M","$","R","M","R","T","E","R","$","E","M","R","B",null,"M","?","?","$","M","R","E","R","T","R","?","M"],"character_chosen":"DEFECT","items_purchased":["Storm","Capacitor","Chaos","Capacitor"],"campfire_rested":1,"item_purchase_floors":[2,12,12,21],"current_hp_per_floor":[67,67,67,63,63,63,50,50,50,25,25,25,17,11,33,1,57,52,52,52,52,42,42,31,31,31,31,31,0,0],"gold":55,"neow_bonus":"UPGRADE_CARD","is_daily":false,"chose_seed":false,"campfire_upgraded":6,"win_rate":0.0,"timestamp":1609809804,"path_taken":["M","?","?","?","$","R","M","R","T","E","R","$","E","?","R","BOSS","M","?","?","$","M","R","E","R","T","R","?","M"],"items_purchased_type":["Card","Card","Card","Card"],"build_version":"2020-12-22","purchased_purges":0,"victory":false,"max_hp_per_floor":[75,75,75,75,75,75,75,75,75,75,75,75,75,75,75,75,75,75,75,75,75,75,75,75,75,75,75,75,75,75],"card_choices":[{"not_picked":["Self Repair","Defragment"],"picked":"Heatsinks","floor":1},{"not_picked":["Cold Snap","Rip and Tear"],"picked":"Turbo","floor":4},{"not_picked":["Compile Driver","Rebound"],"picked":"Auto Shields","floor":7},{"not_picked":["Beam Cell","Glacier"],"picked":"Darkness","floor":10},{"not_picked":["FTL","Steam","Stack"],"picked":"SKIP","floor":13},{"not_picked":["Ball Lightning","Gash","Sweeping Beam"],"picked":"SKIP","floor":14},{"not_picked":["Barrage","Sunder"],"picked":"Force Field","floor":15},{"not_picked":["Rainbow","Amplify"],"picked":"Electrodynamics","floor":16},{"not_picked":["Streamline","Gash"],"picked":"Skim","floor":18},{"not_picked":["Barrage+1","Hologram"],"picked":"Echo Form","floor":22},{"not_picked":["Chill","Glacier"],"picked":"Self Repair","floor":24}],"player_experience":373276,"relics_obtained":[{"floor":9,"key":"Bronze Scales"},{"floor":10,"key":"Gremlin Horn"},{"floor":13,"key":"Dream Catcher"},{"floor":17,"key":"Blood Vial"},{"floor":17,"key":"HornCleat"},{"floor":17,"key":"Peace Pipe"},{"floor":24,"key":"InkBottle"},{"floor":26,"key":"MawBank"}],"event_choices":[{"cards_removed":["Strike_B"],"damage_healed":0,"gold_gain":0,"player_choice":"Purged","damage_taken":0,"max_hp_gain":0,"max_hp_loss":0,"event_name":"Purifier","floor":3,"gold_loss":0},{"cards_removed":["Strike_B"],"damage_healed":0,"gold_gain":0,"player_choice":"Elegance","damage_taken":0,"max_hp_gain":0,"max_hp_loss":0,"event_name":"Back to Basics","floor":19,"gold_loss":0},{"cards_removed":["Strike_B"],"damage_healed":0,"gold_gain":0,"player_choice":"Gave Gold","damage_taken":0,"max_hp_gain":0,"max_hp_loss":0,"event_name":"Beggar","floor":20,"gold_loss":75},{"damage_healed":0,"gold_gain":0,"player_choice":"Upgraded Two","damage_taken":0,"max_hp_gain":0,"max_hp_loss":0,"event_name":"Designer","floor":28,"gold_loss":40,"cards_upgraded":["Defend_B","Defend_B"]}],"is_beta":false,"boss_relics":[{"not_picked":["Snecko Eye","Velvet Choker"],"picked":"Calling Bell"}],"items_purged_floors":[],"is_endless":false,"potions_floor_spawned":[1,4,16],"killed_by":"Snake Plant","ascension_level":7}}