{"host":"ewfe3cr33ktd9xzj","time":1609833532,"event":{"mods":["AchievementEnabler","BaseMod","Colored Map","Custom Start","DeckTracker","Minty Spire (QoL Compilation)","Permanent Neow","Rare Cards Sparkle","StSLib","everything is the same but u backflip on backflip"],"gold_per_floor":[119,119,119,133,152,152,181,181,181,181,208,227,240,265,265,265,265],"floor_reached":16,"playtime":435,"items_purged":[],"score":340,"play_id":"acf628c7-99cb-40d1-a20d-2e01ef0d1c19","local_time":"20210105165852","is_ascension_mode":true,"campfire_choices":[{"data":"Glass Knife","floor":6.0,"key":"SMITH"},{"floor":8,"key":"REST"},{"data":"Neutralize","floor":10,"key":"SMITH"},{"data":"Riddle With Holes","floor":15,"key":"SMITH"}],"circlet_count":0,"master_deck":["AscendersBane","Strike_G","Strike_G","Strike_G","Strike_G","Defend_G","Defend_G","Defend_G","Defend_G","Defend_G","Survivor","Neutralize+1","Glass Knife+1","Dagger Spray","Backflip","Riddle With Holes+1","Dagger Throw"],"relics":["Ring of the Snake","FossilizedHelix","Meat on the Bone","The Specimen"],"acts_visited":["Exordium"],"potions_floor_usage":[7,14,16],"damage_taken":[{"damage":0.0,"enemies":"2 Louse","floor":1.0,"turns":3.0},{"damage":1.0,"enemies":"Cultist","floor":4.0,"turns":4.0},{"damage":2.0,"enemies":"Jaw Worm","floor":5.0,"turns":3.0},{"damage":28,"enemies":"Lagavulin","floor":7,"turns":6},{"damage":15,"enemies":"3 Sentries","floor":11,"turns":10},{"damage":8,"enemies":"Exordium Thugs","floor":12,"turns":4},{"damage":0,"enemies":"Blue Slaver","floor":13,"turns":2},{"damage":0,"enemies":"Gremlin Nob","floor":14,"turns":2},{"damage":22,"enemies":"Slime Boss","floor":16,"turns":7}],"seed_played":"-7385908632772137747","potions_obtained":[{"floor":1.0,"key":"Swift Potion"},{"floor":3.0,"key":"ColorlessPotion"},{"floor":12,"key":"Fire Potion"},{"floor":13,"key":"SteroidPotion"}],"is_trial":false,"path_per_floor":["M","?","?","M","M","R","E","R","T","R","E","M","M","E","R","B"],"character_chosen":"THE_SILENT","items_purchased":[],"campfire_rested":1,"item_purchase_floors":[],"current_hp_per_floor":[59,52,52,51,49,49,21,39,39,39,24,28,40,40,40,18,18],"gold":265,"neow_bonus":"THREE_RARE_CARDS","is_daily":false,"chose_seed":false,"campfire_upgraded":3,"win_rate":0.0,"timestamp":1609833532,"path_taken":["M","?","?","M","M","R","E","R","T","R","E","M","?","E","R","BOSS"],"items_purchased_type":[],"build_version":"2020-12-22","purchased_purges":0,"victory":false,"max_hp_per_floor":[60,60,60,60,60,60,60,60,60,60,60,60,60,60,60,60,60],"card_choices":[{"not_picked":["After Image","Die Die Die"],"picked":"Glass Knife","floor":0.0},{"not_picked":["Underhanded Strike","Backflip","Accuracy"],"picked":"SKIP","floor":1.0},{"not_picked":["Skewer","Outmaneuver","Heel Hook"],"picked":"SKIP","floor":4.0},{"not_picked":["Tools of the Trade","Sucker Punch"],"picked":"Dagger Spray","floor":5.0},{"not_picked":["Outmaneuver","Deflect"],"picked":"Backflip","floor":7},{"not_picked":["Distraction","Cloak And Dagger","Infinite Blades"],"picked":"SKIP","floor":11},{"not_picked":["Slice","Dagger Spray","Prepared"],"picked":"SKIP","floor":12},{"not_picked":["Dodge and Roll","Prepared"],"picked":"Riddle With Holes","floor":13},{"not_picked":["Blade Dance","Prepared"],"picked":"Dagger Throw","floor":14}],"player_experience":22746,"relics_obtained":[{"floor":7,"key":"FossilizedHelix"},{"floor":11,"key":"Meat on the Bone"},{"floor":14,"key":"The Specimen"}],"event_choices":[{"cards_removed":["Strike_G"],"damage_healed":0.0,"max_hp_gain":0.0,"max_hp_loss":0.0,"gold_gain":0.0,"event_name":"Golden Wing","player_choice":"Card Removal","floor":2.0,"gold_loss":0.0,"damage_taken":7.0},{"damage_healed":0.0,"max_hp_gain":0.0,"max_hp_loss":0.0,"gold_gain":0.0,"event_name":"Lab","player_choice":"Got Potions","floor":3.0,"gold_loss":0.0,"damage_taken":0.0}],"is_beta":false,"boss_relics":[],"items_purged_floors":[],"is_endless":false,"potions_floor_spawned":[1,12,13],"killed_by":"Slime Boss","ascension_level":20}}