{"host":"vsdszi3rnxsdp24p","time":1609859611,"event":{"mods":["AchievementEnabler","BaseMod","Bestiary","Colored Map","Colored Powertips","Curses Come First","DeckTracker","Hermit","Highlight Path","Minty Spire (QoL Compilation)","Quick Restart","Relic Sorter","Relic Stats","StSLib","SuperFastMode","Synergy Search","The Cursed","The Mystic"],"gold_per_floor":[111,186,186,186,204,204,220,292,315,315,334,358,378,392,392,517,517,537,388,388,424,523,564,564,564,564,564,584,603,603,603],"floor_reached":30,"playtime":1161,"items_purged":[],"score":240,"play_id":"ec77e110-c70d-4bf4-bc25-a7ed2795bfb0","local_time":"20210105161331","is_ascension_mode":false,"campfire_choices":[{"floor":6,"key":"REST"},{"data":"Blade Dance","floor":10,"key":"SMITH"},{"floor":15,"key":"REST"},{"floor":25,"key":"REST"},{"data":"Storm of Steel","floor":27,"key":"SMITH"}],"circlet_count":0,"master_deck":["Strike_G","Strike_G","Strike_G","Strike_G","Defend_G","Defend_G","Defend_G","Defend_G","Defend_G","Survivor","Neutralize","Deep Breath","Dash","Malaise","Blade Dance+1","Venomology","Flying Knee","Flying Knee","Backstab","Poisoned Stab","Storm of Steel+1","Outmaneuver","Phantasmal Killer","Blade Dance+1","Prepared","Cloak And Dagger","Envenom","J.A.X.+1","Backstab","Deflect","Endless Agony","Cloak And Dagger"],"relics":["Ring of the Snake","Golden Idol","Bag of Marbles","Orrery","Red Mask","War Paint","Paper Crane","Mummified Hand"],"acts_visited":["Exordium","TheCity"],"potions_floor_usage":[11,11,12,12,14,16,16,16,16,18,18,29,30],"damage_taken":[{"damage":0,"enemies":"Small Slimes","floor":1,"turns":3},{"damage":6,"enemies":"Jaw Worm","floor":5,"turns":7},{"damage":0,"enemies":"Cultist","floor":7,"turns":3},{"damage":8,"enemies":"Exordium Wildlife","floor":11,"turns":5},{"damage":0,"enemies":"3 Louse","floor":12,"turns":1},{"damage":8,"enemies":"Large Slime","floor":13,"turns":8},{"damage":3,"enemies":"2 Fungi Beasts","floor":14,"turns":3},{"damage":36,"enemies":"The Guardian","floor":16,"turns":11},{"damage":3,"enemies":"3 Byrds","floor":18,"turns":4},{"damage":12,"enemies":"Masked Bandits","floor":21,"turns":5},{"damage":35,"enemies":"Book of Stabbing","floor":23,"turns":5},{"damage":8,"enemies":"2 Thieves","floor":28,"turns":3},{"damage":18,"enemies":"Centurion and Healer","floor":29,"turns":4},{"damage":15,"enemies":"Slavers","floor":30,"turns":2}],"seed_played":"8390099159061929093","potions_obtained":[{"floor":1,"key":"DistilledChaos"},{"floor":7,"key":"Energy Potion"},{"floor":12,"key":"SteroidPotion"},{"floor":14,"key":"PowerPotion"},{"floor":16,"key":"Fire Potion"},{"floor":29,"key":"LiquidBronze"}],"is_trial":false,"path_per_floor":["M","?","?","?","M","R","M","?","T","R","M","M","M","M","R","B",null,"M","$","?","?","?","E","?","R","T","R","M","M","E"],"character_chosen":"THE_SILENT","items_purchased":["Orrery"],"campfire_rested":3,"item_purchase_floors":[19],"current_hp_per_floor":[70,59,42,42,36,57,57,57,57,57,49,49,41,38,59,37,70,67,67,67,55,55,20,20,41,41,41,33,15,0,0],"gold":603,"neow_bonus":"RANDOM_COLORLESS","is_daily":false,"chose_seed":false,"campfire_upgraded":2,"win_rate":0.0,"timestamp":1609859611,"path_taken":["M","?","?","?","M","R","M","?","T","R","?","M","M","M","R","BOSS","M","$","?","?","?","E","?","R","T","R","M","M","E"],"items_purchased_type":["Relic"],"build_version":"2020-12-22","purchased_purges":0,"victory":false,"max_hp_per_floor":[70,70,70,70,70,70,70,70,70,70,70,70,70,70,70,70,70,70,70,70,70,70,70,70,70,70,70,70,70,70,70],"relic_stats":{"counters":[14,64],"Golden Idol":75,"Mummified Hand":[1],"War Paint":["J.A.X.","Blade Dance"],"obtain_stats":[{"Golden Idol":3,"Mummified Hand":26,"Orrery":19,"Bag of Marbles":9,"Red Mask":21,"War Paint":23,"Paper Crane":24,"Ring of the Snake":0},{"Golden Idol":1,"Mummified Hand":11,"Orrery":9,"Bag of Marbles":3,"Red Mask":10,"War Paint":11,"Paper Crane":11,"Ring of the Snake":0},{"Golden Idol":3,"Mummified Hand":55,"Orrery":45,"Bag of Marbles":13,"Red Mask":50,"War Paint":55,"Paper Crane":55,"Ring of the Snake":0}],"Ring of the Snake":[28]},"card_choices":[{"not_picked":["Finesse","Panacea"],"picked":"Deep Breath","floor":0},{"not_picked":["Eviscerate","Heel Hook"],"picked":"Dash","floor":1},{"not_picked":["Heel Hook","Backstab"],"picked":"Blade Dance","floor":5},{"not_picked":["Dodge and Roll","Bane"],"picked":"Venomology","floor":7},{"not_picked":["Dagger Throw","Masterful Stab"],"picked":"Flying Knee","floor":11},{"not_picked":["Quick Slash","Backstab"],"picked":"Flying Knee","floor":12},{"not_picked":["Bane","Deadly Poison"],"picked":"Backstab","floor":13},{"not_picked":["Riddle With Holes","Predator"],"picked":"Poisoned Stab","floor":14},{"not_picked":["Burst","Glass Knife"],"picked":"Storm of Steel","floor":16},{"not_picked":["Dodge and Roll","Backflip+1"],"picked":"Outmaneuver","floor":18},{"not_picked":["Expertise","Deadly Poison"],"picked":"Phantasmal Killer","floor":19},{"not_picked":["Acrobatics+1","Bane"],"picked":"Blade Dance","floor":19},{"not_picked":["Poisoned Stab","Escape Plan"],"picked":"Prepared","floor":19},{"not_picked":["Dagger Throw","Tactician"],"picked":"Cloak And Dagger","floor":19},{"not_picked":["Prepared","Skewer"],"picked":"Envenom","floor":19},{"not_picked":["Dagger Spray","PiercingWail"],"picked":"Backstab","floor":21},{"not_picked":["All Out Attack","Backflip+1"],"picked":"Deflect","floor":23},{"not_picked":["PiercingWail","Acrobatics"],"picked":"Endless Agony","floor":28},{"not_picked":["PiercingWail","Deflect+1"],"picked":"Cloak And Dagger","floor":29}],"player_experience":133914,"relics_obtained":[{"floor":9,"key":"Bag of Marbles"},{"floor":21,"key":"Red Mask"},{"floor":23,"key":"War Paint"},{"floor":26,"key":"Mummified Hand"}],"event_choices":[{"damage_healed":0,"gold_gain":75,"player_choice":"Gather Gold","damage_taken":11,"max_hp_gain":0,"max_hp_loss":0,"event_name":"World of Goop","floor":2,"gold_loss":0},{"damage_healed":0,"gold_gain":0,"player_choice":"Take Damage","damage_taken":17,"relics_obtained":["Golden Idol"],"max_hp_gain":0,"max_hp_loss":0,"event_name":"Golden Idol","floor":3,"gold_loss":0},{"damage_healed":0,"gold_gain":0,"cards_transformed":["Strike_G"],"player_choice":"Change","damage_taken":0,"max_hp_gain":0,"max_hp_loss":0,"event_name":"Living Wall","floor":4,"gold_loss":0,"cards_obtained":["Malaise"]},{"damage_healed":0,"gold_gain":72,"player_choice":"Gained Gold","damage_taken":0,"max_hp_gain":0,"max_hp_loss":0,"event_name":"Golden Wing","floor":8,"gold_loss":0},{"damage_healed":0,"gold_gain":0,"player_choice":"Obtain J.A.X.","damage_taken":0,"max_hp_gain":0,"max_hp_loss":0,"event_name":"Drug Dealer","floor":20,"gold_loss":0,"cards_obtained":["J.A.X."]},{"damage_healed":0,"gold_gain":0,"player_choice":"Fought Bandits","damage_taken":0,"max_hp_gain":0,"max_hp_loss":0,"event_name":"Masked Bandits","floor":21,"gold_loss":0},{"damage_healed":0,"gold_gain":99,"player_choice":"Stole From Cult","damage_taken":0,"max_hp_gain":0,"max_hp_loss":0,"event_name":"Nest","floor":22,"gold_loss":0},{"damage_healed":0,"gold_gain":0,"player_choice":"Opened","damage_taken":0,"relics_obtained":["Paper Crane"],"max_hp_gain":0,"max_hp_loss":0,"event_name":"The Mausoleum","floor":24,"gold_loss":0}],"is_beta":false,"boss_relics":[{"not_picked":["Philosopher\u0027s Stone","Fusion Hammer","Velvet Choker"]}],"items_purged_floors":[],"is_endless":false,"potions_floor_spawned":[1,7,12,14,16,29],"killed_by":"Slavers","ascension_level":0}}