{"host":"0qlrtuw7bw78ucw4","time":1609850230,"event":{"mods":["BaseMod","Downfall","Minty Spire (QoL Compilation)","StSLib"],"gold_per_floor":[99,99,113,131,4,18,18,33,33,49,49,60,74,109,125,230,230,230,247,247,264,364,364,364,364,379,404,29,29,41,52,67,163,163,163,174,190,242,256,306,352,212,230,425,455,455,305,333,258,258,258,290,2,2,2],"floor_reached":56,"playtime":13924,"items_purged":["champ:Strike","champ:Execute","champ:Strike","champ:Strike"],"score":1434,"play_id":"e01869cb-670f-46dd-a344-272369ffabb7","local_time":"20210105233710","is_ascension_mode":true,"campfire_choices":[{"data":"champ:Taunt","floor":1,"key":"SMITH"},{"data":"champ:StanceDance","floor":9,"key":"SMITH"},{"data":"champ:PreciseThrust","floor":11,"key":"SMITH"},{"data":"champ:PerfectForm","floor":18,"key":"SMITH"},{"data":"champ:HeavySlash","floor":23,"key":"SMITH"},{"data":"champ:HoldFirm","floor":29,"key":"SMITH"},{"floor":35,"key":"RECALL"},{"data":"champ:Duel","floor":47,"key":"SMITH"},{"data":"champ:Duel","floor":49,"key":"SMITH"},{"data":"champ:HoldFirm","floor":54,"key":"SMITH"}],"circlet_count":0,"master_deck":["champ:Defend","champ:Defend","champ:Defend","champ:Defend","champ:Taunt+1","champ:HeavySlash+1","champ:DefensiveStyle","champ:PreciseThrust+1","champ:SteelEdge+1","champ:DefensiveStyle","champ:StanceDance+1","champ:HoldFirm+1","champ:Circumvent","champ:GladiatorStyle","champ:PerfectForm+1","champ:Duel+1","champ:CrookedStrike+1","champ:Duel+1","champ:SteelEdge","champ:CalledShot+1","champ:CalledShot+1","champ:PerfectForm+1","champ:RecklessLeap+1","expansioncontent:DefensiveStance+1","champ:HoldFirm+1"],"relics":["champ:ChampionCrown","Shuriken","Pen Nib","Busted Crown","champ:BlackKnightHelmet","Meat on the Bone","Thread and Needle","Nunchaku","Frozen Egg 2","SlaversCollar","Pocketwatch","Prayer Wheel","White Beast Statue","downfall:HeartBlessingRed","downfall:HeartBlessingBlue","Bronze Scales","downfall:HeartBlessingGreen","Art of War","Centennial Puzzle"],"acts_visited":["Exordium","TheCity","TheBeyond","TheEnding"],"potions_floor_usage":[10,13,14,14,22,27,27,44,50,55,55,55],"damage_taken":[{"damage":5,"enemies":"Small Slimes","floor":3,"turns":2},{"damage":0,"enemies":"Cultist","floor":4,"turns":4},{"damage":10,"enemies":"downfall:FleeingMerchant","floor":5,"turns":4},{"damage":0,"enemies":"2 Louse","floor":6,"turns":2},{"damage":35,"enemies":"Lots of Slimes","floor":8,"turns":6},{"damage":14,"enemies":"Large Slime","floor":10,"turns":9},{"damage":3,"enemies":"Blue Slaver","floor":12,"turns":3},{"damage":8,"enemies":"Gremlin Gang","floor":13,"turns":4},{"damage":19,"enemies":"Gremlin Nob","floor":14,"turns":5},{"damage":5,"enemies":"Large Slime","floor":15,"turns":6},{"damage":13,"enemies":"downfall:Ironclad","floor":16,"turns":11},{"damage":20,"enemies":"3 Byrds","floor":19,"turns":9},{"damage":19,"enemies":"Shell Parasite","floor":21,"turns":7},{"damage":56,"enemies":"Shell Parasite","floor":22,"turns":10},{"damage":3,"enemies":"Snake Plant","floor":26,"turns":5},{"damage":52,"enemies":"Slavers","floor":27,"turns":7},{"damage":0,"enemies":"downfall:FleeingMerchant","floor":28,"turns":4},{"damage":3,"enemies":"3 Cultists","floor":30,"turns":6},{"damage":0,"enemies":"Centurion and Healer","floor":31,"turns":6},{"damage":0,"enemies":"Snake Plant","floor":32,"turns":1},{"damage":20,"enemies":"downfall:Watcher","floor":33,"turns":9},{"damage":13,"enemies":"Orb Walker","floor":36,"turns":4},{"damage":13,"enemies":"3 Shapes","floor":37,"turns":6},{"damage":18,"enemies":"2 Orb Walkers","floor":38,"turns":6},{"damage":12,"enemies":"Maw","floor":39,"turns":7},{"damage":12,"enemies":"Mind Bloom Boss Battle","floor":40,"turns":9},{"damage":9,"enemies":"downfall:FleeingMerchant","floor":42,"turns":4},{"damage":18,"enemies":"Jaw Worm Horde","floor":43,"turns":7},{"damage":3,"enemies":"downfall:FleeingMerchant","floor":44,"turns":4},{"damage":38,"enemies":"Giant Head","floor":45,"turns":7},{"damage":41,"enemies":"Nemesis","floor":48,"turns":7},{"damage":47,"enemies":"downfall:Defect","floor":50,"turns":6},{"damage":73,"enemies":"downfall:CharBossMerchant","floor":52,"turns":8},{"damage":105,"enemies":"downfall:NeowBoss","floor":55,"turns":28}],"seed_played":"-7266537438930905471","potions_obtained":[{"floor":3,"key":"Weak Potion"},{"floor":4,"key":"Regen Potion"},{"floor":6,"key":"Swift Potion"},{"floor":10,"key":"Block Potion"},{"floor":12,"key":"Fire Potion"},{"floor":14,"key":"champ:OpenerPotion"},{"floor":19,"key":"Strength Potion"},{"floor":21,"key":"SkillPotion"},{"floor":26,"key":"DuplicationPotion"},{"floor":30,"key":"champ:UltimateStancePotion"},{"floor":31,"key":"Weak Potion"},{"floor":37,"key":"Energy Potion"},{"floor":48,"key":"Energy Potion"},{"floor":52,"key":"Slimebound:ThreeZeroPotion"}],"is_trial":false,"path_per_floor":["R","?","M","M","$","M","T","M","R","M","R","M","M","E","M","B",null,"R","M","?","M","?","R","T","?","M","E","$","R","M","M","M","B",null,"R","M","M","?","M","?","T","$","M","$","E","?","R","E","R","B",null,"E","$","R","B",null],"character_chosen":"THE_CHAMP","items_purchased":["champ:DefensiveStyle","Frozen Egg 2","champ:HoldFirm","Centennial Puzzle"],"campfire_rested":0,"item_purchase_floors":[5,28,53,53],"current_hp_per_floor":[99,99,99,99,99,99,99,74,74,75,75,72,69,55,55,42,99,99,93,93,79,57,57,57,57,57,29,41,41,53,53,53,60,99,99,92,79,70,70,70,70,70,61,61,61,51,61,61,61,61,109,86,86,86,88],"gold":2,"neow_bonus":"TEN_PERCENT_HP_BONUS","is_daily":false,"chose_seed":false,"campfire_upgraded":9,"win_rate":0.0,"timestamp":1609850230,"path_taken":["R","?","M","M","?","M","T","M","R","M","R","M","?","E","M","BOSS","R","M","?","?","?","R","T","?","M","E","$","R","M","?","M","BOSS","R","M","M","?","M","?","T","$","M","$","E","?","R","E","R","BOSS","E","$","R","BOSS"],"items_purchased_type":["Card","Relic","Card","Relic"],"build_version":"2020-12-22","purchased_purges":4,"victory":true,"max_hp_per_floor":[99,99,99,99,99,99,99,99,99,99,99,99,99,99,99,99,99,99,99,99,99,99,99,99,99,99,99,99,99,99,99,99,99,99,99,99,99,99,99,99,99,99,99,99,99,99,109,109,109,109,109,109,109,109,109],"card_choices":[{"not_picked":["champ:RecklessLeap","champ:RageSigil"],"picked":"champ:DefensiveStyle","floor":3},{"not_picked":["champ:FlashCut","champ:EnragedBash"],"picked":"champ:PreciseThrust","floor":4},{"not_picked":["champ:BerserkersShout","champ:ViciousMockery"],"picked":"champ:SteelEdge","floor":5},{"not_picked":["champ:RecklessLeap","champ:GutPunch"],"picked":"champ:StanceDance","floor":6},{"not_picked":["champ:EnGarde","champ:BringItOn","champ:BerserkersShout"],"picked":"SKIP","floor":8},{"not_picked":["champ:BringItOn","champ:ShieldSigil","champ:Backstep"],"picked":"SKIP","floor":10},{"not_picked":["champ:TornadoPunch","champ:BerserkerStyle"],"picked":"champ:HoldFirm","floor":12},{"not_picked":["champ:Encircle","champ:AdrenalArmor","champ:FocusedBerserking"],"picked":"SKIP","floor":13},{"not_picked":["champ:GladiatorsShout","champ:Backstep"],"picked":"champ:Circumvent","floor":14},{"not_picked":["champ:BladeFlurry","champ:Encircle"],"picked":"champ:GladiatorStyle","floor":15},{"not_picked":["champ:HeavySlash","champ:ShieldThrow"],"picked":"champ:PerfectForm","floor":16},{"not_picked":[],"picked":"champ:Duel","floor":19},{"not_picked":["champ:BringItOn"],"picked":"SKIP","floor":21},{"not_picked":["champ:BringItOn"],"picked":"SKIP","floor":21},{"not_picked":[],"picked":"champ:CrookedStrike+1","floor":26},{"not_picked":[],"picked":"champ:Duel","floor":27},{"not_picked":[],"picked":"champ:SteelEdge","floor":28},{"not_picked":[],"picked":"champ:CalledShot+1","floor":30},{"not_picked":["champ:DeathBlow"],"picked":"SKIP","floor":31},{"not_picked":[],"picked":"champ:CalledShot+1","floor":32},{"not_picked":[],"picked":"champ:PerfectForm+1","floor":33},{"not_picked":["champ:TornadoPunch"],"picked":"SKIP","floor":36},{"not_picked":["champ:PerfectedStrike+1"],"picked":"SKIP","floor":37},{"not_picked":["champ:GladiatorsShout+1"],"picked":"SKIP","floor":39},{"not_picked":["champ:Backstep+1"],"picked":"SKIP","floor":42},{"not_picked":[],"picked":"champ:RecklessLeap+1","floor":43},{"not_picked":["champ:Circumvent+1"],"picked":"SKIP","floor":43},{"not_picked":["champ:BringItOn+1"],"picked":"SKIP","floor":44},{"not_picked":["champ:RisingSlash+1"],"picked":"SKIP","floor":45},{"not_picked":[],"picked":"expansioncontent:DefensiveStance+1","floor":46},{"not_picked":["champ:Backstep+1"],"picked":"SKIP","floor":48},{"not_picked":["champ:GladiatorsShout+1"],"picked":"SKIP","floor":52}],"player_experience":786687,"relics_obtained":[{"floor":7,"key":"Shuriken"},{"floor":14,"key":"Pen Nib"},{"floor":22,"key":"champ:BlackKnightHelmet"},{"floor":22,"key":"Meat on the Bone"},{"floor":24,"key":"Thread and Needle"},{"floor":27,"key":"Nunchaku"},{"floor":38,"key":"Pocketwatch"},{"floor":40,"key":"Prayer Wheel"},{"floor":45,"key":"White Beast Statue"},{"floor":48,"key":"Bronze Scales"},{"floor":52,"key":"Art of War"}],"event_choices":[{"damage_healed":0,"gold_gain":0,"cards_transformed":["champ:Strike"],"player_choice":"Transformed","damage_taken":0,"max_hp_gain":0,"max_hp_loss":0,"event_name":"Transmorgrifier","floor":2,"gold_loss":0,"cards_obtained":["champ:HeavySlash"]},{"damage_healed":0,"gold_gain":0,"player_choice":"Upgraded","damage_taken":0,"max_hp_gain":0,"max_hp_loss":0,"event_name":"Upgrade Shrine","floor":25,"gold_loss":0,"cards_upgraded":["champ:SteelEdge"]},{"damage_healed":0,"gold_gain":0,"player_choice":"Fight","damage_taken":0,"max_hp_gain":0,"max_hp_loss":0,"event_name":"Mysterious Sphere","floor":38,"gold_loss":0}],"is_beta":false,"boss_relics":[{"not_picked":["Coffee Dripper","SacredBark"],"picked":"Busted Crown"},{"not_picked":["Pandora\u0027s Box","Calling Bell"],"picked":"SlaversCollar"}],"items_purged_floors":[5,28,42,44],"is_endless":false,"potions_floor_spawned":[3,4,6,10,12,14,19,21,26,30,31,37,40,43,48,52],"ascension_level":2}}