{"host":"dwyzfvnzfcqffr30","time":1609845657,"event":{"mods":["2.2 Compatiblity","Act Like it!","BaseMod","Beaked The Cultist","Better Altar","Better Match","Better Note","Better Sensory Stone","Better Skull","Better Third Choice","Clockwork Mod","Colored Map","Colored Powertips","Conspire","Downfall","Elementarium","GifTheSpireLib","Halation","Hermit","Hubris","Infinite Spire","Ironclad Rager","Jedi Mod","Menagerie","Mimic Mod","Minty Spire (QoL Compilation)","Permanent Neow","Random Character Button","Replay The Spire","Spicy Shops","StSLib","Stuff the Spire","The Construct","The Disciple","The Druid","The Marked","TheFirefly","Trackpad","vexMod"],"gold_per_floor":[411,411,430,445,456,564,564,680,705,845,30,30,154,39,39,144,144,154,154,154,38,38,146,146,146,197,197,313,332,436,469,469,572,572,592,867,549,549,549,549,549],"floor_reached":40,"playtime":2404,"items_purged":["Regret","Decay"],"score":734,"play_id":"1c0eaa45-a5e3-46cb-b9b0-d6d178087f85","local_time":"20210105032057","is_ascension_mode":true,"campfire_choices":[{"floor":7,"key":"REST"},{"floor":15,"key":"REST"},{"floor":25,"key":"REST"},{"floor":32,"key":"RECALL"}],"circlet_count":0,"master_deck":["hermit:Strike_Hermit+1","hermit:Strike_Hermit+1","hermit:Strike_Hermit+1","hermit:Strike_Hermit+1","hermit:Defend_Hermit+1","hermit:Defend_Hermit+1","hermit:Defend_Hermit+1","hermit:Defend_Hermit+1","hermit:Snapshot+1","hermit:Covet+1","hermit:Coalescence+1","MasterReality+1","hermit:LoneWolf+1","hermit:Glare+1","hermit:Determination+1","hermit:NoHoldsBarred+1","hermit:Maintenance+1","hermit:Virtue+1","hermit:Desperado+1","hermit:Coalescence+1","hermit:HeroicBravado+1","hermit:Shortfuse+1","infinitespire:Starlight+1","infinitespire:Gouge+1","hermit:Quickdraw+1","Pain","hermit:Reprieve+1","hermit:Maintenance+1","Regret","hermit:Snipe+1","Injury"],"relics":["hermit:Momento","Bottled Tornado","Juzu Bracelet","hubris:EvacipatedBox","StuffTheSpire:TintedRock","Quantum Egg","Molten Egg 2","Frozen Egg 2","Toxic Egg 2","Toxic Egg 2","Bag of Marbles","Replay:Bottled Flurry","Juzu Bracelet","Turnip","Medical Kit","Kunai","Nunchaku","hubris:ScarierMask","Akabeko","Elementarium:HuntersElixir","trackpad:IceCube","Elementarium:GolemsHeart","ReplayTheSpireMod:TigerMarble","conspire:GlowingRock","trackpad:DisasterInABottle","Elementarium:ElementariumTrophy","conspire:SpecialSausage","vexMod:HeadHunter","Bronze Scales"],"acts_visited":["Exordium","Elementarium:Elementarium","TheBeyond"],"potions_floor_usage":[6,6,10,13,23,40],"damage_taken":[{"damage":0,"enemies":"Small Slimes","floor":1,"turns":2},{"damage":0,"enemies":"2 Louse","floor":3,"turns":2},{"damage":0,"enemies":"Jaw Worm","floor":4,"turns":2},{"damage":0,"enemies":"Exordium Wildlife","floor":5,"turns":2},{"damage":28,"enemies":"3 Sentries","floor":6,"turns":10},{"damage":14,"enemies":"Gremlin Nob","floor":8,"turns":4},{"damage":22,"enemies":"3 Sentries","floor":10,"turns":8},{"damage":24,"enemies":"Lagavulin","floor":13,"turns":5},{"damage":0,"enemies":"Slime Boss","floor":16,"turns":6},{"damage":33,"enemies":"Elementarium:Cyclone","floor":18,"turns":6},{"damage":21,"enemies":"Elementarium:ElementalPortal","floor":23,"turns":6},{"damage":8,"enemies":"Elementarium:FIRE_NOBILITY","floor":28,"turns":3},{"damage":0,"enemies":"Elementarium:VoidCorruption","floor":29,"turns":3},{"damage":0,"enemies":"Elementarium:ElementalPortal","floor":30,"turns":4},{"damage":0,"enemies":"Elementarium:CYCLONE_AND_ORB_OF_FIRE","floor":31,"turns":3},{"damage":28,"enemies":"Elementarium:GoldenDragon","floor":33,"turns":8},{"damage":38,"enemies":"3 Darklings","floor":35,"turns":4},{"damage":44,"enemies":"Giant Head","floor":40,"turns":6}],"seed_played":"2907113151468468247","potions_obtained":[{"floor":3,"key":"hermit:Tonic"},{"floor":4,"key":"hermit:Tonic"},{"floor":6,"key":"champ:CounterPotion"},{"floor":8,"key":"SpeedPotion"},{"floor":30,"key":"DuplicationPotion"},{"floor":33,"key":"SpeedPotion"}],"is_trial":false,"path_per_floor":["M","?","M","M","M","E","R","E","T","E","$","?","E","$","R","B",null,"M","AVR","?","?","$","E","?","R","T","?","E","M","E","MIM","R_BF","B",null,"M","?","$","?","?","E"],"character_chosen":"HERMIT","items_purchased":["hermit:Maintenance+1","hermit:Virtue+1","Turnip","Medical Kit","Kunai","hermit:Coalescence+1","champ:CounterPotion","hermit:Snipe+1","vexMod:HeadHunter","Bronze Scales"],"campfire_rested":3,"item_purchase_floors":[11,11,11,11,11,14,14,37,37,37],"current_hp_per_floor":[75,75,75,75,75,47,69,55,55,33,33,33,9,9,31,31,64,31,31,31,31,31,35,35,57,57,57,56,71,75,75,75,62,72,34,34,34,34,34,0,0],"gold":549,"neow_bonus":"RANDOM_EVENT","is_daily":false,"chose_seed":false,"campfire_upgraded":0,"win_rate":0.0,"timestamp":1609845657,"path_taken":["M","?","M","M","M","E","R","E","T","E","$","?","E","$","R","BOSS","M","AVR","?","?","$","E","?","R","T","?","E","M","E","?","R_BF","BOSS","M","?","$","?","?","E"],"items_purchased_type":["Card","Card","Relic","Relic","Relic","Card","Potion","Card","Relic","Relic"],"build_version":"2020-12-22","purchased_purges":2,"victory":false,"max_hp_per_floor":[75,75,75,75,75,75,75,75,75,75,75,75,75,75,75,75,75,75,75,75,75,75,75,75,75,75,75,75,75,75,75,75,75,75,75,75,75,75,75,75,75],"card_choices":[{"not_picked":["hermit:Shortfuse+1","hermit:Misfire+1","hermit:TrackingShot+1"],"picked":"SKIP","floor":1},{"not_picked":["hermit:SprayPray+1","hermit:LuckOfTheDraw+1","hermit:TakeCover+1"],"picked":"SKIP","floor":3},{"not_picked":["hermit:BodyArmor+1","hermit:Showdown+1"],"picked":"hermit:LoneWolf+1","floor":4},{"not_picked":["hermit:Headshot+1","hermit:Midnight+1","hermit:HighCaliber+1"],"picked":"SKIP","floor":5},{"not_picked":["hermit:EyeOfTheStorm+1","hermit:TakeCover+1"],"picked":"hermit:Glare+1","floor":6},{"not_picked":["hermit:Brawl+1","hermit:Manifest+1"],"picked":"hermit:Determination+1","floor":8},{"not_picked":["hermit:EternalForm+1","hermit:Ricochet+1"],"picked":"hermit:NoHoldsBarred+1","floor":10},{"not_picked":["hermit:FullyLoaded+1","hermit:ItchyTrigger+1"],"picked":"hermit:Desperado+1","floor":13},{"not_picked":["hermit:Adapt+1","hermit:EternalForm+1"],"picked":"hermit:HeroicBravado+1","floor":16},{"not_picked":["hermit:WideOpen+1","hermit:Ricochet+1"],"picked":"hermit:Shortfuse+1","floor":18},{"not_picked":["hermit:Virtue+1","hermit:Vantage+1"],"picked":"hermit:Quickdraw+1","floor":23},{"not_picked":["hermit:GoldenBullet+1","hermit:Dive+1","hermit:Glare+1"],"picked":"SKIP","floor":28},{"not_picked":["hermit:TrackingShot+1","hermit:FromBeyond+1","hermit:Deadeye+1"],"picked":"SKIP","floor":29},{"not_picked":["hermit:ItchyTrigger+1","hermit:ShadowCloak+1","hermit:Ricochet+1"],"picked":"SKIP","floor":30},{"not_picked":["hermit:FromBeyond+1","hermit:Magnum+1"],"picked":"hermit:Reprieve+1","floor":33},{"not_picked":["hermit:ItchyTrigger+1","hermit:BodyArmor+1"],"picked":"hermit:Maintenance+1","floor":35}],"player_experience":2583766,"relics_obtained":[{"floor":6,"key":"Bag of Marbles"},{"floor":8,"key":"Replay:Bottled Flurry"},{"floor":10,"key":"Juzu Bracelet"},{"floor":13,"key":"Nunchaku"},{"floor":26,"key":"trackpad:IceCube"},{"floor":28,"key":"ReplayTheSpireMod:TigerMarble"},{"floor":30,"key":"conspire:GlowingRock"},{"floor":31,"key":"trackpad:DisasterInABottle"}],"event_choices":[{"damage_healed":0,"gold_gain":0,"player_choice":"Simplicity","damage_taken":0,"max_hp_gain":0,"max_hp_loss":8,"event_name":"betterThird:BetterWriting","floor":0,"gold_loss":0},{"damage_healed":0,"gold_gain":0,"player_choice":"Box","damage_taken":0,"relics_obtained":["Toxic Egg 2"],"max_hp_gain":0,"max_hp_loss":0,"event_name":"Big Fish","floor":2,"gold_loss":0,"cards_obtained":["Regret"]},{"damage_healed":0,"gold_gain":0,"player_choice":"Leave","damage_taken":0,"max_hp_gain":0,"max_hp_loss":0,"event_name":"conspire:Investor","floor":12,"gold_loss":0},{"damage_healed":0,"gold_gain":0,"player_choice":"Ignored","damage_taken":0,"max_hp_gain":0,"max_hp_loss":0,"event_name":"Elementarium:FountainOfGold","floor":20,"gold_loss":0},{"damage_healed":0,"gold_gain":0,"player_choice":"Sling","damage_taken":0,"relics_obtained":["Elementarium:HuntersElixir"],"max_hp_gain":0,"max_hp_loss":0,"event_name":"Elementarium:BigGameHunter","floor":21,"gold_loss":116},{"damage_healed":0,"gold_gain":0,"player_choice":"Ignored","damage_taken":0,"max_hp_gain":0,"max_hp_loss":0,"event_name":"Elementarium:ElementalBlades","floor":24,"gold_loss":0},{"damage_healed":0,"gold_gain":0,"player_choice":"Chest","damage_taken":0,"relics_obtained":["Elementarium:GolemsHeart"],"max_hp_gain":0,"max_hp_loss":0,"event_name":"Elementarium:AbandonedFactory","floor":27,"gold_loss":0,"cards_obtained":["Pain"]},{"damage_healed":0,"gold_gain":275,"player_choice":"Desecrate","damage_taken":0,"max_hp_gain":0,"max_hp_loss":0,"event_name":"Golden Shrine","floor":36,"gold_loss":0,"cards_obtained":["Regret"]}],"is_beta":false,"boss_relics":[{"not_picked":["Tiny House","Snecko Eye","Astrolabe"],"picked":"hubris:ScarierMask"},{"not_picked":["Replay:Bronze Core","hubris:TerracottaHorce","halation:CatFaceCupcake"],"picked":"conspire:SpecialSausage"}],"items_purged_floors":[11,19],"is_endless":false,"potions_floor_spawned":[3,4,6,8,23,30,33],"killed_by":"Giant Head","ascension_level":5}}