{"host":"k6u7q08ihsmpx7o5","time":1609854371,"event":{"mods":["BaseMod","Bestiary","Filter the Spire","Minty Spire (QoL Compilation)","Permanent Neow","Relic Stats","StSLib"],"gold_per_floor":[117,130,150,165,185,211,211,211,211,238,248,323,335,367,367,444,744,762,762,64,84,94,127,127,156,156,156,181,181,181,215,215,289,289,304,354,365,10,35,63,63,88,88,0,0,32,32,47,47,47,47,47,47,47,80,80],"floor_reached":57,"playtime":3949,"items_purged":["Catalyst"],"score":3122,"play_id":"6e105dd0-e2b6-44c3-af9c-24c2e76b1b00","local_time":"20210105144611","is_ascension_mode":true,"campfire_choices":[{"floor":8,"key":"REST"},{"data":"Storm of Steel","floor":15,"key":"SMITH"},{"data":"Neutralize","floor":24,"key":"SMITH"},{"data":"Accuracy","floor":27,"key":"SMITH"},{"floor":32,"key":"REST"},{"data":"Dark Embrace","floor":41,"key":"SMITH"},{"floor":47,"key":"RECALL"},{"data":"Choke","floor":49,"key":"SMITH"},{"data":"After Image","floor":53,"key":"SMITH"}],"circlet_count":0,"master_deck":["AscendersBane","Survivor","Neutralize+1","Terror","Cloak And Dagger","Calculated Gamble+1","Skewer+1","Accuracy+1","Infinite Blades","Die Die Die","Storm of Steel+1","Blade Dance","Cloak And Dagger+1","Dodge and Roll","Cloak And Dagger","Backflip","Finisher+1","After Image+1","CurseOfTheBell","Slice+1","PiercingWail","PiercingWail","PiercingWail","Necronomicurse","Choke+1","Phantasmal Killer","Well Laid Plans+1","Dark Embrace+1","Study+1","PanicButton"],"relics":["Pandora\u0027s Box","Regal Pillow","Unceasing Top","Mercury Hourglass","Calling Bell","Blood Vial","Pantograph","Old Coin","Toolbox","Bronze Scales","Toy Ornithopter","Snake Skull","Nunchaku","Ninja Scroll","Vajra","Necronomicon","The Courier","WristBlade","Mango","PrismaticShard","Eternal Feather","TungstenRod","Meat on the Bone","Whetstone","Pear","Red Mask","HornCleat","Paper Crane"],"acts_visited":["Exordium","TheCity","TheBeyond","TheEnding"],"potions_floor_usage":[14,22,23,56],"damage_taken":[{"damage":0,"enemies":"Cultist","floor":1,"turns":2},{"damage":2,"enemies":"Small Slimes","floor":2,"turns":2},{"damage":0,"enemies":"2 Louse","floor":3,"turns":2},{"damage":0,"enemies":"Large Slime","floor":4,"turns":2},{"damage":1,"enemies":"Blue Slaver","floor":5,"turns":3},{"damage":8,"enemies":"Lagavulin","floor":6,"turns":5},{"damage":8,"enemies":"Gremlin Nob","floor":10,"turns":3},{"damage":6,"enemies":"3 Louse","floor":11,"turns":2},{"damage":0,"enemies":"2 Fungi Beasts","floor":13,"turns":2},{"damage":4,"enemies":"3 Sentries","floor":14,"turns":4},{"damage":18,"enemies":"The Guardian","floor":16,"turns":8},{"damage":0,"enemies":"Spheric Guardian","floor":18,"turns":3},{"damage":1,"enemies":"3 Byrds","floor":21,"turns":4},{"damage":18,"enemies":"Snake Plant","floor":22,"turns":4},{"damage":5,"enemies":"Slavers","floor":23,"turns":3},{"damage":0,"enemies":"Gremlin Leader","floor":25,"turns":4},{"damage":17,"enemies":"Slavers","floor":28,"turns":3},{"damage":0,"enemies":"Gremlin Leader","floor":31,"turns":5},{"damage":14,"enemies":"Automaton","floor":33,"turns":6},{"damage":0,"enemies":"Orb Walker","floor":35,"turns":1},{"damage":44,"enemies":"2 Orb Walkers","floor":36,"turns":4},{"damage":0,"enemies":"3 Darklings","floor":37,"turns":3},{"damage":0,"enemies":"Mind Bloom Boss Battle","floor":39,"turns":3},{"damage":16,"enemies":"Nemesis","floor":40,"turns":3},{"damage":0,"enemies":"Giant Head","floor":42,"turns":4},{"damage":0,"enemies":"Nemesis","floor":46,"turns":3},{"damage":1,"enemies":"Jaw Worm Horde","floor":48,"turns":3},{"damage":50,"enemies":"Time Eater","floor":50,"turns":5},{"damage":30,"enemies":"Donu and Deca","floor":51,"turns":5},{"damage":20,"enemies":"Shield and Spear","floor":55,"turns":5},{"damage":88,"enemies":"The Heart","floor":56,"turns":8}],"seed_played":"-1167689461345319019","potions_obtained":[{"floor":1,"key":"Weak Potion"},{"floor":2,"key":"CunningPotion"},{"floor":5,"key":"SkillPotion"},{"floor":28,"key":"Dexterity Potion"},{"floor":33,"key":"FairyPotion"},{"floor":35,"key":"PowerPotion"}],"is_trial":false,"path_per_floor":["M","M","M","M","M","E","?","R","T","E","M","?","M","E","R","B",null,"M","?","$","M","M","E","R","E","T","R","E","?","?","E","R","B",null,"M","?","M","$","?","E","R","E","T","?","?","E","R","M","R","B","B",null,"R","$","E","B",null],"character_chosen":"THE_SILENT","items_purchased":["PiercingWail","Toolbox","Bronze Scales","Toy Ornithopter","Regen Potion","PrismaticShard","Eternal Feather"],"campfire_rested":2,"item_purchase_floors":[20,20,20,20,20,38,38],"current_hp_per_floor":[59,57,57,57,56,48,28,62,62,54,48,37,37,33,33,15,53,55,37,37,38,36,38,38,40,40,40,25,4,4,6,42,55,67,69,41,43,43,70,56,71,73,83,83,83,85,95,94,95,57,54,85,95,95,75,20],"gold":80,"neow_bonus":"BOSS_RELIC","is_daily":false,"chose_seed":false,"campfire_upgraded":6,"win_rate":0.0,"timestamp":1609854371,"path_taken":["M","M","M","M","M","E","?","R","T","E","M","?","M","E","R","BOSS","M","?","$","M","M","E","R","E","T","R","E","?","?","E","R","BOSS","M","?","M","$","?","E","R","E","T","?","?","E","R","M","R","BOSS","BOSS","R","$","E","BOSS"],"items_purchased_type":["Card","Relic","Relic","Relic","Potion","Relic","Relic"],"build_version":"2020-12-22","purchased_purges":1,"victory":true,"max_hp_per_floor":[66,66,66,66,66,66,66,66,66,66,66,66,66,66,66,66,66,66,71,71,71,71,71,71,71,71,71,71,71,71,71,71,71,71,71,85,85,85,85,85,85,85,95,95,95,95,95,95,95,95,95,95,95,95,95,95],"relic_stats":{"Regal Pillow":30,"counters":[31,112],"Eternal Feather":36,"Snake Skull":[0],"Whetstone":["Finisher","Skewer"],"Mercury Hourglass":[299],"Blood Vial":32,"Nunchaku":[27],"Pantograph":95,"Bronze Scales":[303],"Pandora\u0027s Box":["Terror","Cloak And Dagger","Catalyst","Calculated Gamble","Skewer","Accuracy","Infinite Blades","Flying Knee","Die Die Die","Storm of Steel"],"Necronomicon":[17],"obtain_stats":[{"Regal Pillow":6,"Vajra":28,"Mango":36,"Snake Skull":23,"Whetstone":42,"PrismaticShard":38,"Old Coin":17,"Blood Vial":17,"Nunchaku":25,"HornCleat":46,"WristBlade":34,"Ninja Scroll":26,"Pantograph":17,"Toolbox":20,"Necronomicon":29,"Red Mask":44,"Ring of the Snake":0,"Pear":43,"Eternal Feather":38,"The Courier":31,"Paper Crane":55,"Mercury Hourglass":14,"Calling Bell":17,"Bronze Scales":20,"Pandora\u0027s Box":0,"Unceasing Top":10,"Toy Ornithopter":20,"TungstenRod":39,"Meat on the Bone":40},{"Regal Pillow":6,"Vajra":17,"Mango":21,"Snake Skull":15,"Whetstone":25,"PrismaticShard":22,"Old Coin":11,"Blood Vial":11,"Nunchaku":16,"HornCleat":26,"WristBlade":19,"Ninja Scroll":16,"Pantograph":11,"Toolbox":12,"Necronomicon":17,"Red Mask":25,"Ring of the Snake":0,"Pear":25,"Eternal Feather":22,"The Courier":18,"Paper Crane":30,"Mercury Hourglass":10,"Calling Bell":11,"Bronze Scales":12,"Pandora\u0027s Box":0,"Unceasing Top":7,"Toy Ornithopter":12,"TungstenRod":23,"Meat on the Bone":24},{"Regal Pillow":16,"Vajra":54,"Mango":70,"Snake Skull":48,"Whetstone":83,"PrismaticShard":73,"Old Coin":35,"Blood Vial":35,"Nunchaku":52,"HornCleat":86,"WristBlade":65,"Ninja Scroll":52,"Pantograph":35,"Toolbox":38,"Necronomicon":54,"Red Mask":83,"Ring of the Snake":0,"Pear":83,"Eternal Feather":73,"The Courier":59,"Paper Crane":104,"Mercury Hourglass":27,"Calling Bell":35,"Bronze Scales":38,"Pandora\u0027s Box":0,"Unceasing Top":19,"Toy Ornithopter":38,"TungstenRod":76,"Meat on the Bone":79}],"Unceasing Top":[43],"Toy Ornithopter":11,"TungstenRod":81,"Meat on the Bone":24},"card_choices":[{"not_picked":["Finisher","Sucker Punch"],"picked":"Blade Dance","floor":1},{"not_picked":["Escape Plan","Skewer"],"picked":"Cloak And Dagger","floor":2},{"not_picked":["Underhanded Strike","Sucker Punch"],"picked":"Dodge and Roll","floor":3},{"not_picked":["Dagger Spray","Dodge and Roll"],"picked":"Cloak And Dagger","floor":4},{"not_picked":["Slice","Setup","Quick Slash"],"picked":"SKIP","floor":5},{"not_picked":["Flying Knee","Slice","Crippling Poison"],"picked":"SKIP","floor":6},{"not_picked":["Outmaneuver","Concentrate","Glass Knife"],"picked":"SKIP","floor":10},{"not_picked":["Calculated Gamble","Expertise"],"picked":"Backflip","floor":11},{"not_picked":["Terror","Reflex","Acrobatics"],"picked":"SKIP","floor":13},{"not_picked":["Prepared","PiercingWail"],"picked":"Finisher","floor":14},{"not_picked":["Bullet Time","Malaise"],"picked":"After Image","floor":16},{"not_picked":["Bane","Calculated Gamble"],"picked":"Slice+1","floor":18},{"not_picked":["Reflex","Acrobatics","Blade Dance"],"picked":"SKIP","floor":21},{"not_picked":["Quick Slash","Masterful Stab","Predator"],"picked":"SKIP","floor":22},{"not_picked":["Heel Hook","Bouncing Flask","Riddle With Holes"],"picked":"SKIP","floor":23},{"not_picked":["Escape Plan","Accuracy"],"picked":"PiercingWail","floor":25},{"not_picked":["Slice","Bane"],"picked":"PiercingWail","floor":28},{"not_picked":["Poisoned Stab","Blade Dance"],"picked":"Choke","floor":31},{"not_picked":["A Thousand Cuts","Envenom"],"picked":"Phantasmal Killer","floor":33},{"not_picked":["Sucker Punch+1","Prepared+1","Blade Dance"],"picked":"SKIP","floor":35},{"not_picked":["Tactician","Underhanded Strike+1"],"picked":"Well Laid Plans+1","floor":36},{"not_picked":["Flying Knee","Blade Dance","Cloak And Dagger"],"picked":"SKIP","floor":37},{"not_picked":["Vengeance","EmptyFist+1"],"picked":"Dark Embrace","floor":39},{"not_picked":["Acrobatics","PiercingWail","Brutality"],"picked":"SKIP","floor":40},{"not_picked":["ThirdEye","BowlingBash"],"picked":"Study+1","floor":42},{"not_picked":["Uppercut","Masterful Stab","Turbo+1"],"picked":"SKIP","floor":46},{"not_picked":["Choke+1","Sword Boomerang+1","Feed"],"picked":"SKIP","floor":48},{"not_picked":["Backflip+1","Night Terror"],"picked":"PanicButton","floor":55}],"player_experience":1951878,"relics_obtained":[{"floor":6,"key":"Regal Pillow"},{"floor":10,"key":"Unceasing Top"},{"floor":14,"key":"Mercury Hourglass"},{"floor":17,"key":"Blood Vial"},{"floor":17,"key":"Pantograph"},{"floor":17,"key":"Old Coin"},{"floor":23,"key":"Snake Skull"},{"floor":25,"key":"Nunchaku"},{"floor":26,"key":"Ninja Scroll"},{"floor":28,"key":"Vajra"},{"floor":29,"key":"Necronomicon"},{"floor":31,"key":"The Courier"},{"floor":36,"key":"Mango"},{"floor":39,"key":"TungstenRod"},{"floor":40,"key":"Meat on the Bone"},{"floor":42,"key":"Whetstone"},{"floor":43,"key":"Pear"},{"floor":46,"key":"HornCleat"},{"floor":55,"key":"Paper Crane"}],"event_choices":[{"damage_healed":0,"gold_gain":0,"player_choice":"Entered Light","damage_taken":20,"max_hp_gain":0,"max_hp_loss":0,"event_name":"Shining Light","floor":7,"gold_loss":0,"cards_upgraded":["Cloak And Dagger","Calculated Gamble"]},{"damage_healed":0,"gold_gain":75,"player_choice":"Gather Gold","damage_taken":11,"max_hp_gain":0,"max_hp_loss":0,"event_name":"World of Goop","floor":12,"gold_loss":0},{"damage_healed":0,"gold_gain":0,"player_choice":"Shed Blood","damage_taken":23,"max_hp_gain":5,"max_hp_loss":0,"event_name":"Forgotten Altar","floor":19,"gold_loss":0},{"damage_healed":0,"gold_gain":0,"player_choice":"Obtained Book","damage_taken":21,"max_hp_gain":0,"max_hp_loss":0,"event_name":"Cursed Tome","floor":29,"gold_loss":0},{"damage_healed":0,"gold_gain":0,"player_choice":"Ignored","damage_taken":0,"max_hp_gain":0,"max_hp_loss":0,"event_name":"Beggar","floor":30,"gold_loss":0},{"damage_healed":0,"gold_gain":0,"player_choice":"Fight","damage_taken":0,"max_hp_gain":0,"max_hp_loss":0,"event_name":"Mysterious Sphere","floor":36,"gold_loss":0},{"damage_healed":0,"gold_gain":0,"player_choice":"Fight","damage_taken":0,"max_hp_gain":0,"max_hp_loss":0,"event_name":"MindBloom","floor":39,"gold_loss":0},{"damage_healed":0,"gold_gain":0,"player_choice":"Paid","damage_taken":0,"relics_obtained":["Red Mask"],"max_hp_gain":0,"max_hp_loss":0,"event_name":"Tomb of Lord Red Mask","floor":44,"gold_loss":88},{"cards_removed":["Flying Knee"],"damage_healed":0,"gold_gain":0,"player_choice":"Purged","damage_taken":0,"max_hp_gain":0,"max_hp_loss":0,"event_name":"Purifier","floor":45,"gold_loss":0}],"is_beta":false,"boss_relics":[{"not_picked":["Runic Dome","Cursed Key"],"picked":"Calling Bell"},{"not_picked":["Velvet Choker","Tiny House"],"picked":"WristBlade"}],"items_purged_floors":[20],"is_endless":false,"potions_floor_spawned":[1,2,5,11,21,28,33,35,39,42,46],"ascension_level":20}}