{"host":"cfluht5kr2kfk9p9","time":1609852971,"event":{"mods":["ATMod(阿瑾Mod)","Arknights The Spire","BaseMod","GungeonMod","Highlight Path","Library of Ruina","Library of Ruina Extra","Minty Spire (QoL Compilation)","Quick Restart","Rare Cards Sparkle","Relic Stats","RumiaBox-露米娅的神秘盒子","Spicy Shops","StSLib","TestMod","The Alterego","【功能Mod】混沌之环修复补丁"],"gold_per_floor":[109,128,140,215,233,260,260,270,270,303,303,337,337,348,348,446,446,463,478,505,516,516,543,543,553,553,567,592,52,77,77,77,174,174,184,199,420,420,469,502,502,513,513,543,44,74,87,87,87,87,87,87,87,19,44,44],"floor_reached":57,"playtime":2119,"items_purged":["ats:Strike S","ats:Strike V","ats:Defend","ats:Strike G"],"score":1871,"play_id":"ab3f9e54-488c-4ec0-a333-4e49770e7594","local_time":"20210105212251","is_ascension_mode":true,"campfire_choices":[{"data":"AT_ShrugMaster","floor":7.0,"key":"SMITH"},{"data":"ats:Directed Diagnosis","floor":15.0,"key":"SMITH"},{"data":"ats:Spore Proliferation","floor":24,"key":"SMITH"},{"floor":32,"key":"DIG"},{"floor":41,"key":"RECALL"},{"floor":49,"key":"DIG"},{"floor":53,"key":"DIG"}],"circlet_count":0,"master_deck":["ats:Strike C","ats:Armor Crushing Shot","ats:Defend","ats:Defend","ats:Defend","ats:Emotion Absorption","AT_ShrugMaster+1","ats:Very Hot Blade","ats:Apocalypse","ats:Explosion Area Strengthen","ats:Leaping Hammer","ats:Shadow Raid","ats:Spore Proliferation+1","ats:Consecutive Shot Auto","ats:Echo Reverb+1","ats:Directed Diagnosis+1","ats:Shadow Assault","ats:Flexible Camouflage","ats:Curse Doll","ats:Demon Strength","ats:Calcification","ats:Hammer On+1","ats:Mental Burst","ats:Shell Defense","ats:Hook Shot","ats:Red Shift"],"relics":["AT_ATBox","testmod-Prudence","ats:Tactical Delivery","ats:Originium","testmod-TurbochargingSystem","testmod-IndustrialRevolution","testmod-Hope","Pen Nib","testmod-EqualTreatment","testmod-Charity","testmod-NegativeEmotionEnhancer","Red Mask","Lantern","FossilizedHelix","AT_SunfireAegis","GodSword3","Shovel","Potion Belt","ats:Omniscience","DemoMod:Orange","DemoMod:OrangeGuonStone","Prayer Wheel","Anchor","testmod-Antiphasic","PageOfMercenary","PageOfScorchedGirl","DemoMod:GlassGuonStoneRelic","DemoMod:GreenGuonStone"],"acts_visited":["Exordium","TheCity","TheBeyond","TheEnding"],"potions_floor_usage":[50,56,56,56,56,56,56,56,56],"damage_taken":[{"damage":4.0,"enemies":"Jaw Worm","floor":1.0,"turns":4.0},{"damage":0.0,"enemies":"2 Louse","floor":2.0,"turns":2.0},{"damage":6.0,"enemies":"Small Slimes","floor":3.0,"turns":5.0},{"damage":7.0,"enemies":"2 Fungi Beasts","floor":5.0,"turns":9.0},{"damage":7.0,"enemies":"3 Sentries","floor":6.0,"turns":6.0},{"damage":32.0,"enemies":"Gremlin Gang","floor":8.0,"turns":3.0},{"damage":20.0,"enemies":"Gremlin Nob","floor":10.0,"turns":4.0},{"damage":6.0,"enemies":"3 Sentries","floor":12.0,"turns":5.0},{"damage":8.0,"enemies":"Blue Slaver","floor":14.0,"turns":3.0},{"damage":12,"enemies":"Slime Boss","floor":16,"turns":8},{"damage":0,"enemies":"Spheric Guardian","floor":18,"turns":3},{"damage":22,"enemies":"2 Thieves","floor":19,"turns":3},{"damage":0,"enemies":"Masked Bandits","floor":20,"turns":1},{"damage":0,"enemies":"3 Cultists","floor":21,"turns":2},{"damage":32,"enemies":"Book of Stabbing","floor":23,"turns":4},{"damage":12,"enemies":"Cultist and Chosen","floor":25,"turns":4},{"damage":17,"enemies":"Centurion and Healer","floor":27,"turns":4},{"damage":7,"enemies":"Gremlin Leader","floor":28,"turns":4},{"damage":0,"enemies":"Book of Stabbing","floor":30,"turns":3},{"damage":0,"enemies":"Champ","floor":33,"turns":7},{"damage":0,"enemies":"3 Shapes","floor":35,"turns":2},{"damage":0,"enemies":"3 Darklings","floor":36,"turns":2},{"damage":0,"enemies":"2 Orb Walkers","floor":39,"turns":2},{"damage":6,"enemies":"Nemesis","floor":40,"turns":4},{"damage":0,"enemies":"Spire Growth","floor":42,"turns":3},{"damage":0,"enemies":"Reptomancer","floor":44,"turns":4},{"damage":0,"enemies":"Nemesis","floor":46,"turns":5},{"damage":0,"enemies":"Jaw Worm Horde","floor":47,"turns":3},{"damage":18,"enemies":"Time Eater","floor":50,"turns":7},{"damage":14,"enemies":"Shield and Spear","floor":55,"turns":3},{"damage":0,"enemies":"The Heart","floor":56,"turns":6}],"seed_played":"7230138793400694385","potions_obtained":[{"floor":2.0,"key":"FearPotion"},{"floor":5.0,"key":"DemoMod:LeadSkinPotion"},{"floor":8.0,"key":"Energy Potion"},{"floor":10.0,"key":"Strength Potion"},{"floor":12.0,"key":"DuplicationPotion"},{"floor":30,"key":"EntropicBrew"},{"floor":33,"key":"Dexterity Potion"},{"floor":40,"key":"Block Potion"}],"is_trial":false,"path_per_floor":["M","M","M","?","M","E","R","M","T","E","?","E","?","M","R","B",null,"M","M","?","M","?","E","R","M","T","M","E","$","E","?","R","B",null,"M","M","?","?","?","E","R","M","T","E","$","E","M","?","R","B",null,null,"R","$","E","B",null],"character_chosen":"DOCTOR_CLASS","items_purchased":["GodSword3","ats:Demon Strength","ats:Hook Shot","Anchor","ats:Red Shift"],"campfire_rested":0,"item_purchase_floors":[29,29,45,45,54],"current_hp_per_floor":[68,68,70,59,68,69,69,41,41,25,13,15,15,12,12,5,74,76,63,68,73,73,48,48,44,44,38,42,42,45,45,45,52,95,97,99,100,100,114,111,111,114,114,120,120,122,124,124,124,108,108,125,125,125,115,127],"gold":44,"neow_bonus":"BOSS_RELIC","is_daily":false,"chose_seed":false,"campfire_upgraded":3,"win_rate":0.0,"timestamp":1609852971,"path_taken":["M","M","M","?","M","E","R","M","T","E","?","E","?","M","R","BOSS","M","M","?","M","?","E","R","?","T","M","E","$","E","?","R","BOSS","M","M","?","?","?","E","R","M","T","E","?","E","M","?","R","BOSS","R","$","E","BOSS"],"items_purchased_type":["Relic","Card","Card","Relic","Card"],"build_version":"2020-12-22","purchased_purges":4,"victory":true,"max_hp_per_floor":[72,72,72,72,72,72,72,72,72,72,72,72,72,73,73,74,74,76,79,81,83,83,85,85,87,87,89,91,91,93,93,93,95,95,97,99,100,100,114,116,116,118,118,120,120,122,124,124,124,125,125,125,125,125,127,128],"relic_stats":{"Shovel":3,"counters":[31,125],"Prayer Wheel":1,"Pen Nib":[18],"obtain_stats":[{"DemoMod:GreenGuonStone":55,"Lantern":23,"AT_ATBox":0,"testmod-EqualTreatment":12,"DemoMod:GlassGuonStoneRelic":2,"testmod-NegativeEmotionEnhancer":17,"testmod-Charity":13,"testmod-Prudence":0,"Shovel":30,"PageOfMercenary":49,"Prayer Wheel":44,"Red Mask":20,"ats:Sanity":0,"ats:Omniscience":34,"Potion Belt":32,"testmod-TestBox":0,"DemoMod:Orange":39,"DemoMod:WeirdEgg":10,"DemoMod:OrangeGuonStone":40,"Pen Nib":11,"testmod-TurbochargingSystem":6,"testmod-IndustrialRevolution":9,"testmod-Antiphasic":46,"Anchor":45,"ats:Originium":6,"testmod-Hope":31,"PageOfScorchedGirl":53,"ats:Tactical Delivery":0,"AT_SunfireAegis":28,"GodSword3":29,"FossilizedHelix":26},{"DemoMod:GreenGuonStone":30,"Lantern":15,"AT_ATBox":0,"testmod-EqualTreatment":8,"DemoMod:GlassGuonStoneRelic":2,"testmod-NegativeEmotionEnhancer":10,"testmod-Charity":8,"testmod-Prudence":0,"Shovel":19,"PageOfMercenary":28,"Prayer Wheel":26,"Red Mask":13,"ats:Sanity":0,"ats:Omniscience":20,"Potion Belt":19,"testmod-TestBox":0,"DemoMod:Orange":23,"DemoMod:WeirdEgg":7,"DemoMod:OrangeGuonStone":24,"Pen Nib":7,"testmod-TurbochargingSystem":5,"testmod-IndustrialRevolution":6,"testmod-Antiphasic":27,"Anchor":26,"ats:Originium":5,"testmod-Hope":19,"PageOfScorchedGirl":29,"ats:Tactical Delivery":0,"AT_SunfireAegis":18,"GodSword3":18,"FossilizedHelix":16},{"DemoMod:GreenGuonStone":119,"Lantern":62,"AT_ATBox":0,"testmod-EqualTreatment":38,"DemoMod:GlassGuonStoneRelic":6,"testmod-NegativeEmotionEnhancer":49,"testmod-Charity":38,"testmod-Prudence":0,"Shovel":77,"PageOfMercenary":109,"Prayer Wheel":101,"Red Mask":56,"ats:Sanity":0,"ats:Omniscience":84,"Potion Belt":77,"testmod-TestBox":0,"DemoMod:Orange":90,"DemoMod:WeirdEgg":33,"DemoMod:OrangeGuonStone":94,"Pen Nib":33,"testmod-TurbochargingSystem":26,"testmod-IndustrialRevolution":29,"testmod-Antiphasic":106,"Anchor":101,"ats:Originium":26,"testmod-Hope":77,"PageOfScorchedGirl":116,"ats:Tactical Delivery":0,"AT_SunfireAegis":74,"GodSword3":74,"FossilizedHelix":66}]},"card_choices":[{"not_picked":["ats:Ignite","ats:Assault Order"],"picked":"ats:Very Hot Blade","floor":1.0},{"not_picked":["ats:Ignite","ats:Explosion Area Strengthen"],"picked":"ats:Apocalypse","floor":2.0},{"not_picked":["ats:Apocalypse","ats:Poison Spread"],"picked":"ats:Explosion Area Strengthen","floor":3.0},{"not_picked":["ats:Composite Medical Shells","ats:Demon Strength"],"picked":"ats:Leaping Hammer","floor":5.0},{"not_picked":["ats:Roar Of Ursus","ats:Very Hot Blade"],"picked":"ats:Shadow Raid","floor":6.0},{"not_picked":["ats:Ignite","ats:Apocalypse"],"picked":"ats:Spore Proliferation","floor":8.0},{"not_picked":["ats:Healing Strengthening","ats:Revitalization"],"picked":"ats:Consecutive Shot Auto","floor":10.0},{"not_picked":["ats:Assault Order","ats:Rapid Magazine"],"picked":"ats:Echo Reverb","floor":12.0},{"not_picked":["ats:Flexible Camouflage","ats:Magnetic Hammer"],"picked":"ats:Directed Diagnosis","floor":14.0},{"not_picked":["ats:Volcano","ats:True Silver Slash"],"picked":"ats:Shadow Assault","floor":16},{"not_picked":["ats:Support Order","ats:Healing Drone+1"],"picked":"ats:Flexible Camouflage","floor":18},{"not_picked":["ats:Poison Spread","ats:Collapsing Strike","ats:Leaping Hammer+1"],"picked":"SKIP","floor":19},{"not_picked":["ats:Consecutive Shot Auto","ats:Powerful Strike","ats:Support Order"],"picked":"SKIP","floor":21},{"not_picked":["ats:Part Time Job","ats:Ignite","ats:Fractured Body"],"picked":"SKIP","floor":23},{"not_picked":["ats:Song Of Battle","ats:Magnetic Hammer","ats:Revitalization"],"picked":"SKIP","floor":25},{"not_picked":["ats:Flame Of Heaven+1","ats:Childhood Dance","ats:Leaping Hammer"],"picked":"SKIP","floor":27},{"not_picked":["ats:Roar Of Ursus","ats:Ambush"],"picked":"ats:Curse Doll","floor":28},{"not_picked":["ats:Sunburst","ats:Childhood Dance"],"picked":"ats:Sword Rain+1","floor":30},{"not_picked":["ats:Volcano","ats:Fractured Body"],"picked":"ats:Calcification","floor":33},{"not_picked":["ats:Leaping Hammer+1","ats:Steam Pump+1","ats:Explosion Area Strengthen"],"picked":"SKIP","floor":35},{"not_picked":["ats:Revitalization+1","ats:Powerful Strike+1"],"picked":"ats:Hammer On+1","floor":36},{"not_picked":["ats:Shadow Raid","ats:Flame Of Heaven"],"picked":"ats:Mental Burst","floor":39},{"not_picked":["ats:Powerful Strike+1","ats:Consecutive Shot Auto+1","ats:Steam Pump+1"],"picked":"SKIP","floor":40},{"not_picked":["ats:Powerful Strike+1","ats:Consecutive Shot Auto+1","ats:Steam Pump+1"],"picked":"SKIP","floor":40},{"not_picked":["ats:Guardian Obelisk+1","ats:Assault Order+1"],"picked":"ats:Shell Defense","floor":42},{"not_picked":["ats:Explosion Area Strengthen+1","ats:Childhood Dance+1","ats:Support Order"],"picked":"SKIP","floor":44},{"not_picked":["ats:Soul Rend","ats:Very Hot Blade+1","ats:Apocalypse+1"],"picked":"SKIP","floor":46},{"not_picked":["ats:Childhood Dance","ats:Hammer On+1","ats:Poison Spread+1"],"picked":"SKIP","floor":47},{"not_picked":["ats:Flame Of Heaven+1","ats:Shell Defense+1","ats:Neurotoxin"],"picked":"SKIP","floor":47},{"not_picked":["ats:Durian","ats:Revitalization","ats:Apocalypse+1"],"picked":"SKIP","floor":55}],"player_experience":58704,"relics_obtained":[{"floor":6.0,"key":"ats:Originium"},{"floor":6.0,"key":"testmod-TurbochargingSystem"},{"floor":9.0,"key":"testmod-IndustrialRevolution"},{"floor":10.0,"key":"DemoMod:WeirdEgg"},{"floor":12.0,"key":"testmod-EqualTreatment"},{"floor":20,"key":"Red Mask"},{"floor":23,"key":"Lantern"},{"floor":26,"key":"FossilizedHelix"},{"floor":28,"key":"AT_SunfireAegis"},{"floor":30,"key":"Shovel"},{"floor":32,"key":"Potion Belt"},{"floor":39,"key":"DemoMod:Orange"},{"floor":40,"key":"DemoMod:OrangeGuonStone"},{"floor":44,"key":"Prayer Wheel"},{"floor":46,"key":"testmod-Antiphasic"},{"floor":49,"key":"PageOfMercenary"},{"floor":53,"key":"PageOfScorchedGirl"},{"floor":55,"key":"DemoMod:GreenGuonStone"}],"event_choices":[{"damage_healed":0.0,"max_hp_gain":0.0,"max_hp_loss":0.0,"gold_gain":75.0,"event_name":"World of Goop","player_choice":"Gather Gold","floor":4.0,"gold_loss":0.0,"damage_taken":11.0},{"damage_healed":0.0,"max_hp_gain":0.0,"max_hp_loss":0.0,"gold_gain":0.0,"event_name":"Scrap Ooze","player_choice":"Success","floor":11.0,"gold_loss":0.0,"damage_taken":12.0,"relics_obtained":["Pen Nib"]},{"damage_healed":0.0,"max_hp_gain":0.0,"max_hp_loss":0.0,"gold_gain":0.0,"event_name":"给自己的盒子","player_choice":"Swap Relic","floor":13.0,"relics_lost":["testmod-TestBox"],"gold_loss":0.0,"damage_taken":0.0,"relics_obtained":["testmod-Charity"]},{"damage_healed":0,"gold_gain":0,"player_choice":"Fought Bandits","damage_taken":0,"max_hp_gain":0,"max_hp_loss":0,"event_name":"Masked Bandits","floor":20,"gold_loss":0},{"damage_healed":0,"gold_gain":0,"player_choice":"Upgraded","damage_taken":0,"max_hp_gain":0,"max_hp_loss":0,"event_name":"Upgrade Shrine","floor":22,"gold_loss":0,"cards_upgraded":["ats:Echo Reverb"]},{"damage_healed":0,"gold_gain":0,"player_choice":"Ignored","damage_taken":0,"max_hp_gain":0,"max_hp_loss":0,"event_name":"Ghosts","floor":31,"gold_loss":0},{"damage_healed":0,"gold_gain":222,"player_choice":"Wore Mask","damage_taken":0,"max_hp_gain":0,"max_hp_loss":0,"event_name":"Tomb of Lord Red Mask","floor":37,"gold_loss":0},{"damage_healed":0,"gold_gain":0,"player_choice":"Memory 1","damage_taken":0,"max_hp_gain":0,"max_hp_loss":0,"event_name":"SensoryStone","floor":38,"gold_loss":0},{"damage_healed":0,"gold_gain":0,"player_choice":"Fight","damage_taken":0,"max_hp_gain":0,"max_hp_loss":0,"event_name":"Mysterious Sphere","floor":39,"gold_loss":0},{"cards_removed":["ats:Sword Rain"],"damage_healed":0,"gold_gain":0,"player_choice":"Removed Attack","damage_taken":0,"max_hp_gain":0,"max_hp_loss":0,"event_name":"Falling","floor":48,"gold_loss":0}],"is_beta":false,"boss_relics":[{"not_picked":["Tiny House","Ectoplasm"],"picked":"testmod-NegativeEmotionEnhancer"},{"not_picked":["testmod-IncinerationGenerator","Fusion Hammer"],"picked":"ats:Omniscience"}],"items_purged_floors":[29,29,45,45],"is_endless":false,"potions_floor_spawned":[2,5,8,10,12,18,25,28,30,33,40,44,47],"ascension_level":3}}