{"host":"watonwak","time":1609813203,"event":{"mods":["AchievementEnabler","BaseMod","Bestiary","Colored Map","Minty Spire (QoL Compilation)","Relic Stats","StSLib"],"gold_per_floor":[119,131,147,165,165,209,240,240,322,362,378,378,448,33,33,163,163,176,176,195,213,35,35,61,61,131,159,171,108,147,179,191,308,320,342,354,380,392,415,471,236,268,316,325,334,377,396,430,430,430],"floor_reached":51,"playtime":3583,"items_purged":["Strike_B","Strike_B"],"score":977,"play_id":"67e397a4-5785-4638-bb36-3e40069430ec","local_time":"20210105022003","is_ascension_mode":true,"campfire_choices":[{"floor":8,"key":"REST"},{"data":"Fission","floor":12,"key":"SMITH"},{"floor":15,"key":"REST"},{"floor":23,"key":"REST"},{"floor":25,"key":"REST"},{"floor":32,"key":"REST"},{"floor":45,"key":"REST"},{"floor":49,"key":"REST"}],"circlet_count":0,"master_deck":["Defend_B+1","Defend_B","Defend_B","Defend_B","Zap","Dualcast","Rip and Tear","Rebound","Gash","Electrodynamics","Coolheaded+1","Fission+1","Hologram","Seek","Tempest","Creative AI","Force Field+1","Coolheaded","Loop","Defragment","Capacitor","Defragment+1","Leap","Storm","Consume","Chaos","Reinforced Body","Echo Form","Genetic Algorithm+1","Hologram+1","Glacier+1","Force Field","Parasite","Glacier+1","Turbo","Capacitor+1","Doom and Gloom","Hologram+1"],"relics":["Black Star","Bloody Idol","Pen Nib","WingedGreaves","Dream Catcher","Turnip","Matryoshka","War Paint","Anchor","StrikeDummy","The Courier","Ginger","Fusion Hammer","PreservedInsect","Vajra","White Beast Statue","Pear","MawBank","Meat on the Bone","Emotion Chip","Calipers","Busted Crown","CeramicFish","Lantern","Lee\u0027s Waffle","Nunchaku","Gremlin Horn","Ornamental Fan","Pantograph","Bottled Flame"],"acts_visited":["Exordium","TheCity","TheBeyond"],"potions_floor_usage":[6,10,18,24,24,33,35,37,40,40,46,50],"damage_taken":[{"damage":0,"enemies":"Small Slimes","floor":1,"turns":4},{"damage":9,"enemies":"Jaw Worm","floor":2,"turns":4},{"damage":9,"enemies":"2 Louse","floor":3,"turns":2},{"damage":0,"enemies":"2 Fungi Beasts","floor":4,"turns":3},{"damage":19,"enemies":"Gremlin Nob","floor":6,"turns":5},{"damage":30,"enemies":"3 Sentries","floor":7,"turns":6},{"damage":12,"enemies":"Lagavulin","floor":10,"turns":6},{"damage":0,"enemies":"Looter","floor":11,"turns":2},{"damage":3,"enemies":"Slime Boss","floor":16,"turns":7},{"damage":0,"enemies":"Chosen","floor":18,"turns":4},{"damage":5,"enemies":"Spheric Guardian","floor":20,"turns":4},{"damage":67,"enemies":"3 Cultists","floor":21,"turns":5},{"damage":18,"enemies":"Gremlin Leader","floor":24,"turns":4},{"damage":27,"enemies":"Book of Stabbing","floor":27,"turns":6},{"damage":22,"enemies":"Slavers","floor":30,"turns":3},{"damage":19,"enemies":"Snake Plant","floor":31,"turns":4},{"damage":26,"enemies":"Champ","floor":33,"turns":8},{"damage":18,"enemies":"3 Darklings","floor":35,"turns":5},{"damage":10,"enemies":"Orb Walker","floor":37,"turns":3},{"damage":6,"enemies":"Spire Growth","floor":39,"turns":7},{"damage":46,"enemies":"Reptomancer","floor":40,"turns":7},{"damage":16,"enemies":"Writhing Mass","floor":42,"turns":5},{"damage":3,"enemies":"Nemesis","floor":46,"turns":9},{"damage":11,"enemies":"Sphere and 2 Shapes","floor":47,"turns":4},{"damage":0,"enemies":"Giant Head","floor":48,"turns":6},{"damage":43,"enemies":"Awakened One","floor":50,"turns":10}],"seed_played":"-207868390410747781","potions_obtained":[{"floor":3,"key":"Block Potion"},{"floor":6,"key":"Explosive Potion"},{"floor":7,"key":"Swift Potion"},{"floor":21,"key":"Weak Potion"},{"floor":24,"key":"PowerPotion"},{"floor":30,"key":"Swift Potion"},{"floor":31,"key":"Explosive Potion"},{"floor":33,"key":"Fruit Juice"},{"floor":35,"key":"Weak Potion"},{"floor":37,"key":"Energy Potion"},{"floor":39,"key":"Fruit Juice"},{"floor":40,"key":"Energy Potion"},{"floor":42,"key":"SmokeBomb"},{"floor":46,"key":"DistilledChaos"}],"is_trial":false,"path_per_floor":["M","M","M","M","?","E","E","R","T","E","M","R","T","$","R","B",null,"M","?","M","M","$","R","E","R","T","E","?","?","E","M","R","B",null,"M","?","M","?","M","E","$","M","T","?","R","E","M","E","R","B",null],"character_chosen":"DEFECT","items_purchased":["Regen Potion","Ginger","Seek","Defragment","Capacitor","Lee\u0027s Waffle","Force Field"],"campfire_rested":7,"item_purchase_floors":[14,14,14,22,22,41,41],"current_hp_per_floor":[75,66,57,57,57,38,8,28,28,16,16,16,16,16,36,33,69,69,69,69,7,7,27,26,46,61,39,44,49,49,52,79,58,79,66,61,66,71,75,56,91,90,91,91,91,96,95,96,96,53],"gold":430,"neow_bonus":"BOSS_RELIC","is_daily":false,"chose_seed":false,"campfire_upgraded":1,"win_rate":0.0,"timestamp":1609813203,"path_taken":["M","M","M","M","?","E","E","R","T","E","M","R","?","$","R","BOSS","M","?","M","M","$","R","E","R","T","E","?","?","E","M","R","BOSS","M","?","M","?","?","E","$","M","T","?","R","E","M","E","R","BOSS"],"items_purchased_type":["Potion","Relic","Card","Card","Card","Relic","Card"],"build_version":"2020-12-18","purchased_purges":2,"victory":true,"max_hp_per_floor":[75,75,75,75,69,69,69,69,69,69,69,69,69,69,69,69,69,69,69,69,69,69,69,69,69,79,79,79,79,79,79,79,79,79,79,79,84,84,84,84,91,91,91,91,91,96,96,96,96,96],"relic_stats":{"Lee\u0027s Waffle":30,"Gremlin Horn":[5,5],"counters":[26,133],"CeramicFish":72,"Pen Nib":[12],"PreservedInsect":323,"Ginger":[14],"War Paint":["Defend_B","Coolheaded"],"MawBank":168,"Dream Catcher":7,"Emotion Chip":[33,18,12,1,2],"Nunchaku":[2],"Busted Crown":26,"Ornamental Fan":[12],"Bloody Idol":155,"Pantograph":0,"Turnip":[18],"Black Star":9,"obtain_stats":[{"Lantern":40,"Calipers":30,"Gremlin Horn":46,"CeramicFish":40,"Vajra":24,"Ginger":14,"Dream Catcher":7,"Emotion Chip":30,"Nunchaku":43,"Matryoshka":9,"Pantograph":48,"WingedGreaves":6,"Fusion Hammer":17,"Cracked Core":0,"Lee\u0027s Waffle":41,"Pear":26,"Golden Idol":5,"Pen Nib":6,"The Courier":13,"PreservedInsect":24,"War Paint":10,"MawBank":27,"White Beast Statue":26,"Anchor":10,"Bottled Flame":48,"Busted Crown":34,"Ornamental Fan":46,"Bloody Idol":19,"Turnip":7,"Black Star":0,"StrikeDummy":13,"Meat on the Bone":27},{"Lantern":21,"Calipers":15,"Gremlin Horn":23,"CeramicFish":21,"Vajra":13,"Ginger":8,"Dream Catcher":6,"Emotion Chip":15,"Nunchaku":22,"Matryoshka":6,"Pantograph":25,"WingedGreaves":5,"Fusion Hammer":9,"Cracked Core":0,"Lee\u0027s Waffle":21,"Pear":13,"Golden Idol":4,"Pen Nib":5,"The Courier":8,"PreservedInsect":13,"War Paint":7,"MawBank":14,"White Beast Statue":13,"Anchor":7,"Bottled Flame":25,"Busted Crown":17,"Ornamental Fan":23,"Bloody Idol":10,"Turnip":6,"Black Star":0,"StrikeDummy":8,"Meat on the Bone":14},{"Lantern":99,"Calipers":65,"Gremlin Horn":113,"CeramicFish":99,"Vajra":56,"Ginger":32,"Dream Catcher":24,"Emotion Chip":65,"Nunchaku":104,"Matryoshka":24,"Pantograph":123,"WingedGreaves":18,"Fusion Hammer":39,"Cracked Core":0,"Lee\u0027s Waffle":99,"Pear":56,"Golden Idol":13,"Pen Nib":18,"The Courier":32,"PreservedInsect":56,"War Paint":30,"MawBank":62,"White Beast Statue":56,"Anchor":30,"Bottled Flame":123,"Busted Crown":77,"Ornamental Fan":113,"Bloody Idol":43,"Turnip":24,"Black Star":0,"StrikeDummy":32,"Meat on the Bone":62}],"Meat on the Bone":36},"card_choices":[{"not_picked":["Coolheaded","Reprogram"],"picked":"Rip and Tear","floor":1},{"not_picked":["Leap","Redo"],"picked":"Rebound","floor":2},{"not_picked":["Compile Driver","Sweeping Beam"],"picked":"Gash","floor":3},{"not_picked":["Turbo","Auto Shields","Reprogram"],"picked":"SKIP","floor":4},{"not_picked":["Rebound","Hologram"],"picked":"Electrodynamics","floor":6},{"not_picked":["Melter","Darkness"],"picked":"Coolheaded","floor":7},{"not_picked":["Sweeping Beam","Skim"],"picked":"Gash","floor":8},{"not_picked":["Conserve Battery","Go for the Eyes"],"picked":"Fission","floor":10},{"not_picked":["Heatsinks","Ball Lightning"],"picked":"Hologram","floor":11},{"not_picked":["Beam Cell","Steam"],"picked":"Tempest","floor":15},{"not_picked":["Reboot","Multi-Cast"],"picked":"Creative AI","floor":16},{"not_picked":["Fusion+1","Streamline"],"picked":"Force Field+1","floor":18},{"not_picked":["Steam+1","Sweeping Beam"],"picked":"Coolheaded","floor":20},{"not_picked":["Compile Driver+1","Chaos"],"picked":"Loop","floor":21},{"not_picked":["Sweeping Beam+1","Blizzard"],"picked":"Defragment+1","floor":23},{"not_picked":["Barrage","Ball Lightning+1"],"picked":"Leap","floor":24},{"not_picked":["Redo","Heatsinks"],"picked":"Storm","floor":25},{"not_picked":["Electrodynamics","Self Repair"],"picked":"Consume","floor":27},{"not_picked":["Static Discharge","Double Energy"],"picked":"Chaos","floor":30},{"not_picked":["Beam Cell","Go for the Eyes","Rebound"],"picked":"SKIP","floor":31},{"not_picked":["Barrage","Cold Snap"],"picked":"Reinforced Body","floor":32},{"not_picked":["Machine Learning","Hyperbeam"],"picked":"Echo Form","floor":33},{"not_picked":[],"picked":"Genetic Algorithm+1","floor":35},{"not_picked":["Cold Snap"],"picked":"SKIP","floor":37},{"not_picked":[],"picked":"Hologram+1","floor":39},{"not_picked":[],"picked":"Glacier+1","floor":40},{"not_picked":[],"picked":"Glacier+1","floor":42},{"not_picked":[],"picked":"Capacitor+1","floor":45},{"not_picked":[],"picked":"Doom and Gloom","floor":46},{"not_picked":[],"picked":"Hologram+1","floor":47},{"not_picked":["Conserve Battery"],"picked":"SKIP","floor":48}],"player_experience":1209226,"relics_obtained":[{"floor":6,"key":"Pen Nib"},{"floor":6,"key":"WingedGreaves"},{"floor":7,"key":"Dream Catcher"},{"floor":7,"key":"Turnip"},{"floor":9,"key":"Matryoshka"},{"floor":10,"key":"War Paint"},{"floor":10,"key":"Anchor"},{"floor":13,"key":"StrikeDummy"},{"floor":13,"key":"The Courier"},{"floor":24,"key":"PreservedInsect"},{"floor":24,"key":"Vajra"},{"floor":26,"key":"White Beast Statue"},{"floor":26,"key":"Pear"},{"floor":27,"key":"MawBank"},{"floor":27,"key":"Meat on the Bone"},{"floor":30,"key":"Emotion Chip"},{"floor":30,"key":"Calipers"},{"floor":40,"key":"CeramicFish"},{"floor":40,"key":"Lantern"},{"floor":43,"key":"Nunchaku"},{"floor":46,"key":"Gremlin Horn"},{"floor":46,"key":"Ornamental Fan"},{"floor":48,"key":"Pantograph"},{"floor":48,"key":"Bottled Flame"}],"event_choices":[{"damage_healed":0,"gold_gain":0,"player_choice":"Lose Max HP","damage_taken":0,"relics_obtained":["Golden Idol"],"max_hp_gain":0,"max_hp_loss":6,"event_name":"Golden Idol","floor":5,"gold_loss":0},{"damage_healed":0,"gold_gain":0,"player_choice":"Gave Idol","damage_taken":0,"relics_obtained":["Bloody Idol"],"max_hp_gain":0,"max_hp_loss":0,"event_name":"Forgotten Altar","floor":19,"relics_lost":["Golden Idol"],"gold_loss":0},{"damage_healed":0,"gold_gain":0,"player_choice":"Ignored","damage_taken":0,"max_hp_gain":0,"max_hp_loss":0,"event_name":"The Mausoleum","floor":28,"gold_loss":0},{"cards_removed":["Strike_B"],"damage_healed":0,"gold_gain":0,"player_choice":"Gave Gold","damage_taken":0,"max_hp_gain":0,"max_hp_loss":0,"event_name":"Beggar","floor":29,"gold_loss":75},{"damage_healed":0,"gold_gain":0,"player_choice":"Memory 3","damage_taken":10,"max_hp_gain":0,"max_hp_loss":0,"event_name":"SensoryStone","floor":36,"gold_loss":0},{"cards_removed":["Gash"],"damage_healed":0,"gold_gain":0,"player_choice":"Removed Attack","damage_taken":0,"max_hp_gain":0,"max_hp_loss":0,"event_name":"Falling","floor":38,"gold_loss":0},{"damage_healed":0,"gold_gain":0,"cards_transformed":["Strike_B"],"player_choice":"Transformed","damage_taken":0,"max_hp_gain":0,"max_hp_loss":0,"event_name":"Transmorgrifier","floor":44,"gold_loss":0,"cards_obtained":["Turbo"]}],"is_beta":true,"boss_relics":[{"not_picked":["Sozu","Philosopher\u0027s Stone"],"picked":"Fusion Hammer"},{"not_picked":["Velvet Choker","SacredBark"],"picked":"Busted Crown"}],"items_purged_floors":[22,41],"is_endless":false,"potions_floor_spawned":[3,6,7,21,24,30,31,33,35,37,39,40,42,46,47,48],"ascension_level":1}}