{"host":"nquo8ojcfeju04s6","time":1609887555,"event":{"mods":["Act Like it!","BaseMod","Better Third Choice","Downfall","Minty Spire (QoL Compilation)","Pale of the Ancients","Shade Mod","StSLib"],"gold_per_floor":[20,37,37,37,56,56,87,101,179,179,179,194,206,226,226,321,371,388,388,388,388,2,2,2],"floor_reached":23,"playtime":1304,"items_purged":[],"score":191,"play_id":"f7b69cff-48aa-48e4-8c94-1f1911fe9888","local_time":"20210105235915","is_ascension_mode":false,"campfire_choices":[{"data":"Shade:AnimateDead","floor":6,"key":"SMITH"},{"data":"Shade:OpenGraves","floor":11,"key":"SMITH"},{"floor":15,"key":"REST"}],"circlet_count":0,"master_deck":["Shade:Strike_Shade","Shade:Strike_Shade","Shade:Strike_Shade","Shade:Strike_Shade","Shade:Defend_Shade","Shade:Defend_Shade+1","Shade:Defend_Shade","Shade:Defend_Shade","Shade:AnimateDead+1","Shade:CarefulCut","Shade:FingerOfDeath","Shade:Bonestorm","Shade:SkeletonArmy","Shade:Trample","Burn","Shade:BoneShards","Shade:GreyBargain","Shade:Coordination","Shade:Bonestorm","Shade:OpenGraves+1","Shade:WallOfFlesh","Shade:PoundOfFlesh","Shade:AblativeArmor","Shade:ClawBack","Shade:FreshBones","Shade:CoffinDance","Shade:MadHubris","Shade:FreshBones","Shade:SanguineRitual+1","Shade:FingerOfDeath","Shade:CommandSoldier","Shade:GraveStillness","Shade:AuraOfUnlife"],"relics":["Shade:YorickSkull","Prayer Wheel","FossilizedHelix","Pantograph","StrikeDummy","Tiny House","betterThird:NestCultRelic","Bottled Flame","Question Card"],"acts_visited":["Exordium","TheCity"],"potions_floor_usage":[7,13,16,16,23],"damage_taken":[{"damage":1,"enemies":"Jaw Worm","floor":1,"turns":4},{"damage":0,"enemies":"2 Louse","floor":2,"turns":2},{"damage":2,"enemies":"Cultist","floor":5,"turns":3},{"damage":5,"enemies":"3 Sentries","floor":7,"turns":7},{"damage":2,"enemies":"Exordium Thugs","floor":8,"turns":4},{"damage":2,"enemies":"Blue Slaver","floor":12,"turns":5},{"damage":0,"enemies":"Large Slime","floor":13,"turns":4},{"damage":0,"enemies":"Exordium Thugs","floor":14,"turns":4},{"damage":24,"enemies":"The Guardian","floor":16,"turns":8},{"damage":55,"enemies":"Chosen","floor":18,"turns":3},{"damage":52,"enemies":"Gremlin Leader","floor":23,"turns":6}],"seed_played":"-6571892783523446148","potions_obtained":[{"floor":2,"key":"DistilledChaos"},{"floor":8,"key":"Weak Potion"},{"floor":13,"key":"LiquidBronze"},{"floor":14,"key":"PowerPotion"},{"floor":17,"key":"EssenceOfSteel"}],"is_trial":false,"path_per_floor":["M","M","?","?","M","R","E","M","T","T","R","M","M","M","R","B",null,"M","?","?","T","$","E"],"character_chosen":"SHADE","items_purchased":["Question Card","Shade:CommandSoldier","Shade:GraveStillness","Shade:AuraOfUnlife"],"campfire_rested":1,"item_purchase_floors":[22,22,22,22],"current_hp_per_floor":[64,64,64,69,67,67,62,60,60,60,60,58,58,58,70,46,75,20,20,45,45,45,0,0],"gold":2,"neow_bonus":"ONE_RARE_RELIC","is_daily":false,"chose_seed":false,"campfire_upgraded":2,"win_rate":0.0,"timestamp":1609887555,"path_taken":["M","M","?","?","M","R","E","M","T","?","R","M","M","?","R","BOSS","M","?","?","?","$","E"],"items_purchased_type":["Relic","Card","Card","Card"],"build_version":"2020-12-22","purchased_purges":0,"victory":false,"max_hp_per_floor":[65,65,65,70,70,70,70,70,70,70,70,70,70,70,70,70,75,75,75,75,75,75,75,75],"card_choices":[{"not_picked":["Shade:Bonestorm","Shade:WallOfFlesh"],"picked":"Shade:FingerOfDeath","floor":1},{"not_picked":["Shade:SoulToxin","Shade:FleshToFlesh"],"picked":"Shade:Bonestorm","floor":1},{"not_picked":["Shade:GreyBargain","Shade:FleshLikeOak"],"picked":"Shade:SkeletonArmy","floor":2},{"not_picked":["Shade:WallOfFlesh","Shade:Trample","Shade:AncientSpear"],"picked":"SKIP","floor":2},{"not_picked":["Shade:WallOfFlesh","Shade:AncientSpear"],"picked":"Shade:Trample","floor":2},{"not_picked":["Shade:Asphyxiate","Shade:FingerOfDeath"],"picked":"Shade:BoneShards","floor":5},{"not_picked":["Shade:Doomsay","Shade:FuneraryArmor"],"picked":"Shade:GreyBargain","floor":5},{"not_picked":["Shade:Haruspicy","Shade:FuneraryArmor"],"picked":"Shade:Coordination","floor":7},{"not_picked":["Shade:Brains","Shade:Trample"],"picked":"Shade:Bonestorm","floor":8},{"not_picked":["Shade:Doomsay","Shade:Awaken"],"picked":"Shade:OpenGraves","floor":8},{"not_picked":["Shade:SkeletonHug","Shade:GreyBargain"],"picked":"Shade:WallOfFlesh","floor":12},{"not_picked":["Shade:FleshOffering","Shade:FingerOfDeath"],"picked":"Shade:PoundOfFlesh","floor":12},{"not_picked":["Shade:Bite_Shade","Shade:GreyBargain"],"picked":"Shade:AblativeArmor","floor":13},{"not_picked":["Shade:LastGasp","Shade:Haruspicy"],"picked":"Shade:ClawBack","floor":13},{"not_picked":["Shade:ClawBack","Shade:Doomsay"],"picked":"Shade:FreshBones","floor":14},{"not_picked":["Shade:WallOfFlesh","Shade:FeralStrike"],"picked":"Shade:CoffinDance","floor":14},{"not_picked":["Shade:UnbarTheGrave","Shade:OfferingToTheBeyond"],"picked":"Shade:MadHubris","floor":16},{"not_picked":["Shade:SensePrey","Shade:WallOfFlesh"],"picked":"Shade:FreshBones","floor":17},{"not_picked":["Shade:GreyBargain","Shade:CallOfTheGrave"],"picked":"Shade:SanguineRitual+1","floor":18},{"not_picked":["Shade:PoundOfFlesh","Shade:Excise"],"picked":"Shade:FingerOfDeath","floor":18}],"player_experience":354220,"relics_obtained":[{"floor":7,"key":"FossilizedHelix"},{"floor":9,"key":"Pantograph"},{"floor":10,"key":"StrikeDummy"},{"floor":21,"key":"Bottled Flame"}],"event_choices":[{"damage_healed":64,"gold_gain":0,"player_choice":"Embrace Burn","damage_taken":0,"max_hp_gain":0,"max_hp_loss":65,"event_name":"betterThird:BetterShining","floor":3,"gold_loss":0},{"damage_healed":0,"gold_gain":0,"player_choice":"Donut","damage_taken":0,"max_hp_gain":5,"max_hp_loss":0,"event_name":"Big Fish","floor":4,"gold_loss":0},{"damage_healed":0,"gold_gain":0,"player_choice":"Madness","damage_taken":0,"relics_obtained":["betterThird:NestCultRelic"],"max_hp_gain":0,"max_hp_loss":0,"event_name":"betterThird:BetterNest","floor":19,"gold_loss":0},{"damage_healed":25,"gold_gain":0,"player_choice":"Heal","damage_taken":0,"max_hp_gain":0,"max_hp_loss":0,"event_name":"The Library","floor":20,"gold_loss":0}],"is_beta":false,"boss_relics":[{"not_picked":["Snecko Eye","Runic Dome"],"picked":"Tiny House"}],"items_purged_floors":[],"is_endless":false,"potions_floor_spawned":[2,8,13,14],"killed_by":"Gremlin Leader","ascension_level":0}}