{"host":"ikjt6v4q6zrcj3if","time":1609837444,"event":{"mods":["BaseMod","CapriCore","Colored Map","Downfall","Luminous","Minty Spire (QoL Compilation)","Permanent Neow","Quick Restart","Replay The Spire","Robot Space Explorer","Somnambulant","Spicy Shops","StSLib","SuperFastMode","The Exalted","The Marked","The Runesmith","TheSwordswoman","WarShipGirlsR/??è≠èóR mod"],"gold_per_floor":[109,122,122,8,24,24,57,57,57,92,92,110,137,137,137,137,137],"floor_reached":16,"playtime":1012,"items_purged":[],"score":145,"play_id":"ce180ab0-5587-4b83-80db-6f68100489bd","local_time":"20210105180404","is_ascension_mode":false,"campfire_choices":[{"data":"Runesmith:Grindstone","floor":6,"key":"SMITH"},{"data":"Runesmith:ChaoticBlast","floor":8,"key":"SMITH"},{"data":"Runesmith:CraftMagma","floor":11,"key":"SMITH"},{"data":"Runesmith:Firestorm","floor":15,"key":"SMITH"}],"circlet_count":0,"master_deck":["Runesmith:Strike_RS","Runesmith:Strike_RS","Runesmith:Strike_RS","Runesmith:Strike_RS","Runesmith:Defend_RS","Runesmith:Defend_RS","Runesmith:Defend_RS","Runesmith:CraftFirestone","Runesmith:Fortify","Runesmith:CraftMagma","Runesmith:CraftMagma+1","Runesmith:ChaoticBlast+1","Runesmith:Firestorm+1","Runesmith:Grindstone+1","Runesmith:RunicBlueprint"],"relics":["Runesmith:BrokenRuby","Vajra","Runesmith:EmergencyProvisions","Toxic Egg 2","Juzu Bracelet"],"acts_visited":["Exordium"],"potions_floor_usage":[16,16],"damage_taken":[{"damage":1.0,"enemies":"Cultist","floor":1.0,"turns":4.0},{"damage":6.0,"enemies":"Jaw Worm","floor":2.0,"turns":3.0},{"damage":0.0,"enemies":"2 Louse","floor":3.0,"turns":3.0},{"damage":13,"enemies":"Lots of Slimes","floor":5,"turns":3},{"damage":17,"enemies":"3 Sentries","floor":7,"turns":5},{"damage":4,"enemies":"Replay:BlueRogue","floor":10,"turns":6},{"damage":12,"enemies":"Exordium Wildlife","floor":12,"turns":3},{"damage":0,"enemies":"Lagavulin","floor":13,"turns":7},{"damage":21,"enemies":"The Guardian","floor":16,"turns":7}],"seed_played":"-8027553101748852002","potions_obtained":[{"floor":1.0,"key":"Regen Potion"},{"floor":7,"key":"Block Potion"},{"floor":12,"key":"EssenceOfSteel"}],"is_trial":false,"path_per_floor":["M","M","M","$","M","R","E","R","T","E","R","M","E","?","R","B"],"character_chosen":"RUNESMITH_CLASS","items_purchased":["Runesmith:Firestorm"],"campfire_rested":0,"item_purchase_floors":[4],"current_hp_per_floor":[69,63,63,63,50,50,33,33,33,29,29,17,17,22,22,1,1],"gold":137,"neow_bonus":"TRANSFORM_CARD","is_daily":false,"chose_seed":false,"campfire_upgraded":4,"win_rate":0.0,"timestamp":1609837444,"path_taken":["M","?","M","$","?","R","E","R","T","E","R","?","E","?","R","BOSS"],"items_purchased_type":["Card"],"build_version":"2020-12-22","purchased_purges":0,"victory":false,"max_hp_per_floor":[70,70,70,70,70,70,70,70,70,70,70,70,70,75,75,75,75],"card_choices":[{"not_picked":["Runesmith:Superposition","Runesmith:Malloc"],"picked":"Runesmith:CraftMagma","floor":1.0},{"not_picked":["Runesmith:MakeshiftArmor","Runesmith:RuneHurl","Runesmith:CraftVitae"],"picked":"SKIP","floor":2.0},{"not_picked":["Runesmith:UnstableHammer","Runesmith:EnergizedChisel"],"picked":"Runesmith:ChaoticBlast","floor":3},{"not_picked":["Runesmith:FissionHammer","Runesmith:Empowerment"],"picked":"Runesmith:Grindstone","floor":5},{"not_picked":["Runesmith:WhiteBalance","Runesmith:HeatExchange"],"picked":"Runesmith:RunicBlueprint","floor":7},{"not_picked":["Runesmith:CraftProtectio+1","Runesmith:Firewall+1","Runesmith:ShiftingStrike"],"picked":"SKIP","floor":10},{"not_picked":["Runesmith:Repurpose+1","Runesmith:Permafrost","Runesmith:CraftIncendium+1"],"picked":"SKIP","floor":12},{"not_picked":["Runesmith:Empowerment+1","Runesmith:WhiteBalance","Runesmith:NegativeSpace+1"],"picked":"SKIP","floor":13}],"player_experience":341229,"relics_obtained":[{"floor":7,"key":"Vajra"},{"floor":9,"key":"Runesmith:EmergencyProvisions"},{"floor":10,"key":"Toxic Egg 2"},{"floor":13,"key":"Juzu Bracelet"}],"event_choices":[{"damage_healed":0,"gold_gain":0,"player_choice":"Donut","damage_taken":0,"max_hp_gain":5,"max_hp_loss":0,"event_name":"Big Fish","floor":14,"gold_loss":0}],"is_beta":false,"boss_relics":[],"items_purged_floors":[],"is_endless":false,"potions_floor_spawned":[1,7,12],"killed_by":"The Guardian","ascension_level":0}}