{"host":"l97fnvmr74b5xfzs","time":1609805734,"event":{"mods":["AchievementEnabler","Act Like it!","BaseMod","Better Third Choice","Gensokyo","Hermit","Koishi","Marisa（霧雨　魔理沙）","Minty Spire (QoL Compilation)","StSLib","The Marked","The Servant 0.9.4"],"gold_per_floor":[111,123,123,123,176,176,208,208,208,225,20,54,79,106,106,205,205,224,243,262,123,135,135,170,170,170,69,69,69,280,280,280],"floor_reached":31,"playtime":2025,"items_purged":[],"score":356,"play_id":"7a4a5bb4-bd57-4dce-b8a1-1342236a28f7","local_time":"20210104191534","is_ascension_mode":false,"campfire_choices":[{"data":"hermit:GhostlyPresence","floor":6,"key":"SMITH"},{"data":"hermit:ShadowCloak","floor":8,"key":"SMITH"},{"floor":15,"key":"REST"},{"floor":23,"key":"REST"},{"floor":25,"key":"REST"}],"circlet_count":0,"master_deck":["hermit:Strike_Hermit","hermit:Strike_Hermit","hermit:Strike_Hermit","hermit:Strike_Hermit","hermit:Defend_Hermit","hermit:Defend_Hermit","hermit:Snapshot","hermit:Covet","hermit:Feint","hermit:GhostlyPresence+1","Pain","Clumsy","hermit:ShadowCloak+1","hermit:Deadeye","hermit:Manifest","hermit:Combo+1","hermit:BlackWind","hermit:BigShot+1","Gensokyo:BlemishedSteel","hermit:HeroicBravado","hermit:Headshot+1","hermit:BigShot+1","hermit:Headshot","hermit:Gestalt+1","hermit:TrackingShot+1"],"relics":["hermit:Momento","NeowsBlessing","Gensokyo:LunaticRedEyes","Gensokyo:NagashiBinaDoll","Darkstone Periapt","Frozen Egg 2","Oddly Smooth Stone","Singing Bowl","Orichalcum","InkBottle","hermit:DentedPlate","Strawberry","Shuriken","Gensokyo:ChorusOfJoy"],"acts_visited":["Exordium","Gensokyo:Gensokyo"],"potions_floor_usage":[12,12,14,20,24,30],"damage_taken":[{"damage":0,"enemies":"Gensokyo:2_Kodama","floor":1,"turns":1},{"damage":0,"enemies":"Gensokyo:Gryphon","floor":2,"turns":1},{"damage":0,"enemies":"Gensokyo:Cirno","floor":7,"turns":2},{"damage":0,"enemies":"Gensokyo:Python","floor":10,"turns":4},{"damage":7,"enemies":"Gensokyo:Aya","floor":12,"turns":7},{"damage":22,"enemies":"Gensokyo:Mamizou","floor":13,"turns":11},{"damage":29,"enemies":"Gensokyo:Aya","floor":14,"turns":11},{"damage":19,"enemies":"Gensokyo:Yukari","floor":16,"turns":5},{"damage":24,"enemies":"Gensokyo:CosmicMonolith","floor":18,"turns":9},{"damage":1,"enemies":"Gensokyo:Chomper","floor":19,"turns":3},{"damage":9,"enemies":"Gensokyo:Slime_Group","floor":20,"turns":4},{"damage":0,"enemies":"Gensokyo:Swordslinger","floor":22,"turns":2},{"damage":26,"enemies":"Gensokyo:Tenshi","floor":24,"turns":4},{"damage":42,"enemies":"Gensokyo:Mirror_and_Dog","floor":30,"turns":10},{"damage":0,"enemies":"Gensokyo:Slime_Group","floor":31,"turns":1}],"seed_played":"-8117516405383546925","potions_obtained":[{"floor":2,"key":"Strength Potion"},{"floor":13,"key":"Weak Potion"},{"floor":18,"key":"Energy Potion"},{"floor":20,"key":"Weak Potion"},{"floor":22,"key":"Weak Potion"}],"is_trial":false,"path_per_floor":["M","M","?","?","T","R","E","R","T","M","$","E","?","E","R","B",null,"M","M","M","COS","M","R","E","R","T","$","?","?","M","M"],"character_chosen":"HERMIT","items_purchased":["Oddly Smooth Stone","AttackPotion","hermit:BigShot+1","hermit:Headshot"],"campfire_rested":3,"item_purchase_floors":[11,11,27,27],"current_hp_per_floor":[75,75,75,75,75,75,75,75,75,75,75,70,48,24,47,28,60,38,37,35,35,35,68,54,90,90,90,90,90,48,48,48],"gold":280,"neow_bonus":"THREE_ENEMY_KILL","is_daily":false,"chose_seed":false,"campfire_upgraded":2,"win_rate":0.0,"timestamp":1609805734,"path_taken":["M","M","?","?","?","R","E","R","T","M","$","E","?","E","R","BOSS","M","M","M","COS","M","R","E","R","T","$","?","?","?","M"],"items_purchased_type":["Relic","Potion","Card","Card"],"build_version":"2020-12-22","purchased_purges":0,"victory":false,"max_hp_per_floor":[75,75,75,75,75,75,75,75,75,75,75,77,77,77,77,77,109,111,111,113,113,113,113,120,120,120,120,120,120,120,120,120],"card_choices":[{"not_picked":["hermit:HighCaliber","hermit:Roulette"],"picked":"hermit:Feint","floor":1},{"not_picked":["hermit:Snipe","hermit:HighCaliber"],"picked":"hermit:GhostlyPresence","floor":2},{"not_picked":["hermit:Desperado","hermit:Manifest"],"picked":"hermit:ShadowCloak","floor":7},{"not_picked":["hermit:LowProfile","hermit:Snipe"],"picked":"hermit:Deadeye","floor":10},{"not_picked":["hermit:WideOpen","hermit:Quickdraw","hermit:BodyArmor"],"picked":"Singing Bowl","floor":12},{"not_picked":["hermit:FromBeyond","hermit:ItchyTrigger"],"picked":"hermit:Manifest","floor":13},{"not_picked":["hermit:HoleUp","hermit:NoHoldsBarred"],"picked":"hermit:Combo+1","floor":14},{"not_picked":["hermit:Magnum","hermit:OverwhelmingPower+1"],"picked":"hermit:BlackWind","floor":16},{"not_picked":["hermit:ItchyTrigger","hermit:Spite","hermit:PistolWhip"],"picked":"Singing Bowl","floor":18},{"not_picked":["hermit:HoleUp+1","hermit:Vantage"],"picked":"hermit:BigShot+1","floor":19},{"not_picked":["hermit:FlashPowder","hermit:Ricochet","hermit:Roulette"],"picked":"Singing Bowl","floor":20},{"not_picked":["hermit:CursedWeapon","hermit:Dive+1"],"picked":"hermit:HeroicBravado","floor":22},{"not_picked":["hermit:PistolWhip+1","hermit:Dive"],"picked":"hermit:Headshot+1","floor":24},{"not_picked":["hermit:Showdown+1","hermit:CalledShot+1"],"picked":"hermit:Gestalt+1","floor":30},{"not_picked":["hermit:Grudge+1","hermit:Maintenance+1"],"picked":"hermit:TrackingShot+1","floor":30}],"player_experience":275820,"relics_obtained":[{"floor":5,"key":"Toy Ornithopter"},{"floor":7,"key":"Darkstone Periapt"},{"floor":9,"key":"Frozen Egg 2"},{"floor":12,"key":"Singing Bowl"},{"floor":13,"key":"Orichalcum"},{"floor":14,"key":"InkBottle"},{"floor":24,"key":"Strawberry"},{"floor":26,"key":"Shuriken"}],"event_choices":[],"is_beta":false,"boss_relics":[{"not_picked":["Empty Cage","SacredBark"],"picked":"hermit:DentedPlate"}],"items_purged_floors":[],"is_endless":false,"potions_floor_spawned":[2,13,18,20,22],"killed_by":"Gensokyo:Slime_Group","ascension_level":0}}