{"host":"zzc28wglrg51iog5","time":1609882374,"event":{"mods":["BaseMod","Colored Map","Downfall","GifTheSpireLib","Hermit","Minty Spire (QoL Compilation)","StSLib","The Hierophant","The Marked"],"gold_per_floor":[99,118,131,19,32,32,57,119,131,16,355,355,280,316,339,447,447,447,463,484,94,202,235,235,64,74,292,335,361,361,361,376,485,485,335,345,345,365,69,69,120,145,161,161,187,187,198,227,238,238,238,271,96,96,96],"floor_reached":56,"playtime":6878,"items_purged":["hexamod:Haunted","hexamod:Strike","hexamod:Defend","hexamod:Defend","hexamod:Strike+1"],"score":1767,"play_id":"b4a5328a-e2c6-4a2c-878f-033a4b47bfd5","local_time":"20210105223254","is_ascension_mode":true,"campfire_choices":[{"data":"hexamod:Float","floor":1,"key":"SMITH"},{"data":"hexamod:HeatShield","floor":6,"key":"SMITH"},{"data":"hexamod:ExtraCrispy","floor":13,"key":"SMITH"},{"data":"hexamod:SearingWound","floor":18,"key":"SMITH"},{"floor":30,"key":"RECALL"},{"data":"hexamod:SoulSteal","floor":35,"key":"SMITH"},{"floor":40,"key":"DIG"},{"floor":44,"key":"DIG"},{"floor":54,"key":"DIG"}],"circlet_count":0,"master_deck":["hexamod:Defend+1","hexamod:Defend+1","hexamod:Sear+1","hexamod:Float+1","hexamod:Incineration+1","hexamod:HeatShield+1","hexamod:EtherealExpedition+1","hexamod:Hexaguard+1","hexamod:ExtraCrispy+1","hexamod:HeatCrush+1","hexamod:RainOfEmbers+1","hexamod:Hexaguard+1","hexamod:PowerFromBeyond+1","hexamod:FlamesFromBeyond+1","hexamod:SearingWound+1","hexamod:SoulSteal+1","hexamod:TimeOfNeed+1","hexamod:HeatMetal+1","hexamod:WildfireWeapon+1","hexamod:ThermalTransfer+1","hexamod:HeatShield+1"],"relics":["hexamod:SpiritBrand","Whetstone","MealTicket","Old Coin","downfall:HeartBlessingGreen","champ:DeflectingBracers","SacredBark","hexamod:CandleOfCauterizing","Matryoshka","hexamod:Sixitude","Frozen Egg 2","Nunchaku","FossilizedHelix","Chemical X","Centennial Puzzle","Anchor","hexamod:TheBrokenSeal","hexamod:IceCube","downfall:HeartBlessingRed","downfall:HeartBlessingBlue","Shovel","Omamori","Ancient Tea Set","Peace Pipe","Mango","Ginger","Akabeko","Eternal Feather","White Beast Statue"],"acts_visited":["Exordium","TheCity","TheBeyond","TheEnding"],"potions_floor_usage":[19,20,22,23,28,33,42,55,55,55,55,55],"damage_taken":[{"damage":0,"enemies":"Cultist","floor":2,"turns":3},{"damage":0,"enemies":"Small Slimes","floor":3,"turns":3},{"damage":3,"enemies":"downfall:FleeingMerchant","floor":4,"turns":4},{"damage":0,"enemies":"Jaw Worm","floor":5,"turns":3},{"damage":9,"enemies":"Gremlin Nob","floor":8,"turns":4},{"damage":0,"enemies":"Exordium Wildlife","floor":9,"turns":4},{"damage":0,"enemies":"downfall:FleeingMerchant","floor":10,"turns":4},{"damage":9,"enemies":"Gremlin Nob","floor":11,"turns":3},{"damage":0,"enemies":"Lagavulin","floor":14,"turns":4},{"damage":8,"enemies":"3 Louse","floor":15,"turns":4},{"damage":1,"enemies":"downfall:Watcher","floor":16,"turns":6},{"damage":13,"enemies":"Spheric Guardian","floor":19,"turns":6},{"damage":14,"enemies":"Shell Parasite","floor":20,"turns":4},{"damage":0,"enemies":"downfall:FleeingMerchant","floor":21,"turns":4},{"damage":15,"enemies":"downfall:Ironclad","floor":22,"turns":5},{"damage":32,"enemies":"Gremlin Leader","floor":23,"turns":3},{"damage":10,"enemies":"downfall:FleeingMerchant","floor":25,"turns":4},{"damage":17,"enemies":"Snake Plant","floor":26,"turns":3},{"damage":0,"enemies":"downfall:FleeingMerchant","floor":27,"turns":4},{"damage":0,"enemies":"Book of Stabbing","floor":28,"turns":3},{"damage":0,"enemies":"Cultist and Chosen","floor":29,"turns":4},{"damage":0,"enemies":"Chosen and Byrds","floor":32,"turns":4},{"damage":0,"enemies":"downfall:Defect","floor":33,"turns":8},{"damage":0,"enemies":"3 Darklings","floor":36,"turns":3},{"damage":0,"enemies":"3 Shapes","floor":38,"turns":3},{"damage":0,"enemies":"Reptomancer","floor":42,"turns":4},{"damage":0,"enemies":"Writhing Mass","floor":43,"turns":4},{"damage":0,"enemies":"Nemesis","floor":45,"turns":7},{"damage":0,"enemies":"Maw","floor":47,"turns":4},{"damage":9,"enemies":"Reptomancer","floor":48,"turns":4},{"damage":0,"enemies":"Sphere and 2 Shapes","floor":49,"turns":4},{"damage":0,"enemies":"downfall:Ironclad","floor":50,"turns":4},{"damage":0,"enemies":"downfall:CharBossMerchant","floor":52,"turns":4},{"damage":18,"enemies":"downfall:NeowBoss","floor":55,"turns":22}],"seed_played":"-6478988369680559608","potions_obtained":[{"floor":5,"key":"Regen Potion"},{"floor":8,"key":"DuplicationPotion"},{"floor":11,"key":"Regen Potion"},{"floor":15,"key":"SkillPotion"},{"floor":19,"key":"Regen Potion"},{"floor":26,"key":"Slimebound:ThreeZeroPotion"},{"floor":28,"key":"GamblersBrew"},{"floor":32,"key":"SpeedPotion"},{"floor":33,"key":"EntropicBrew"},{"floor":38,"key":"SneckoOil"},{"floor":45,"key":"AttackPotion"},{"floor":47,"key":"LiquidMemories"}],"is_trial":false,"path_per_floor":["R","M","M","$","M","R","T","?","M","$","E","?","R","E","M","B",null,"R","M","M","$","?","E","T","$","M","$","E","M","R","T","M","B",null,"R","M","?","M","$","R","T","E","M","R","E","?","M","E","M","B",null,"E","$","R","B",null],"character_chosen":"THE_SPIRIT","items_purchased":["hexamod:RainOfEmbers","hexamod:CandleOfCauterizing","Chemical X","Shovel"],"campfire_rested":0,"item_purchase_floors":[4,21,25,39],"current_hp_per_floor":[70,70,70,67,67,67,67,65,70,70,68,68,68,70,69,70,70,70,57,70,70,62,56,56,60,50,65,65,65,65,65,70,80,80,90,90,90,90,90,90,90,90,90,104,104,104,104,95,95,95,104,104,104,104,86],"gold":96,"neow_bonus":"TRANSFORM_TWO_CARDS","is_daily":false,"chose_seed":false,"campfire_upgraded":5,"win_rate":0.0,"timestamp":1609882374,"path_taken":["R","M","M","$","M","R","T","?","M","$","E","?","R","E","M","BOSS","R","M","M","?","?","E","T","?","M","$","E","M","R","?","M","BOSS","R","M","?","M","$","R","T","E","?","R","E","?","?","E","M","BOSS","E","$","R","BOSS"],"items_purchased_type":["Card","Relic","Relic","Relic"],"build_version":"2020-12-22","purchased_purges":5,"victory":true,"max_hp_per_floor":[70,70,70,70,70,70,70,70,70,70,70,70,70,70,70,70,70,70,70,70,70,70,70,70,70,70,70,70,70,70,70,70,80,80,90,90,90,90,90,90,90,90,90,104,104,104,104,104,104,104,104,104,104,104,104],"card_choices":[{"not_picked":["hexamod:GhostShield","hexamod:ThirdSeal"],"picked":"hexamod:HeatShield","floor":2},{"not_picked":["hexamod:SwordOfDarkness","hexamod:NightmareStrike"],"picked":"hexamod:EtherealExpedition","floor":2},{"not_picked":["hexamod:SpectersWail","hexamod:EmpoweredFlame"],"picked":"hexamod:Hexaguard","floor":3},{"not_picked":["hexamod:SpectersWail","hexamod:Haunt"],"picked":"hexamod:ExtraCrispy","floor":3},{"not_picked":["hexamod:SuperheatedStrike","hexamod:BacktrackSmack"],"picked":"hexamod:HeatCrush","floor":4},{"not_picked":["hexamod:EtherealExpedition","hexamod:SwordOfDarkness"],"picked":"hexamod:FirstSeal","floor":5},{"not_picked":["hexamod:RainOfEmbers","hexamod:SwordOfDarkness"],"picked":"hexamod:Hexaguard","floor":8},{"not_picked":["hexamod:HeatCrush","hexamod:GhostShield"],"picked":"hexamod:SecondSeal","floor":9},{"not_picked":["hexamod:ThermalTransfer","hexamod:BurningTouch"],"picked":"hexamod:PowerFromBeyond","floor":9},{"not_picked":["hexamod:ApocalypseNow","hexamod:SpectersWail"],"picked":"hexamod:FlamesFromBeyond","floor":10},{"not_picked":["hexamod:ShieldOfDarkness","hexamod:Rewind","hexamod:RainOfEmbers"],"picked":"SKIP","floor":10},{"not_picked":["hexamod:StepThrough","hexamod:FirstSeal","hexamod:FastForward"],"picked":"SKIP","floor":11},{"not_picked":["hexamod:GhostOfSpireFuture","hexamod:HauntingEcho","hexamod:Incineration"],"picked":"SKIP","floor":14},{"not_picked":["hexamod:ThermalTransfer","hexamod:CatchUp","hexamod:Hexaguard"],"picked":"SKIP","floor":15},{"not_picked":["hexamod:FastForward","hexamod:HeatCrush","hexamod:SkipABeat"],"picked":"SKIP","floor":15},{"not_picked":["hexamod:TimeWarp","hexamod:CrushingStance"],"picked":"hexamod:SearingWound","floor":16},{"not_picked":["hexamod:TurnItUp","hexamod:WildfireWeapon"],"picked":"hexamod:FifthSeal","floor":16},{"not_picked":["hexamod:GhostLash","hexamod:GhostShield+1"],"picked":"hexamod:SoulSteal","floor":19},{"not_picked":["hexamod:ThirdSeal","hexamod:FourthSeal"],"picked":"hexamod:SixthSeal","floor":19},{"not_picked":["hexamod:CatchUp","hexamod:DynamicBlow","hexamod:NightmareGuise+1"],"picked":"SKIP","floor":19},{"not_picked":["hexamod:RecurringNightmare","hexamod:ThermalTransfer"],"picked":"hexamod:TimeOfNeed","floor":20},{"not_picked":["hexamod:ThirdSeal","hexamod:GhostOfSpireFuture","hexamod:Haunt"],"picked":"SKIP","floor":20},{"not_picked":["hexamod:Again+1","hexamod:GhostOfSpirePast+1"],"picked":"hexamod:HeatMetal","floor":21},{"not_picked":["hexamod:HeatShield","hexamod:NightmareGuise","hexamod:ShieldOfDarkness"],"picked":"SKIP","floor":21},{"not_picked":["hexamod:InspiringFlames+1","hexamod:NightmareStrike"],"picked":"hexamod:WildfireWeapon+1","floor":23},{"not_picked":["hexamod:GhostShield","hexamod:GhostLash","hexamod:CatchUp+1"],"picked":"SKIP","floor":25},{"not_picked":["hexamod:FlamesFromBeyond","hexamod:NightmareStrike","hexamod:StepThrough"],"picked":"SKIP","floor":25},{"not_picked":["hexamod:CatchUp+1","hexamod:InspiringFlames"],"picked":"hexamod:ThermalTransfer+1","floor":26},{"not_picked":["hexamod:BurningTouch","hexamod:ApocalypseNow","hexamod:GhostShield"],"picked":"SKIP","floor":26},{"not_picked":["hexamod:NightmareGuise","hexamod:FastForward+1"],"picked":"hexamod:HeatShield+1","floor":27},{"not_picked":["hexamod:FastForward","hexamod:BurningTouch","hexamod:ApocalypticArmor+1"],"picked":"SKIP","floor":28},{"not_picked":["hexamod:RadiantFlame+1","hexamod:GhostShield+1","hexamod:Firestarter+1"],"picked":"SKIP","floor":28},{"not_picked":["hexamod:FastForward","hexamod:BurningTouch","hexamod:ApocalypticArmor+1"],"picked":"SKIP","floor":28},{"not_picked":["hexamod:RadiantFlame+1","hexamod:GhostShield+1","hexamod:Firestarter+1"],"picked":"SKIP","floor":28},{"not_picked":["hexamod:SecondSeal","hexamod:GhostOfSpirePresent+1","hexamod:RainOfEmbers"],"picked":"SKIP","floor":29},{"not_picked":["hexamod:HauntingEcho","hexamod:SecondSeal","hexamod:SpectersWail"],"picked":"SKIP","floor":29},{"not_picked":["hexamod:Hexaguard+1","hexamod:GhostShield"],"picked":"hexamod:FourthSeal","floor":32},{"not_picked":["hexamod:Firestarter+1","hexamod:AdvancingGuard","hexamod:SpectersWail+1"],"picked":"SKIP","floor":32},{"not_picked":["hexamod:Firestarter+1","hexamod:AdvancingGuard","hexamod:SpectersWail+1"],"picked":"SKIP","floor":32},{"not_picked":["hexamod:Hexaguard","hexamod:NightmareGuise","hexamod:NightmareStrike"],"picked":"SKIP","floor":36},{"not_picked":["hexamod:HeatShield+1","hexamod:GhostShield","hexamod:ThermalTransfer"],"picked":"SKIP","floor":38},{"not_picked":["hexamod:BurningTouch+1","hexamod:BacktrackSmack","hexamod:ExtraCrispy+1"],"picked":"SKIP","floor":42},{"not_picked":["hexamod:NightmareGuise+1","hexamod:SwordOfDarkness+1","hexamod:HauntingEcho"],"picked":"SKIP","floor":43},{"not_picked":["hexamod:SoulSteal+1","hexamod:FirstSeal","hexamod:HeatShield+1"],"picked":"SKIP","floor":45},{"not_picked":["hexamod:CatchUp+1","hexamod:BurningTouch+1","hexamod:CrushingStance"],"picked":"SKIP","floor":47},{"not_picked":["hexamod:Firestarter+1","hexamod:InspiringFlames+1","hexamod:ChargedBarrage+1"],"picked":"SKIP","floor":48},{"not_picked":["hexamod:FourthSeal","hexamod:AdvancingGuard","hexamod:SpectersWail"],"picked":"SKIP","floor":49},{"not_picked":["hexamod:GhostLash+1","hexamod:HauntingEcho","hexamod:ShieldOfDarkness+1"],"picked":"SKIP","floor":52}],"player_experience":1594195,"relics_obtained":[{"floor":7,"key":"Whetstone"},{"floor":8,"key":"MealTicket"},{"floor":11,"key":"Old Coin"},{"floor":14,"key":"champ:DeflectingBracers"},{"floor":22,"key":"Matryoshka"},{"floor":22,"key":"hexamod:Sixitude"},{"floor":23,"key":"Frozen Egg 2"},{"floor":24,"key":"Nunchaku"},{"floor":24,"key":"FossilizedHelix"},{"floor":28,"key":"Centennial Puzzle"},{"floor":31,"key":"Anchor"},{"floor":40,"key":"Omamori"},{"floor":41,"key":"Ancient Tea Set"},{"floor":42,"key":"Peace Pipe"},{"floor":44,"key":"Mango"},{"floor":45,"key":"Ginger"},{"floor":48,"key":"Akabeko"},{"floor":52,"key":"Eternal Feather"},{"floor":54,"key":"White Beast Statue"}],"event_choices":[{"damage_healed":0,"gold_gain":0,"player_choice":"Upgraded","damage_taken":0,"max_hp_gain":0,"max_hp_loss":0,"event_name":"Upgrade Shrine","floor":12,"gold_loss":0,"cards_upgraded":["hexamod:RainOfEmbers"]},{"damage_healed":0,"gold_gain":0,"player_choice":"Forge","damage_taken":0,"max_hp_gain":0,"max_hp_loss":0,"event_name":"Accursed Blacksmith","floor":37,"gold_loss":0,"cards_upgraded":["hexamod:Defend"]},{"damage_healed":0,"gold_gain":0,"player_choice":"Ignored","damage_taken":0,"max_hp_gain":0,"max_hp_loss":0,"event_name":"Upgrade Shrine","floor":46,"gold_loss":0}],"is_beta":false,"boss_relics":[{"not_picked":["Velvet Choker","Tiny House"],"picked":"SacredBark"},{"not_picked":["Calling Bell","Snecko Eye"],"picked":"hexamod:IceCube"}],"items_purged_floors":[4,10,21,27,53],"is_endless":false,"potions_floor_spawned":[5,8,11,15,16,19,26,28,32,33,38,45,47,52],"ascension_level":3}}