{"host":"appz8zkad29u9482","time":1609834544,"event":{"mods":["2.2 Compatiblity","Act Like it!","Aspiration","BaseMod","Beaked The Cultist","Better Altar","Better Match","Better Note","Better Skull","Better Third Choice","BetterRewards","CapriCore","Conspire","Disable Question Mark Monsters","Energized Spire","Gensokyo","GifTheSpireLib","Gold Saver","Halation","Hermit","Hubris","Infinite Spire","Jedi Mod","Jorbs\u0027s Wanderer Trilogy","Koishi","Marisa????????","Minty Spire (QoL Compilation)","Permanent Neow","Reimu??????","Replay The Spire","Spicy Shops","StSLib","Strawberry Spire","Stuff the Spire","The Administrix","The Cursed","The Hierophant","The Immortal","The Marked","The Servant 0.9.4","yUi"],"gold_per_floor":[616,635,635,95,72,99,174,139,218,218,12,47,47,57,57,153,153,171,22,53,53,53,53,63,98,98,98,98,98,117,147,72,174,174,187,206,206,206,224,257,237,537,608,608,620,630,658,674,674,674,674,674,44,75,75,75],"floor_reached":55,"playtime":3944,"items_purged":[],"score":1117,"play_id":"8e7a6b70-2872-4797-97e5-1e532df0c082","local_time":"20210104221544","is_ascension_mode":true,"campfire_choices":[{"data":"ReplayTheSpireMod:Strike From Hell","floor":10,"key":"SMITH"},{"data":"Barricade","floor":13,"key":"SMITH"},{"floor":15,"key":"RECALL"},{"data":"jedi:MakeshiftSword","floor":23,"key":"SMITH"},{"data":"strawberrySpire:Conflagrate","floor":28,"key":"SMITH"},{"floor":42,"key":"DIG"},{"floor":44,"key":"DIG"},{"floor":49,"key":"REST"},{"floor":52,"key":"DIG"}],"circlet_count":0,"master_deck":["Strike_R","Strike_R","Strike_R+1","Strike_R","Defend_R+1","Defend_R+1","Defend_R","Bash","Eclipse+1","Havoc+1","jedi:MakeshiftSword+1","Fire Breathing","StuffTheSpire:Incineration+1","jedi:MakeshiftSword+1","ReplayTheSpireMod:Strike From Hell+1","Barricade+1","strawberrySpire:DraftPunk","Shrug It Off","hubris:StunningStrike","Seeing Red","Eclipse+1","Headbutt+1","StuffTheSpire:Perfection","strawberrySpire:Conflagrate+1","ReplayTheSpireMod:Strike From Hell+1","strawberrySpire:FireDrill","Transmutation+1","Demon Form","Armaments+1","Battle Trance+1","Wraith","Dual Wield+1","Dark Embrace","StuffTheSpire:RockThrow","strawberrySpire:JustAWound","Replay:Undeath\u0027s Touch+1","Cleave+1","Metallicize+1"],"relics":["Burning Blood","strawberrySpire:GlyphStone","aspiration:HatOfInfinitePower","CrazyTorch:ReiMu","Simple Rune","Pet Ghost","Meat on the Bone","aspiration:PoetsPen_weak","DollysMirror","Red Mask","hubris:TinFlute","Replay:Bottled Snecko","hubris:ToyBattleship","Cauldron","Mark of Pain","ReplayTheSpireMod:Shallot","strawberrySpire:SolarisEssence","halation:LettersToHer","Shovel","Old Coin","Self Forming Clay","Bronze Scales","Magic Flower","strawberrySpire:PoopsieRoll","Brimstone","StuffTheSpire:DullRazor","Pear","strawberrySpire:ThornyGelberry"],"acts_visited":["Exordium","TheCity","TheBeyond","TheEnding"],"potions_floor_usage":[6,16,25,33,33,45,50,55,55],"damage_taken":[{"damage":1,"enemies":"2 Louse","floor":1,"turns":2},{"damage":1,"enemies":"Jaw Worm","floor":2,"turns":4},{"damage":9,"enemies":"3 Sentries","floor":6,"turns":3},{"damage":0,"enemies":"Replay:BlueRogue","floor":12,"turns":3},{"damage":0,"enemies":"Small Slimes","floor":14,"turns":2},{"damage":7,"enemies":"The Guardian","floor":16,"turns":5},{"damage":8,"enemies":"3 Byrds","floor":18,"turns":3},{"damage":40,"enemies":"Masked Bandits","floor":20,"turns":1},{"damage":1,"enemies":"Spheric Guardian","floor":24,"turns":2},{"damage":8,"enemies":"Book of Stabbing","floor":25,"turns":3},{"damage":0,"enemies":"Snecko","floor":30,"turns":2},{"damage":21,"enemies":"Slavers","floor":31,"turns":3},{"damage":3,"enemies":"Automaton","floor":33,"turns":3},{"damage":10,"enemies":"3 Darklings","floor":35,"turns":2},{"damage":0,"enemies":"3 Shapes","floor":36,"turns":2},{"damage":9,"enemies":"Spire Growth","floor":39,"turns":3},{"damage":1,"enemies":"Giant Head","floor":40,"turns":6},{"damage":20,"enemies":"Maw","floor":45,"turns":4},{"damage":14,"enemies":"Writhing Mass","floor":46,"turns":4},{"damage":13,"enemies":"Nemesis","floor":47,"turns":3},{"damage":0,"enemies":"4 Shapes","floor":48,"turns":3},{"damage":151,"enemies":"conspire:OrnateMirror","floor":50,"turns":5},{"damage":9,"enemies":"Shield and Spear","floor":54,"turns":4},{"damage":90,"enemies":"The Heart","floor":55,"turns":6}],"seed_played":"7815965687543686394","potions_obtained":[{"floor":2,"key":"Block Potion"},{"floor":6,"key":"SneckoOil"},{"floor":16,"key":"GrandPatriotsElixir:ReiMu"},{"floor":18,"key":"SkillPotion"},{"floor":24,"key":"FearPotion"},{"floor":29,"key":"FairyPotion"},{"floor":29,"key":"DistilledChaos"},{"floor":36,"key":"jedi:mysterypotion"},{"floor":39,"key":"ElixirPotion"},{"floor":41,"key":"Languid Potion"},{"floor":48,"key":"FearPotion"}],"is_trial":false,"path_per_floor":["M","M","?","$","$","E","?","?","T","R","$","E","R","M","R","B",null,"M","$","?","?","?","R","M","E","T","?","R","AVR","M","E","R","B",null,"M","M","AVR","?","M","E","?","R","T","R","M","M","E","M","R","B",null,"R","$","E","B"],"character_chosen":"IRONCLAD","items_purchased":["strawberrySpire:GlyphStone","jedi:MakeshiftSword","aspiration:HatOfInfinitePower","CrazyTorch:ReiMu","ReplayTheSpireMod:Strike From Hell","strawberrySpire:DraftPunk","Pet Ghost","DollysMirror","Brimstone","StuffTheSpire:DullRazor","Pear","Metallicize+1","jedi:tentaclejuice","Weak Potion"],"campfire_rested":1,"item_purchase_floors":[0,0,4,4,5,11,11,19,53,53,53,53,53,53],"current_hp_per_floor":[77,80,80,80,80,77,66,80,80,80,80,80,80,80,80,79,80,78,78,56,56,56,56,61,59,59,59,59,59,65,50,50,53,80,76,80,80,80,77,80,80,80,80,80,66,63,56,65,80,41,80,80,90,90,0,0],"gold":75,"neow_bonus":"","is_daily":false,"chose_seed":false,"campfire_upgraded":4,"win_rate":0.0,"timestamp":1609834544,"path_taken":["M","M","?","?","$","E","?","?","T","R","$","E","R","M","R","BOSS","M","$","?","?","?","R","?","E","T","?","R","AVR","?","E","R","BOSS","M","?","AVR","?","M","E","?","R","T","R","M","M","E","M","R","BOSS","R","$","E","BOSS"],"items_purchased_type":["Relic","Card","Relic","Relic","Card","Card","Relic","Relic","Relic","Relic","Relic","Card","Potion","Potion"],"build_version":"2020-12-22","purchased_purges":0,"victory":false,"max_hp_per_floor":[80,80,80,80,80,80,80,80,80,80,80,80,80,80,80,80,80,80,80,80,80,80,80,80,80,80,80,80,80,80,80,80,80,80,80,80,80,80,80,80,80,80,80,80,80,80,80,80,80,80,80,80,90,90,90,90],"card_choices":[{"not_picked":["Headbutt","Ghostly Armor"],"picked":"StuffTheSpire:Incineration","floor":1},{"not_picked":["StuffTheSpire:Slingshot","strawberrySpire:PowerStomp"],"picked":"jedi:MakeshiftSword","floor":2},{"not_picked":["StuffTheSpire:Incineration","Fire Breathing"],"picked":"Barricade","floor":6},{"not_picked":["Limit Break","Anger","Spot Weakness"],"picked":"SKIP","floor":12},{"not_picked":["Heavy Blade","StuffTheSpire:BloodClot"],"picked":"Shrug It Off","floor":14},{"not_picked":["conspire:HitWhereItHurts","StuffTheSpire:TitanForm"],"picked":"hubris:StunningStrike","floor":16},{"not_picked":["strawberrySpire:ZonePlayer","Cleave"],"picked":"Seeing Red","floor":18},{"not_picked":["conspire:ExplosiveBarrier","Perfected Strike"],"picked":"Headbutt","floor":20},{"not_picked":["Havoc","Shrug It Off+1"],"picked":"strawberrySpire:Conflagrate","floor":24},{"not_picked":["Anger","Body Slam","Massacre"],"picked":"SKIP","floor":25},{"not_picked":["strawberrySpire:DraftPunk+1","StuffTheSpire:Incineration"],"picked":"ReplayTheSpireMod:Strike From Hell+1","floor":30},{"not_picked":["StuffTheSpire:Pyroclast+1","Dropkick"],"picked":"strawberrySpire:FireDrill","floor":31},{"not_picked":["Metamorphosis+1","strawberrySpire:Flashback"],"picked":"Transmutation+1","floor":32},{"not_picked":["Bludgeon","Corruption"],"picked":"Demon Form","floor":33},{"not_picked":["strawberrySpire:ZonePlayer+1","Rage+1"],"picked":"Armaments+1","floor":35},{"not_picked":["strawberrySpire:DebrisPile","strawberrySpire:DraftPunk+1"],"picked":"Battle Trance+1","floor":36},{"not_picked":["Uppercut","True Grit"],"picked":"Dual Wield+1","floor":39},{"not_picked":["Sentinel","Burning Pact"],"picked":"Dark Embrace","floor":40},{"not_picked":["Iron Wave+1","Clothesline"],"picked":"StuffTheSpire:RockThrow","floor":45},{"not_picked":["strawberrySpire:GettingOverIt+1","Perfected Strike"],"picked":"strawberrySpire:JustAWound","floor":46},{"not_picked":["Thunderclap+1","StuffTheSpire:RagingBull+1"],"picked":"Replay:Undeath\u0027s Touch+1","floor":47},{"not_picked":["Body Slam","hubris:CleavingFinish"],"picked":"Cleave+1","floor":48},{"not_picked":["Clothesline","Sever Soul","strawberrySpire:Taunt"],"picked":"SKIP","floor":54}],"player_experience":470549,"relics_obtained":[{"floor":6,"key":"Simple Rune"},{"floor":12,"key":"Meat on the Bone"},{"floor":20,"key":"Red Mask"},{"floor":25,"key":"Replay:Bottled Snecko"},{"floor":26,"key":"hubris:ToyBattleship"},{"floor":31,"key":"ReplayTheSpireMod:Shallot"},{"floor":40,"key":"Shovel"},{"floor":42,"key":"Old Coin"},{"floor":43,"key":"halation:LettersToHer"},{"floor":43,"key":"Self Forming Clay"},{"floor":44,"key":"Bronze Scales"},{"floor":47,"key":"Magic Flower"},{"floor":52,"key":"strawberrySpire:PoopsieRoll"},{"floor":54,"key":"strawberrySpire:ThornyGelberry"}],"event_choices":[{"damage_healed":0,"gold_gain":75,"player_choice":"Gold","damage_taken":11,"max_hp_gain":0,"max_hp_loss":0,"event_name":"betterThird:BetterGoop","floor":7,"gold_loss":0},{"damage_healed":20,"gold_gain":0,"player_choice":"Healed","damage_taken":0,"max_hp_gain":0,"max_hp_loss":0,"event_name":"The Cleric","floor":8,"gold_loss":35},{"damage_healed":0,"gold_gain":0,"player_choice":"Fought Bandits","damage_taken":0,"max_hp_gain":0,"max_hp_loss":0,"event_name":"Masked Bandits","floor":20,"gold_loss":0},{"cards_removed":["Pain"],"damage_healed":0,"gold_gain":0,"player_choice":"Purged","damage_taken":0,"max_hp_gain":0,"max_hp_loss":0,"event_name":"Purifier","floor":27,"gold_loss":0},{"damage_healed":0,"gold_gain":0,"player_choice":"2","damage_taken":0,"max_hp_gain":0,"max_hp_loss":0,"event_name":"betterMatch:BetterMatch","floor":32,"gold_loss":0,"cards_obtained":["betterMatch:ColorlessRareCard"]},{"damage_healed":0,"gold_gain":0,"player_choice":"Ignored","damage_taken":0,"max_hp_gain":0,"max_hp_loss":0,"event_name":"OrinTheCat","floor":38,"gold_loss":0},{"damage_healed":0,"gold_gain":0,"player_choice":"Bought 1 Potion","damage_taken":0,"max_hp_gain":0,"max_hp_loss":0,"event_name":"The Woman in Blue","floor":41,"gold_loss":0}],"is_beta":false,"boss_relics":[{"not_picked":["hubris:TerracottaHorce","Runic Pyramid"],"picked":"aspiration:PoetsPen_weak"},{"not_picked":["halation:ForbiddenBikini","StuffTheSpire:RunicConfusion"],"picked":"strawberrySpire:SolarisEssence"}],"items_purged_floors":[],"is_endless":false,"potions_floor_spawned":[2,6,16,18,24,30,36,39,48],"killed_by":"The Heart","ascension_level":1}}