{"host":"9w1j3v3kvq5208ps","time":1609857905,"event":{"mods":["2.2 Compatiblity","BaseMod","CapriCore","Colored Map","DeckTracker","Highlight Path","Keyboard Shortcuts","Minty Spire (QoL Compilation)","Permanent Neow","Quick Restart","StSLib","SuperFastMode","The Immortal","everything is the same but u backflip on backflip"],"gold_per_floor":[116,69,87,102,114,114,131,144,168,168,168,46,79,96,96,201,201,211,226,50,76,94,94,94,94,394,394,394,426,445,458,458,563,563,574,594,594,594,607,607,617,667,692,727,371,371,371,384,384,384,384],"floor_reached":50,"playtime":2365,"items_purged":["Strike_G","Defend_G","Defend_G"],"score":643,"play_id":"f63984a7-7ebc-477a-868f-a240628296a1","local_time":"20210105234505","is_ascension_mode":true,"campfire_choices":[{"data":"Blade Dance","floor":6.0,"key":"SMITH"},{"data":"Accuracy","floor":10.0,"key":"SMITH"},{"floor":15.0,"key":"REST"},{"data":"Blade Dance","floor":23.0,"key":"SMITH"},{"data":"Dagger Spray","floor":25.0,"key":"SMITH"},{"data":"Neutralize","floor":27.0,"key":"SMITH"},{"floor":32,"key":"REST"},{"data":"Madness","floor":40,"key":"SMITH"},{"data":"Choke","floor":46,"key":"SMITH"},{"floor":49,"key":"REST"}],"circlet_count":0,"master_deck":["Strike_G","Strike_G","Defend_G","Defend_G","Survivor","Neutralize+1","Dagger Throw","Prepared","Blade Dance+1","Accuracy+1","Dagger Spray+1","Backflip","Prepared","Blade Dance+1","Underhanded Strike","Corpse Explosion","Prepared+1","Reflex","Footwork","Terror+1","Dodge and Roll","Bullet Time","Deflect+1","Slice+1","Madness","Madness+1","Blade Dance+1","A Thousand Cuts","Dodge and Roll+1","Choke+1"],"relics":["Ring of the Snake","Bag of Preparation","Ninja Scroll","WristBlade","Red Mask","Old Coin","MutagenicStrength","Ancient Tea Set","Empty Cage","Blue Candle","Prayer Wheel","Juzu Bracelet","Strawberry","Vajra","Eternal Feather"],"acts_visited":["Exordium","TheCity","TheBeyond"],"potions_floor_usage":[33,33,33,39,41,48,50,50],"damage_taken":[{"damage":0.0,"enemies":"Cultist","floor":1.0,"turns":4.0},{"damage":0.0,"enemies":"2 Louse","floor":3.0,"turns":3.0},{"damage":0.0,"enemies":"Small Slimes","floor":4.0,"turns":3.0},{"damage":9.0,"enemies":"Blue Slaver","floor":5.0,"turns":3.0},{"damage":11.0,"enemies":"Exordium Thugs","floor":7.0,"turns":5.0},{"damage":0.0,"enemies":"2 Fungi Beasts","floor":8.0,"turns":4.0},{"damage":15.0,"enemies":"Lagavulin","floor":13.0,"turns":3.0},{"damage":1.0,"enemies":"Looter","floor":14.0,"turns":4.0},{"damage":3.0,"enemies":"Slime Boss","floor":16.0,"turns":7.0},{"damage":0.0,"enemies":"Chosen","floor":18.0,"turns":3.0},{"damage":0.0,"enemies":"3 Byrds","floor":19.0,"turns":1.0},{"damage":0.0,"enemies":"Masked Bandits","floor":21.0,"turns":2.0},{"damage":21.0,"enemies":"Snake Plant","floor":22.0,"turns":5.0},{"damage":42.0,"enemies":"Book of Stabbing","floor":29.0,"turns":6.0},{"damage":0.0,"enemies":"Cultist and Chosen","floor":30.0,"turns":1.0},{"damage":0.0,"enemies":"Sentry and Sphere","floor":31.0,"turns":2.0},{"damage":9,"enemies":"Champ","floor":33,"turns":7},{"damage":6,"enemies":"3 Darklings","floor":35,"turns":3},{"damage":0,"enemies":"Orb Walker","floor":36,"turns":2},{"damage":0,"enemies":"Jaw Worm Horde","floor":39,"turns":2},{"damage":12,"enemies":"Maw","floor":41,"turns":5},{"damage":0,"enemies":"Mind Bloom Boss Battle","floor":42,"turns":3},{"damage":8,"enemies":"Reptomancer","floor":44,"turns":4},{"damage":16,"enemies":"4 Shapes","floor":48,"turns":1},{"damage":57,"enemies":"Time Eater","floor":50,"turns":5}],"seed_played":"632360111875265051","potions_obtained":[{"floor":4.0,"key":"Dexterity Potion"},{"floor":11.0,"key":"PowerPotion"},{"floor":11.0,"key":"EssenceOfSteel"},{"floor":13.0,"key":"Block Potion"},{"floor":16.0,"key":"SteroidPotion"},{"floor":22.0,"key":"CultistPotion"},{"floor":33,"key":"Dexterity Potion"},{"floor":35,"key":"CunningPotion"},{"floor":39,"key":"Weak Potion"},{"floor":48,"key":"LiquidMemories"}],"is_trial":false,"path_per_floor":["M","$","M","M","M","R","M","M","T","R","?","$","E","M","R","B",null,"M","M","$","?","M","R","?","R","T","R","?","E","M","M","R","B",null,"M","M","?","T","M","R","M","?","T","E","$","R","T","M","R","B"],"character_chosen":"THE_SILENT","items_purchased":["Blade Dance","Blade Dance","Footwork","Vajra","CunningPotion"],"campfire_rested":3,"item_purchase_floors":[2,12,20,45,45],"current_hp_per_floor":[70,70,70,70,61,61,50,50,50,50,50,50,35,34,55,52,66,66,66,66,66,45,45,45,45,45,45,45,3,3,3,24,15,56,50,50,41,41,41,41,29,29,29,28,28,28,28,12,53,0,0],"gold":384,"neow_bonus":"THREE_CARDS","is_daily":false,"chose_seed":false,"campfire_upgraded":7,"win_rate":0.0,"timestamp":1609857905,"path_taken":["M","$","M","M","?","R","M","M","T","R","?","?","E","?","R","BOSS","M","M","$","?","M","R","?","R","T","R","?","E","M","M","R","BOSS","M","M","?","?","M","R","M","?","T","E","$","R","?","M","R","BOSS"],"items_purchased_type":["Card","Card","Card","Relic","Potion"],"build_version":"2020-12-22","purchased_purges":3,"victory":false,"max_hp_per_floor":[70,70,70,70,70,70,70,70,70,70,70,70,70,70,70,70,70,70,70,70,70,70,70,70,70,70,70,70,70,70,70,70,70,70,70,70,70,70,70,70,70,70,70,77,77,77,77,77,77,77,77],"card_choices":[{"not_picked":["Sucker Punch","Outmaneuver"],"picked":"Dagger Throw","floor":0.0},{"not_picked":["Quick Slash","Outmaneuver"],"picked":"Prepared","floor":1.0},{"not_picked":["Deadly Poison","Skewer"],"picked":"Accuracy","floor":3.0},{"not_picked":["Masterful Stab","Eviscerate"],"picked":"Dagger Spray","floor":4.0},{"not_picked":["Deflect","Sucker Punch","Outmaneuver"],"picked":"SKIP","floor":5.0},{"not_picked":["Skewer","Envenom"],"picked":"Backflip","floor":7.0},{"not_picked":["Sucker Punch","Deflect"],"picked":"Prepared","floor":8.0},{"not_picked":["Endless Agony","Noxious Fumes","Flying Knee"],"picked":"SKIP","floor":13.0},{"not_picked":["Flying Knee","Catalyst"],"picked":"Underhanded Strike","floor":14.0},{"not_picked":["Night Terror","Die Die Die"],"picked":"Corpse Explosion","floor":16.0},{"not_picked":["Sucker Punch","Escape Plan"],"picked":"Prepared+1","floor":18.0},{"not_picked":["Leg Sweep+1","Flying Knee"],"picked":"Reflex","floor":19.0},{"not_picked":["Heel Hook+1","Predator","Bane+1"],"picked":"SKIP","floor":22.0},{"not_picked":["Venomology","Sucker Punch"],"picked":"Terror+1","floor":29.0},{"not_picked":["Setup","Dagger Spray"],"picked":"Dodge and Roll","floor":30.0},{"not_picked":["Sucker Punch","Bane","Burst"],"picked":"SKIP","floor":31.0},{"not_picked":["Grand Finale","Tools of the Trade"],"picked":"Bullet Time","floor":33},{"not_picked":["Bane+1","Poisoned Stab"],"picked":"Deflect+1","floor":35},{"not_picked":["Dodge and Roll","Poisoned Stab+1"],"picked":"Slice+1","floor":36},{"not_picked":["Quick Slash","Dagger Spray"],"picked":"Blade Dance+1","floor":39},{"not_picked":["Prepared+1","Crippling Poison"],"picked":"A Thousand Cuts","floor":41},{"not_picked":["Riddle With Holes","Backflip"],"picked":"Dodge and Roll+1","floor":42},{"not_picked":["Noxious Fumes+1","Blur"],"picked":"Choke","floor":44},{"not_picked":["Bane","Flying Knee+1","Predator"],"picked":"SKIP","floor":48},{"not_picked":["Masterful Stab+1","Quick Slash","Dagger Throw"],"picked":"SKIP","floor":48}],"player_experience":215122,"relics_obtained":[{"floor":9.0,"key":"Bag of Preparation"},{"floor":13.0,"key":"Ninja Scroll"},{"floor":21.0,"key":"Red Mask"},{"floor":26.0,"key":"Old Coin"},{"floor":29.0,"key":"Ancient Tea Set"},{"floor":38,"key":"Blue Candle"},{"floor":42,"key":"Prayer Wheel"},{"floor":43,"key":"Juzu Bracelet"},{"floor":44,"key":"Strawberry"},{"floor":47,"key":"Eternal Feather"}],"event_choices":[{"damage_healed":0.0,"max_hp_gain":0.0,"max_hp_loss":0.0,"gold_gain":0.0,"event_name":"Lab","player_choice":"Got Potions","floor":11.0,"gold_loss":0.0,"damage_taken":0.0},{"damage_healed":0.0,"max_hp_gain":0.0,"max_hp_loss":0.0,"gold_gain":0.0,"event_name":"Masked Bandits","player_choice":"Fought Bandits","floor":21.0,"gold_loss":0.0,"damage_taken":0.0},{"cards_removed":["Strike_G"],"damage_healed":0.0,"max_hp_gain":0.0,"max_hp_loss":0.0,"gold_gain":0.0,"event_name":"Back to Basics","player_choice":"Elegance","floor":24.0,"gold_loss":0.0,"damage_taken":0.0},{"damage_healed":0.0,"max_hp_gain":0.0,"max_hp_loss":0.0,"gold_gain":0.0,"event_name":"Drug Dealer","player_choice":"Inject Mutagens","floor":28.0,"gold_loss":0.0,"damage_taken":0.0,"relics_obtained":["MutagenicStrength"]},{"damage_healed":0,"gold_gain":0,"player_choice":"Embrace Madness","damage_taken":9,"max_hp_gain":0,"max_hp_loss":0,"event_name":"Winding Halls","floor":37,"gold_loss":0,"cards_obtained":["Madness","Madness"]},{"damage_healed":0,"gold_gain":0,"player_choice":"Fight","damage_taken":0,"max_hp_gain":0,"max_hp_loss":0,"event_name":"MindBloom","floor":42,"gold_loss":0}],"is_beta":false,"boss_relics":[{"not_picked":["Coffee Dripper","Cursed Key"],"picked":"WristBlade"},{"not_picked":["Ring of the Serpent","Tiny House"],"picked":"Empty Cage"}],"items_purged_floors":[12,20,45],"is_endless":false,"potions_floor_spawned":[4,13,14,16,18,21,22,33,35,39,48],"killed_by":"Time Eater","ascension_level":5}}