{"host":"8g198xe1n7br41jb","time":1609885687,"event":{"mods":["BaseMod","Downfall","Minty Spire (QoL Compilation)","StSLib","SuperFastMode"],"gold_per_floor":[99,117,129,39,54,54,80,100,100,129,143,168,93,112,128,226,226,226,241,252,90,100,114,139,54,54,54,73,73,73,92,103,203,203,203,216,175,187,206,225,252,272,288,288,288,288],"floor_reached":44,"playtime":3831,"items_purged":["champ:Strike","champ:Defend"],"score":477,"play_id":"65075961-932e-4098-b1f7-fccc1d8cd464","local_time":"20210105232807","is_ascension_mode":true,"campfire_choices":[{"floor":1,"key":"RECALL"},{"data":"champ:Improvising","floor":6,"key":"SMITH"},{"floor":13,"key":"REST"},{"data":"champ:Taunt","floor":18,"key":"SMITH"},{"data":"champ:IronFortress","floor":27,"key":"SMITH"},{"data":"champ:TornadoPunch","floor":30,"key":"SMITH"},{"data":"champ:CheapShot","floor":35,"key":"SMITH"}],"circlet_count":0,"master_deck":["champ:Strike","champ:Strike","champ:Strike","champ:Defend","champ:Defend","champ:Defend","champ:Execute","champ:Taunt+1","champ:Improvising+1","champ:TornadoPunch+1","champ:FlashCut","champ:Control","champ:DefensiveStyle","champ:DefensiveStyle","champ:ShieldThrow","champ:BringItOn","champ:FanOfKnives","champ:SteelEdge","champ:Control","champ:ShieldSlam","champ:Shatter+1","champ:IronFortress+1","champ:StrikeOfGenius","champ:Circumvent","champ:TornadoPunch","champ:CheapShot+1","champ:DefensiveStyle","Trip","champ:DefensiveStyle"],"relics":["champ:ChampionCrown","Art of War","champ:GladiatorsBookOfMartialProwess","Thread and Needle","downfall:HeartBlessingRed","SlaversCollar","HandDrill","Omamori","Enchiridion","Busted Crown","Ancient Tea Set"],"acts_visited":["Exordium","TheCity","TheBeyond"],"potions_floor_usage":[10,12,12,12,12,16,16,20,28,33,39,40,43,44,44],"damage_taken":[{"damage":6,"enemies":"Cultist","floor":2,"turns":3},{"damage":10,"enemies":"Jaw Worm","floor":3,"turns":5},{"damage":0,"enemies":"downfall:FleeingMerchant","floor":4,"turns":4},{"damage":2,"enemies":"2 Louse","floor":5,"turns":2},{"damage":1,"enemies":"2 Fungi Beasts","floor":8,"turns":3},{"damage":13,"enemies":"3 Sentries","floor":10,"turns":4},{"damage":4,"enemies":"Large Slime","floor":11,"turns":4},{"damage":14,"enemies":"Gremlin Nob","floor":12,"turns":3},{"damage":0,"enemies":"Lots of Slimes","floor":14,"turns":2},{"damage":10,"enemies":"2 Fungi Beasts","floor":15,"turns":3},{"damage":7,"enemies":"downfall:Ironclad","floor":16,"turns":6},{"damage":0,"enemies":"3 Byrds","floor":19,"turns":5},{"damage":5,"enemies":"Shell Parasite","floor":20,"turns":4},{"damage":11,"enemies":"downfall:FleeingMerchant","floor":21,"turns":4},{"damage":9,"enemies":"Centurion and Healer","floor":22,"turns":8},{"damage":0,"enemies":"Chosen and Byrds","floor":23,"turns":5},{"damage":16,"enemies":"downfall:FleeingMerchant","floor":25,"turns":4},{"damage":15,"enemies":"Sentry and Sphere","floor":28,"turns":4},{"damage":22,"enemies":"Shelled Parasite and Fungi","floor":31,"turns":5},{"damage":3,"enemies":"Snecko","floor":32,"turns":5},{"damage":10,"enemies":"downfall:Defect","floor":33,"turns":7},{"damage":2,"enemies":"Orb Walker","floor":36,"turns":3},{"damage":0,"enemies":"downfall:FleeingMerchant","floor":37,"turns":1},{"damage":29,"enemies":"3 Darklings","floor":38,"turns":3},{"damage":9,"enemies":"Sphere and 2 Shapes","floor":39,"turns":5},{"damage":31,"enemies":"Maw","floor":40,"turns":6},{"damage":12,"enemies":"Transient","floor":42,"turns":5},{"damage":12,"enemies":"Sphere and 2 Shapes","floor":43,"turns":4},{"damage":17,"enemies":"Nemesis","floor":44,"turns":2}],"seed_played":"1029279453596985315","potions_obtained":[{"floor":5,"key":"Strength Potion"},{"floor":8,"key":"EntropicBrew"},{"floor":10,"key":"CultistPotion"},{"floor":14,"key":"PowerPotion"},{"floor":15,"key":"Dexterity Potion"},{"floor":16,"key":"Regen Potion"},{"floor":19,"key":"PowerPotion"},{"floor":20,"key":"EntropicBrew"},{"floor":28,"key":"Energy Potion"},{"floor":32,"key":"CultistPotion"},{"floor":36,"key":"Strength Potion"},{"floor":40,"key":"AttackPotion"},{"floor":42,"key":"SpeedPotion"}],"is_trial":false,"path_per_floor":["R","M","M","$","M","R","T","M","?","E","M","E","R","M","M","B",null,"R","M","M","$","M","M","T","$","?","R","M","?","R","M","M","B",null,"R","M","$","M","M","M","T","M","M","E"],"character_chosen":"THE_CHAMP","items_purchased":["HandDrill","champ:StrikeOfGenius","Ancient Tea Set","champ:DefensiveStyle","Trip"],"campfire_rested":1,"item_purchase_floors":[21,25,37,37,37],"current_hp_per_floor":[81,80,75,75,73,73,73,72,72,59,55,41,65,65,65,58,81,81,81,81,80,80,80,80,80,64,64,62,62,62,49,46,41,81,81,79,79,50,41,20,20,13,1,0,0,0],"gold":288,"neow_bonus":"THREE_RARE_CARDS","is_daily":false,"chose_seed":false,"campfire_upgraded":5,"win_rate":0.0,"timestamp":1609885687,"path_taken":["R","M","M","$","M","R","T","M","?","E","M","E","R","M","M","BOSS","R","M","?","$","M","M","T","$","?","R","M","?","R","M","M","BOSS","R","M","$","M","M","M","T","M","M","E"],"items_purchased_type":["Relic","Card","Relic","Card","Card"],"build_version":"2020-12-22","purchased_purges":2,"victory":false,"max_hp_per_floor":[81,81,81,81,81,81,81,81,81,81,81,81,81,81,81,81,81,81,81,81,81,81,81,81,81,81,81,81,81,81,81,81,81,81,81,81,81,81,81,81,81,81,81,81,81,81],"card_choices":[{"not_picked":["champ:HoldFirm","champ:LastStand"],"picked":"champ:Improvising","floor":0},{"not_picked":["champ:EnragedBash","champ:FightOn"],"picked":"champ:TornadoPunch","floor":2},{"not_picked":["champ:StanceDance","champ:Circumvent"],"picked":"champ:FlashCut","floor":3},{"not_picked":["champ:TornadoPunch","champ:FightOn","champ:Haymaker"],"picked":"SKIP","floor":4},{"not_picked":["champ:BringItOn","champ:AdrenalArmor"],"picked":"champ:Control","floor":5},{"not_picked":["champ:EnGarde","champ:ShieldWall","champ:GladiatorStyle"],"picked":"SKIP","floor":8},{"not_picked":["champ:RisingSlash","champ:Balance"],"picked":"champ:DefensiveStyle","floor":10},{"not_picked":["champ:Duel","champ:GladiatorsShout"],"picked":"champ:ShieldThrow","floor":11},{"not_picked":["champ:DeathBlow","champ:Encircle"],"picked":"champ:BringItOn","floor":12},{"not_picked":["champ:RapidStrikes","champ:Haymaker"],"picked":"champ:FanOfKnives","floor":14},{"not_picked":["champ:PerfectedStrike","champ:GladiatorsShout","champ:FocusedBerserking"],"picked":"SKIP","floor":15},{"not_picked":["champ:StrikeOfGenius","champ:SwordThrow"],"picked":"champ:SteelEdge","floor":16},{"not_picked":["champ:BringItOn","champ:Lariat"],"picked":"champ:Control","floor":19},{"not_picked":["champ:Duel","champ:GladiatorsShout","champ:GutPunch"],"picked":"SKIP","floor":20},{"not_picked":["champ:BladeFlurry","champ:GladiatorStyle+1"],"picked":"champ:ShieldSlam","floor":21},{"not_picked":["champ:TornadoPunch","champ:StanceDance+1","champ:Lariat"],"picked":"SKIP","floor":22},{"not_picked":["champ:CrookedStrike+1","champ:BladeFlurry"],"picked":"champ:Shatter+1","floor":23},{"not_picked":["champ:Encircle","champ:Riposte"],"picked":"champ:IronFortress","floor":25},{"not_picked":["champ:FanOfKnives","champ:Haymaker","champ:Encircle"],"picked":"SKIP","floor":28},{"not_picked":["champ:Haymaker","champ:BladeFlurry"],"picked":"champ:Circumvent","floor":31},{"not_picked":["champ:Duel","champ:ArenaPreparation+1"],"picked":"champ:TornadoPunch","floor":32},{"not_picked":["champ:StrikeOfGenius","champ:CrownThrow"],"picked":"champ:CheapShot","floor":33},{"not_picked":["champ:BladeFlurry+1"],"picked":"SKIP","floor":36},{"not_picked":["champ:EnragedBash"],"picked":"SKIP","floor":37},{"not_picked":["champ:Haymaker"],"picked":"SKIP","floor":38},{"not_picked":["champ:BladeFlurry+1"],"picked":"SKIP","floor":39},{"not_picked":["champ:CrookedStrike+1"],"picked":"SKIP","floor":40},{"not_picked":[],"picked":"champ:DefensiveStyle","floor":42},{"not_picked":["champ:Circumvent"],"picked":"SKIP","floor":43}],"player_experience":1211419,"relics_obtained":[{"floor":7,"key":"Art of War"},{"floor":10,"key":"champ:GladiatorsBookOfMartialProwess"},{"floor":12,"key":"Thread and Needle"},{"floor":24,"key":"Omamori"},{"floor":26,"key":"Enchiridion"}],"event_choices":[{"damage_healed":0,"gold_gain":0,"player_choice":"Ignored","damage_taken":0,"max_hp_gain":0,"max_hp_loss":0,"event_name":"Ghosts","floor":29,"gold_loss":0}],"is_beta":false,"boss_relics":[{"not_picked":["Astrolabe","Empty Cage"],"picked":"SlaversCollar"},{"not_picked":["Tiny House","Fusion Hammer"],"picked":"Busted Crown"}],"items_purged_floors":[4,37],"is_endless":false,"potions_floor_spawned":[5,8,10,14,15,16,19,20,22,23,28,32,36,40,42],"killed_by":"Nemesis","ascension_level":1}}