{"host":"53w25izqmiakdcya","time":1609889036,"event":{"mods":["BaseMod","Colored Powertips","Downfall","Minty Spire (QoL Compilation)","Quick Restart","Rare Cards Sparkle","StSLib"],"gold_per_floor":[199,212,229,13,32,44,44,60,60,60,160,188,43,56,71,71,71,71],"floor_reached":16,"playtime":1161,"items_purged":[],"score":104,"play_id":"329ef121-da6b-4464-bfaf-b4612f15c4fd","local_time":"20210105172356","is_ascension_mode":false,"campfire_choices":[{"floor":1,"key":"RECALL"}],"circlet_count":0,"master_deck":["Guardian:Strike_Guardian","Guardian:Strike_Guardian","Guardian:Strike_Guardian","Guardian:Strike_Guardian","Guardian:Defend_Guardian","Guardian:Defend_Guardian","Guardian:Defend_Guardian","Guardian:Defend_Guardian","Guardian:CurlUp","Guardian:TwinSlam","Guardian:EvasiveProtocol","Guardian:WalkerClaw","Guardian:ShieldCharger+1","Guardian:Planning","Guardian:TemporalStrike","Guardian:CompilePackage","Guardian:Gem_Blue","Guardian:Gem_Crimson","Guardian:Gem_Red","Guardian:Gem_Lightblue","Guardian:Gem_Blue","Guardian:ShieldSpikes","Guardian:PrismaticBarrier","Impatience","Guardian:Gem_Blue","Guardian:Gem_Green","Guardian:Recover"],"relics":["Guardian:ModeShifter","Guardian:StasisUpgradeRelic","Guardian:PickAxe","Calipers"],"acts_visited":["Exordium"],"potions_floor_usage":[9,9,13,15],"damage_taken":[{"damage":1,"enemies":"Jaw Worm","floor":2,"turns":4},{"damage":0,"enemies":"2 Louse","floor":3,"turns":4},{"damage":4,"enemies":"downfall:FleeingMerchant","floor":4,"turns":4},{"damage":3,"enemies":"Small Slimes","floor":5,"turns":5},{"damage":6,"enemies":"Gremlin Gang","floor":6,"turns":5},{"damage":10,"enemies":"2 Fungi Beasts","floor":8,"turns":4},{"damage":10,"enemies":"2 Fungi Beasts","floor":9,"turns":5},{"damage":14,"enemies":"Gremlin Nob","floor":12,"turns":4},{"damage":0,"enemies":"downfall:FleeingMerchant","floor":13,"turns":4},{"damage":3,"enemies":"Red Slaver","floor":14,"turns":4},{"damage":4,"enemies":"Gremlin Gang","floor":15,"turns":6},{"damage":23,"enemies":"downfall:Ironclad","floor":16,"turns":5}],"seed_played":"-8522230201569586638","potions_obtained":[{"floor":2,"key":"PowerPotion"},{"floor":5,"key":"FearPotion"},{"floor":12,"key":"Guardian:DefensiveModePotion"},{"floor":14,"key":"Guardian:BlockOnCardUsePotion"}],"is_trial":false,"path_per_floor":["R","M","M","$","M","M","T","M","?","?","?","E","$","M","M","B"],"character_chosen":"GUARDIAN","items_purchased":["Guardian:StasisUpgradeRelic","Guardian:Planning","Impatience","Guardian:Gem_Blue"],"campfire_rested":0,"item_purchase_floors":[4,4,13,13],"current_hp_per_floor":[80,79,79,75,72,66,66,56,40,40,40,26,26,23,19,0,0,0],"gold":71,"neow_bonus":"HUNDRED_GOLD","is_daily":false,"chose_seed":false,"campfire_upgraded":0,"win_rate":0.0,"timestamp":1609889036,"path_taken":["R","M","M","$","M","M","T","M","?","?","?","E","$","M","M","BOSS"],"items_purchased_type":["Relic","Card","Card","Card"],"build_version":"2020-12-22","purchased_purges":0,"victory":false,"max_hp_per_floor":[80,80,80,80,80,80,80,80,80,80,80,80,80,80,80,80,80,80],"card_choices":[{"not_picked":["Guardian:TimeCapacitor","Guardian:RollAttack"],"picked":"Guardian:EvasiveProtocol","floor":2},{"not_picked":["Guardian:Clone","Guardian:TimeCapacitor"],"picked":"Guardian:WalkerClaw","floor":3},{"not_picked":["Guardian:Gem_Cyan","Guardian:FastForward"],"picked":"Guardian:ShieldCharger","floor":4},{"not_picked":["Guardian:PrimingBeam","Guardian:ChargeCore"],"picked":"Guardian:TemporalStrike","floor":5},{"not_picked":["Guardian:ShieldCharger","Guardian:TemporalShield"],"picked":"Guardian:CompilePackage","floor":6},{"not_picked":["Guardian:VentSteam","Guardian:Gem_Lightblue"],"picked":"Guardian:Gem_Blue","floor":8},{"not_picked":["Guardian:TemporalShield","Guardian:Gem_White"],"picked":"Guardian:ShieldSpikes","floor":12},{"not_picked":["Guardian:Preprogram","Guardian:ShieldSpikes"],"picked":"Guardian:PrismaticBarrier","floor":13},{"not_picked":["Guardian:ShieldCharger","Guardian:ShieldSpikes"],"picked":"Guardian:Gem_Green","floor":14},{"not_picked":["Guardian:ShieldCharger","Guardian:Suspension"],"picked":"Guardian:Recover","floor":15}],"player_experience":537550,"relics_obtained":[{"floor":12,"key":"Calipers"}],"event_choices":[{"damage_healed":0,"gold_gain":0,"player_choice":"Grow","damage_taken":0,"max_hp_gain":0,"max_hp_loss":0,"event_name":"Living Wall","floor":10,"gold_loss":0,"cards_upgraded":["Guardian:ShieldCharger"]}],"is_beta":false,"boss_relics":[],"items_purged_floors":[],"is_endless":false,"potions_floor_spawned":[2,5,9,12,14],"killed_by":"downfall:Ironclad","ascension_level":0}}