{"host":"lqbszw1tv2isqkrb","time":1609835057,"event":{"mods":["BaseMod","Downfall","Hermit","Hubris","Minty Spire (QoL Compilation)","Quick Restart","StSLib","The Animator","The Hierophant"],"gold_per_floor":[114,130,140,90,90,117,117,130,157,157,157,9,27,42,42,42,42],"floor_reached":16,"playtime":361,"items_purged":[],"score":120,"play_id":"9ada99e0-2f38-4123-b6d2-34524d82a3b1","local_time":"20210105032417","is_ascension_mode":true,"campfire_choices":[{"floor":11.0,"key":"REST"},{"floor":15.0,"key":"RECALL"}],"circlet_count":0,"master_deck":["Strike_R","Strike_R","Strike_R","Defend_R","Defend_R","Defend_R","Defend_R","Bash","Ghostly Armor","Metallicize"],"relics":["Burning Blood","Pen Nib","Bronze Scales","Tiny Chest","FaceOfCleric","hubris:EmptyBottle"],"acts_visited":["Exordium"],"potions_floor_usage":[16,16],"damage_taken":[{"damage":16.0,"enemies":"Cultist","floor":1.0,"turns":4.0},{"damage":10.0,"enemies":"2 Louse","floor":2.0,"turns":2.0},{"damage":2.0,"enemies":"Small Slimes","floor":3.0,"turns":4.0},{"damage":40.0,"enemies":"Gremlin Nob","floor":6.0,"turns":5.0},{"damage":0.0,"enemies":"Blue Slaver","floor":7.0,"turns":1.0},{"damage":0.0,"enemies":"3 Louse","floor":8.0,"turns":2.0},{"damage":12.0,"enemies":"Looter","floor":13.0,"turns":3.0},{"damage":10.0,"enemies":"Exordium Wildlife","floor":14.0,"turns":5.0},{"damage":70,"enemies":"Slime Boss","floor":16,"turns":7}],"seed_played":"980612801710829109","potions_obtained":[{"floor":1.0,"key":"Explosive Potion"},{"floor":2.0,"key":"SmokeBomb"},{"floor":14.0,"key":"DuplicationPotion"}],"is_trial":false,"path_per_floor":["M","M","M","?","?","E","M","M","T","?","R","$","M","M","R","B"],"character_chosen":"IRONCLAD","items_purchased":["hubris:EmptyBottle"],"campfire_rested":1,"item_purchase_floors":[12],"current_hp_per_floor":[70,66,70,70,70,36,42,48,48,48,72,72,67,64,64,0,0],"gold":42,"neow_bonus":"RANDOM_COMMON_RELIC","is_daily":false,"chose_seed":false,"campfire_upgraded":0,"win_rate":0.0,"timestamp":1609835057,"path_taken":["M","M","?","?","?","E","?","?","T","?","R","$","M","M","R","BOSS"],"items_purchased_type":["Relic"],"build_version":"2020-12-22","purchased_purges":0,"victory":false,"max_hp_per_floor":[80,80,80,80,80,80,80,80,80,80,80,80,81,82,82,82,82],"card_choices":[{"not_picked":["Blood for Blood","Evolve","Headbutt"],"picked":"SKIP","floor":1.0},{"not_picked":["Shockwave","Shrug It Off","Cleave"],"picked":"SKIP","floor":2.0},{"not_picked":["Rupture","Spot Weakness","Ghostly Armor"],"picked":"SKIP","floor":3.0},{"not_picked":["Berserk","Fire Breathing","hubris:ReadiedAction"],"picked":"SKIP","floor":6.0},{"not_picked":["Shockwave","Cleave"],"picked":"Ghostly Armor","floor":8.0},{"not_picked":["hubris:ReadiedAction","Headbutt"],"picked":"Metallicize","floor":13.0},{"not_picked":["Heavy Blade","Evolve","hubris:ReadiedAction"],"picked":"SKIP","floor":14.0}],"player_experience":405661,"relics_obtained":[{"floor":6.0,"key":"Bronze Scales"},{"floor":9.0,"key":"Tiny Chest"}],"event_choices":[{"cards_removed":["Strike_R"],"damage_healed":0.0,"max_hp_gain":0.0,"max_hp_loss":0.0,"gold_gain":0.0,"event_name":"The Cleric","player_choice":"Card Removal","floor":4.0,"gold_loss":50.0,"damage_taken":0.0},{"cards_removed":["Strike_R"],"damage_healed":0.0,"max_hp_gain":0.0,"max_hp_loss":0.0,"gold_gain":0.0,"event_name":"Bonfire Elementals","player_choice":"Offered Basic","floor":5.0,"gold_loss":0.0,"damage_taken":0.0},{"damage_healed":0.0,"max_hp_gain":0.0,"max_hp_loss":0.0,"gold_gain":0.0,"event_name":"FaceTrader","player_choice":"Trade","floor":10.0,"gold_loss":0.0,"damage_taken":0.0,"relics_obtained":["FaceOfCleric"]}],"is_beta":false,"boss_relics":[],"items_purged_floors":[],"is_endless":false,"potions_floor_spawned":[1,2,7,14],"killed_by":"Slime Boss","ascension_level":3}}