{"host":"cv77zuuuekizn3ic","time":1609810158,"event":{"mods":["AchievementEnabler","BaseMod","Marisa£®ÏF”Í°°ƒß¿Ì…≥£©","Minty Spire (QoL Compilation)","StSLib","Waifu the Spire","everything is the same but u backflip on backflip","slay the spire mod where everything is the same but ironclad has a cowboy hat"],"gold_per_floor":[116,391,316,326,326,338,338,354,381,381,381,93,111,136,136,214,214,227,152,163,78,78,112,112,126,126,126,137,15,49,67,67,144,144,163,188,188,188],"floor_reached":37,"playtime":1754,"items_purged":["Regret","Strike_B","Decay"],"score":672,"play_id":"69534781-db04-446d-be31-1490a4a9301b","local_time":"20210105092918","is_ascension_mode":true,"campfire_choices":[{"data":"Beam Cell","floor":7.0,"key":"SMITH"},{"data":"Streamline","floor":11.0,"key":"SMITH"},{"data":"Sunder","floor":15.0,"key":"SMITH"},{"data":"Seek","floor":24.0,"key":"SMITH"},{"data":"Coolheaded","floor":32.0,"key":"SMITH"}],"circlet_count":0,"master_deck":["AscendersBane","Defend_B","Defend_B","Defend_B","Zap","Dualcast","Hello World","Streamline+1","Beam Cell+1","Leap","Sunder+1","BootSequence","Turbo","Seek+1","Go for the Eyes","Echo Form","Thunder Strike+1","Tempest+1","Recycle+1","Hologram+1","Conserve Battery+1","Necronomicurse","Meteor Strike","Cold Snap+1","Hologram","Steam Power","Coolheaded+1","Reboot","Heatsinks"],"relics":["Runic Dome","Juzu Bracelet","Smiling Mask","White Beast Statue","Membership Card","StoneCalendar","Astrolabe","Vajra","Necronomicon","Thread and Needle","Pantograph","Lee\u0027s Waffle","Anchor","Philosopher\u0027s Stone","Girya"],"acts_visited":["Exordium","TheCity","TheBeyond"],"potions_floor_usage":[37],"damage_taken":[{"damage":1.0,"enemies":"Cultist","floor":1.0,"turns":3.0},{"damage":9.0,"enemies":"Small Slimes","floor":4.0,"turns":4.0},{"damage":2.0,"enemies":"Jaw Worm","floor":6.0,"turns":3.0},{"damage":22.0,"enemies":"Exordium Wildlife","floor":8.0,"turns":4.0},{"damage":0.0,"enemies":"Large Slime","floor":13.0,"turns":3.0},{"damage":13.0,"enemies":"Lagavulin","floor":14.0,"turns":6.0},{"damage":21.0,"enemies":"Slime Boss","floor":16.0,"turns":7.0},{"damage":14.0,"enemies":"2 Thieves","floor":18.0,"turns":3.0},{"damage":0.0,"enemies":"Spheric Guardian","floor":20.0,"turns":3.0},{"damage":3.0,"enemies":"Slavers","floor":23.0,"turns":3.0},{"damage":6.0,"enemies":"3 Cultists","floor":25.0,"turns":4.0},{"damage":0.0,"enemies":"Snecko","floor":28.0,"turns":2.0},{"damage":8.0,"enemies":"Book of Stabbing","floor":30.0,"turns":3.0},{"damage":0.0,"enemies":"Snake Plant","floor":31.0,"turns":1.0},{"damage":22.0,"enemies":"Champ","floor":33.0,"turns":7.0},{"damage":1,"enemies":"3 Shapes","floor":35,"turns":3},{"damage":8,"enemies":"Mind Bloom Boss Battle","floor":36,"turns":4},{"damage":107,"enemies":"Orin","floor":37,"turns":6}],"seed_played":"-8408514114679000902","potions_obtained":[{"floor":1.0,"key":"SkillPotion"},{"floor":4.0,"key":"ColorlessPotion"},{"floor":13.0,"key":"Regen Potion"},{"floor":14.0,"key":"Fire Potion"},{"floor":16.0,"key":"Strength Potion"},{"floor":20.0,"key":"LiquidBronze"},{"floor":23.0,"key":"BlessingOfTheForge"},{"floor":25.0,"key":"SkillPotion"},{"floor":28.0,"key":"FairyPotion"},{"floor":36,"key":"PowerPotion"}],"is_trial":false,"path_per_floor":["M","?","$","M","?","M","R","M","T","T","R","$","M","E","R","B",null,"M","?","M","?","?","E","R","M","T","?","M","$","E","M","R","B",null,"M","?","?"],"character_chosen":"DEFECT","items_purchased":["Membership Card","Sunder","BootSequence","Turbo","Lee\u0027s Waffle"],"campfire_rested":0,"item_purchase_floors":[12,12,12,12,29],"current_hp_per_floor":[67,67,67,58,46,44,44,22,22,22,22,22,22,24,24,3,57,43,43,43,43,27,24,24,18,18,18,18,82,74,74,74,60,77,76,74,0,0],"gold":188,"neow_bonus":"BOSS_RELIC","is_daily":false,"chose_seed":false,"campfire_upgraded":5,"win_rate":0.0,"timestamp":1609810158,"path_taken":["M","?","$","?","?","M","R","M","T","?","R","?","M","E","R","BOSS","M","?","M","?","?","E","R","M","T","?","M","$","E","M","R","BOSS","M","?","?"],"items_purchased_type":["Relic","Card","Card","Card","Relic"],"build_version":"2020-12-22","purchased_purges":3,"victory":false,"max_hp_per_floor":[75,75,75,75,75,75,75,75,75,75,75,75,75,75,75,75,75,75,75,75,75,75,75,75,75,75,75,75,82,82,82,82,82,82,82,82,82,82],"card_choices":[{"not_picked":["Loop","Compile Driver"],"picked":"Hello World","floor":1.0},{"not_picked":["Ball Lightning","Cold Snap"],"picked":"Streamline","floor":4.0},{"not_picked":["Cold Snap","White Noise"],"picked":"Beam Cell","floor":6.0},{"not_picked":["Aggregate","Turbo"],"picked":"Leap","floor":8.0},{"not_picked":["Aggregate","Steam Power"],"picked":"Seek","floor":13.0},{"not_picked":["Turbo","Hello World"],"picked":"Go for the Eyes","floor":14.0},{"not_picked":["Rainbow","Fission"],"picked":"Echo Form","floor":16.0},{"not_picked":["Beam Cell","Gash+1"],"picked":"Hologram+1","floor":18.0},{"not_picked":["Barrage","Compile Driver+1"],"picked":"Conserve Battery+1","floor":20.0},{"not_picked":["Turbo","Stack"],"picked":"Meteor Strike","floor":23.0},{"not_picked":["Go for the Eyes","Compile Driver"],"picked":"Cold Snap+1","floor":25.0},{"not_picked":["Sweeping Beam","Turbo"],"picked":"Hologram","floor":28.0},{"not_picked":["FTL+1","Turbo"],"picked":"Steam Power","floor":30.0},{"not_picked":["Consume","Auto Shields+1"],"picked":"Coolheaded","floor":31.0},{"not_picked":["Machine Learning","Meteor Strike"],"picked":"Reboot","floor":33.0},{"not_picked":["Hologram+1","Leap+1"],"picked":"Heatsinks","floor":35}],"player_experience":732805,"relics_obtained":[{"floor":9.0,"key":"Smiling Mask"},{"floor":10.0,"key":"White Beast Statue"},{"floor":14.0,"key":"StoneCalendar"},{"floor":22.0,"key":"Necronomicon"},{"floor":23.0,"key":"Thread and Needle"},{"floor":26.0,"key":"Pantograph"},{"floor":30.0,"key":"Anchor"},{"floor":36,"key":"Girya"}],"event_choices":[{"damage_healed":0.0,"max_hp_gain":0.0,"max_hp_loss":0.0,"gold_gain":275.0,"event_name":"Golden Shrine","player_choice":"Desecrate","floor":2.0,"gold_loss":0.0,"damage_taken":0.0,"cards_obtained":["Regret"]},{"damage_healed":0.0,"max_hp_gain":0.0,"max_hp_loss":0.0,"gold_gain":0.0,"event_name":"Scrap Ooze","player_choice":"Success","floor":5.0,"gold_loss":0.0,"damage_taken":12.0,"relics_obtained":["Juzu Bracelet"]},{"cards_removed":["Defend_B"],"damage_healed":0.0,"max_hp_gain":0.0,"max_hp_loss":0.0,"gold_gain":0.0,"event_name":"Beggar","player_choice":"Gave Gold","floor":19.0,"gold_loss":75.0,"damage_taken":0.0},{"damage_healed":0.0,"max_hp_gain":0.0,"max_hp_loss":0.0,"gold_gain":0.0,"event_name":"Addict","player_choice":"Obtained Relic","floor":21.0,"gold_loss":85.0,"damage_taken":0.0,"relics_obtained":["Vajra"]},{"damage_healed":0.0,"max_hp_gain":0.0,"max_hp_loss":0.0,"gold_gain":0.0,"event_name":"Cursed Tome","player_choice":"Obtained Book","floor":22.0,"gold_loss":0.0,"damage_taken":16.0},{"damage_healed":0.0,"max_hp_gain":0.0,"max_hp_loss":0.0,"gold_gain":0.0,"event_name":"Forgotten Altar","player_choice":"Smashed Altar","floor":27.0,"gold_loss":0.0,"damage_taken":0.0,"cards_obtained":["Decay"]},{"damage_healed":0,"gold_gain":0,"player_choice":"Fight","damage_taken":0,"max_hp_gain":0,"max_hp_loss":0,"event_name":"MindBloom","floor":36,"gold_loss":0},{"damage_healed":0,"gold_gain":0,"player_choice":"Fight","damage_taken":0,"max_hp_gain":0,"max_hp_loss":0,"event_name":"OrinTheCat","floor":37,"gold_loss":0}],"is_beta":false,"boss_relics":[{"not_picked":["SacredBark","Inserter"],"picked":"Astrolabe"},{"not_picked":["Pandora\u0027s Box","Black Star"],"picked":"Philosopher\u0027s Stone"}],"items_purged_floors":[3,12,29],"is_endless":false,"potions_floor_spawned":[1,4,13,14,16,18,20,23,25,28,30,31,33,35,36],"killed_by":"Orin","ascension_level":13}}