{"host":"fjaupvxe7fzqrf4j","time":1609837968,"event":{"mods":["ATMod(°¢èªMod)","BaseMod","Minty Spire (QoL Compilation)","StSLib"],"gold_per_floor":[113,38,38,53,53,181,516,645,670,670,998,1132,1266,1598,1598,1775,1775,1793,1793,1793,1793,1718,1847,1980,1383,1383,1509,1634,1764,1890,975,975,1174,1174,1212,2211,5,101,101,559,713,923,923,1074,183,352,506,661,661,911,1236,1236,1236,281,562,687],"floor_reached":57,"playtime":1554,"items_purged":["Dodge and Roll","Dagger Throw+1","Acrobatics","Prepared+1","AT_TinkerSharpsword+1"],"score":5011,"play_id":"412aaa32-62e4-4a12-9409-7d9b7a894525","local_time":"20210105171247","daily_mods":["SealedDeck","Heirloom","Time Dilation","Flight","Elite Swarm"],"is_ascension_mode":true,"campfire_choices":[{"data":"Tactician","floor":10.0,"key":"SMITH"},{"data":"AT_ShadowStep","floor":15.0,"key":"SMITH"},{"data":"Acrobatics","floor":32.0,"key":"SMITH"},{"floor":49.0,"key":"RECALL"},{"floor":53.0,"key":"DIG"}],"circlet_count":1,"master_deck":["AscendersBane","AT_ShadowStep+1","Acrobatics+1","Backflip+1","Tactician+1","Prepared","Adrenaline+1","Grand Finale+1","AT_KingSlayer+1","Doppelganger+1","Terror+1","AT_WindRun+1","After Image+1"],"relics":["Ring of the Snake","AT_ATBox","AT_TheCollector","Centennial Puzzle","FossilizedHelix","Whetstone","TungstenRod","AT_BellDemon","Bronze Scales","Molten Egg 2","AT_Manta","Gambling Chip","AT_EbonyIvory","HoveringKite","Eternal Feather","MutagenicStrength","Bottled Lightning","Thread and Needle","Art of War","AT_RedTearstoneRing","TheAbacus","Bag of Marbles","Nunchaku","The Courier","Matryoshka","Unceasing Top","Letter Opener","Ancient Tea Set","Blood Vial","White Beast Statue","Strawberry","Question Card","Membership Card","Toxic Egg 2","Torii","Juzu Bracelet","AT_MibuBalloonWealth","Regal Pillow","AT_SunfireAegis","AT_ImmortalShieldbow","Mummified Hand","Akabeko","Runic Pyramid","Omamori","Toolbox","MealTicket","Gremlin Horn","AT_ChloranthyRing","Pear","AT_ArchangelStaff","AT_ForceNature","Bag of Preparation","AT_SilvercatRing","AT_LudenTempest","Mercury Hourglass","Bird Faced Urn","AT_SpeedBoots","Ornamental Fan","Dream Catcher","Toy Ornithopter","Potion Belt","AT_RabadonDeathcap","Happy Flower","HornCleat","Mango","Anchor","Darkstone Periapt","AT_DeathDance","Ice Cream","AT_BladeRuinedKing","Old Coin","Orichalcum","AT_BellowingDragoncrestRing","Singing Bowl","Lantern","AT_Kusabimaru","Oddly Smooth Stone","Vajra","PreservedInsect","Boot","Sling","Kunai","Paper Crane","AT_RedNoBalance","Sundial","CeramicFish","Snake Skull","Frozen Egg 2","Shuriken","AT_GoldPhoenixTree","Shovel","StoneCalendar","The Specimen","Prayer Wheel","Calipers","Tingsha","Turnip","Incense Burner","CaptainsWheel","Tough Bandages","Strange Spoon","Circlet"],"acts_visited":["Exordium","TheCity","TheBeyond","TheEnding"],"potions_floor_usage":[56,56,56],"damage_taken":[{"damage":0.0,"enemies":"Jaw Worm","floor":1.0,"turns":1.0},{"damage":0.0,"enemies":"Cultist","floor":4.0,"turns":2.0},{"damage":0.0,"enemies":"Gremlin Nob","floor":6.0,"turns":2.0},{"damage":0.0,"enemies":"3 Sentries","floor":7.0,"turns":1.0},{"damage":0.0,"enemies":"Lagavulin","floor":8.0,"turns":2.0},{"damage":0.0,"enemies":"3 Sentries","floor":11.0,"turns":1.0},{"damage":0.0,"enemies":"Lagavulin","floor":12.0,"turns":1.0},{"damage":0.0,"enemies":"Gremlin Nob","floor":13.0,"turns":1.0},{"damage":0.0,"enemies":"3 Sentries","floor":14.0,"turns":1.0},{"damage":0.0,"enemies":"Hexaghost","floor":16.0,"turns":1.0},{"damage":0.0,"enemies":"3 Byrds","floor":18.0,"turns":1.0},{"damage":0.0,"enemies":"Slavers","floor":23.0,"turns":1.0},{"damage":0.0,"enemies":"Book of Stabbing","floor":24.0,"turns":1.0},{"damage":0.0,"enemies":"Slavers","floor":27.0,"turns":1.0},{"damage":0.0,"enemies":"Book of Stabbing","floor":28.0,"turns":1.0},{"damage":0.0,"enemies":"Slavers","floor":29.0,"turns":1.0},{"damage":0.0,"enemies":"Book of Stabbing","floor":30.0,"turns":1.0},{"damage":0.0,"enemies":"Collector","floor":33.0,"turns":1.0},{"damage":0.0,"enemies":"Orb Walker","floor":35.0,"turns":1.0},{"damage":0.0,"enemies":"2 Orb Walkers","floor":38.0,"turns":1.0},{"damage":0.0,"enemies":"Nemesis","floor":40.0,"turns":1.0},{"damage":0.0,"enemies":"Giant Head","floor":41.0,"turns":1.0},{"damage":0.0,"enemies":"Reptomancer","floor":42.0,"turns":1.0},{"damage":0.0,"enemies":"Nemesis","floor":44.0,"turns":1.0},{"damage":0.0,"enemies":"Giant Head","floor":46.0,"turns":1.0},{"damage":0.0,"enemies":"Nemesis","floor":47.0,"turns":1.0},{"damage":0.0,"enemies":"Giant Head","floor":48.0,"turns":1.0},{"damage":0.0,"enemies":"Donu and Deca","floor":50.0,"turns":1.0},{"damage":0.0,"enemies":"Awakened One","floor":51.0,"turns":2.0},{"damage":0,"enemies":"Shield and Spear","floor":55,"turns":1},{"damage":0,"enemies":"The Heart","floor":56,"turns":4}],"seed_played":"-3790046910370814003","potions_obtained":[{"floor":1.0,"key":"PowerPotion"},{"floor":7.0,"key":"Explosive Potion"},{"floor":8.0,"key":"Dexterity Potion"},{"floor":28.0,"key":"GamblersBrew"},{"floor":38.0,"key":"Fruit Juice"},{"floor":41.0,"key":"Fire Potion"},{"floor":44.0,"key":"FairyPotion"},{"floor":46.0,"key":"ColorlessPotion"}],"is_trial":true,"path_per_floor":["M","$","?","M","?","E","E","E","T","R","E","E","E","E","R","B",null,"M","?","?","?","?","E","E","$","T","E","E","E","E","$","R","B",null,"M","?","$","?","?","E","E","E","T","E","$","E","E","E","R","B","B",null,"R","$","E","B",null],"character_chosen":"THE_SILENT","items_purchased":["TheAbacus","Bag of Marbles","Nunchaku","Membership Card","Toxic Egg 2","Torii","Juzu Bracelet","AT_MibuBalloonWealth","Regal Pillow","AT_SunfireAegis","AT_ImmortalShieldbow","Mummified Hand","GhostInAJar","Terror+1","Toolbox","MealTicket","Gremlin Horn","AT_ChloranthyRing","Pear","AT_ArchangelStaff","AT_ForceNature","Bag of Preparation","AT_SilvercatRing","AT_LudenTempest","Mercury Hourglass","Bird Faced Urn","AT_SpeedBoots","Ornamental Fan","Dream Catcher","Toy Ornithopter","Potion Belt","Prepared+1","AT_RabadonDeathcap","Happy Flower","HornCleat","Mango","Anchor","Darkstone Periapt","AT_DeathDance","AT_WindRun+1","Boot","Sling","Kunai","Paper Crane","AT_SilverBalance","Sundial","CeramicFish","Snake Skull","Frozen Egg 2","Shuriken","Tingsha","Turnip","Incense Burner","CaptainsWheel","Tough Bandages","Strange Spoon","Circlet","SkillPotion","AT_TinkerSharpsword+1"],"campfire_rested":0,"item_purchase_floors":[25,25,25,31,31,31,31,31,31,31,31,31,31,37,37,37,37,37,37,37,37,37,37,37,37,37,37,37,37,37,37,37,37,37,37,37,37,37,37,45,45,45,45,45,45,45,45,45,45,45,54,54,54,54,54,54,54,54,54],"current_hp_per_floor":[59,59,59,59,59,59,59,59,59,59,59,59,59,59,59,59,64,64,64,64,47,47,47,47,47,47,47,47,47,56,56,62,64,75,77,77,101,107,107,107,109,111,111,113,113,58,64,70,76,80,86,109,115,117,119,119],"gold":687,"neow_bonus":"","is_daily":false,"chose_seed":false,"campfire_upgraded":3,"win_rate":0.0,"timestamp":1609837967,"path_taken":["M","$","?","?","?","E","E","E","T","R","E","E","E","E","R","BOSS","M","?","?","?","?","E","E","$","T","E","E","E","E","?","R","BOSS","M","?","$","?","?","E","E","E","T","E","$","E","E","E","R","BOSS","BOSS","R","$","E","BOSS"],"items_purchased_type":["Relic","Relic","Relic","Relic","Relic","Relic","Relic","Relic","Relic","Relic","Relic","Relic","Potion","Card","Relic","Relic","Relic","Relic","Relic","Relic","Relic","Relic","Relic","Relic","Relic","Relic","Relic","Relic","Relic","Relic","Relic","Card","Relic","Relic","Relic","Relic","Relic","Relic","Relic","Card","Relic","Relic","Relic","Relic","Relic","Relic","Relic","Relic","Relic","Relic","Relic","Relic","Relic","Relic","Relic","Relic","Undefined","Potion","Card"],"build_version":"2020-12-22","purchased_purges":5,"victory":true,"max_hp_per_floor":[66,66,66,66,66,66,66,66,66,66,66,66,66,66,66,66,66,66,66,66,71,71,71,71,71,71,71,71,71,78,78,78,78,78,78,78,102,107,107,107,109,111,111,113,113,113,115,117,117,117,117,117,117,117,119,119],"card_choices":[{"not_picked":["Deadly Poison","Slice","Dodge and Roll"],"picked":"SKIP","floor":1.0},{"not_picked":["AT_ShadowStep","Poisoned Stab","AT_WindFlip"],"picked":"SKIP","floor":4.0},{"not_picked":["Envenom","Doppelganger","Glass Knife"],"picked":"SKIP","floor":6.0},{"not_picked":["AT_MyraUnstableElement","Tools of the Trade","Bullet Time"],"picked":"SKIP","floor":7.0},{"not_picked":["Burst","Doppelganger","Storm of Steel"],"picked":"SKIP","floor":8.0},{"not_picked":["AT_EssenceShift","Venomology"],"picked":"Adrenaline","floor":11.0},{"not_picked":["Phantasmal Killer","Venomology","Die Die Die"],"picked":"SKIP","floor":12.0},{"not_picked":["Corpse Explosion","A Thousand Cuts","Burst"],"picked":"SKIP","floor":13.0},{"not_picked":["Wraith Form v2","Unload+1","Burst"],"picked":"SKIP","floor":14.0},{"not_picked":["A Thousand Cuts","Unload+1"],"picked":"Grand Finale+1","floor":16.0},{"not_picked":["Cloak And Dagger","Masterful Stab+1","Skewer+1"],"picked":"SKIP","floor":18.0},{"not_picked":["Tools of the Trade","AT_MyraUnstableElement"],"picked":"AT_KingSlayer+1","floor":23.0},{"not_picked":["Corpse Explosion","Doppelganger","Storm of Steel"],"picked":"SKIP","floor":24.0},{"not_picked":["Doppelganger","Corpse Explosion","Bullet Time"],"picked":"SKIP","floor":27.0},{"not_picked":["Burst","Glass Knife+1","Tools of the Trade"],"picked":"SKIP","floor":28.0},{"not_picked":["Wraith Form v2","Adrenaline","Corpse Explosion"],"picked":"SKIP","floor":29.0},{"not_picked":["Unload+1","AT_MyraUnstableElement","Glass Knife+1"],"picked":"SKIP","floor":30.0},{"not_picked":["Malaise+1","Night Terror+1","Unload+1"],"picked":"Doppelganger+1","floor":33.0},{"not_picked":["Expertise+1","Backstab+1","Quick Slash+1","AT_WindFlip+1"],"picked":"SKIP","floor":35.0},{"not_picked":["Tools of the Trade","AT_EssenceShift","Die Die Die+1","Doppelganger+1"],"picked":"SKIP","floor":40.0},{"not_picked":["A Thousand Cuts","Glass Knife+1","Doppelganger+1","Bullet Time+1"],"picked":"Singing Bowl","floor":41.0},{"not_picked":["Doppelganger+1","Tools of the Trade","Adrenaline+1","Die Die Die+1"],"picked":"Singing Bowl","floor":42.0},{"not_picked":["Glass Knife+1","AT_MyraUnstableElement+1","Bullet Time+1","Envenom"],"picked":"Singing Bowl","floor":44.0},{"not_picked":["AT_MyraUnstableElement+1","Night Terror+1","Storm of Steel+1"],"picked":"After Image+1","floor":46.0},{"not_picked":["Grand Finale+1","Storm of Steel+1","Adrenaline+1","A Thousand Cuts+1"],"picked":"Singing Bowl","floor":47.0},{"not_picked":["A Thousand Cuts+1","Wraith Form v2+1","After Image+1","Corpse Explosion+1"],"picked":"Singing Bowl","floor":48.0},{"not_picked":["After Image+1","Envenom+1","Corpse Explosion+1","Doppelganger+1"],"picked":"Singing Bowl","floor":55}],"player_experience":347343,"relics_obtained":[{"floor":6.0,"key":"Centennial Puzzle"},{"floor":8.0,"key":"FossilizedHelix"},{"floor":9.0,"key":"Whetstone"},{"floor":11.0,"key":"TungstenRod"},{"floor":12.0,"key":"AT_BellDemon"},{"floor":13.0,"key":"Bronze Scales"},{"floor":13.0,"key":"Molten Egg 2"},{"floor":14.0,"key":"AT_Manta"},{"floor":14.0,"key":"Gambling Chip"},{"floor":16.0,"key":"AT_EbonyIvory"},{"floor":18.0,"key":"Eternal Feather"},{"floor":23.0,"key":"Bottled Lightning"},{"floor":23.0,"key":"Thread and Needle"},{"floor":24.0,"key":"Art of War"},{"floor":24.0,"key":"AT_RedTearstoneRing"},{"floor":26.0,"key":"The Courier"},{"floor":27.0,"key":"Matryoshka"},{"floor":27.0,"key":"Unceasing Top"},{"floor":28.0,"key":"Letter Opener"},{"floor":28.0,"key":"Ancient Tea Set"},{"floor":29.0,"key":"Blood Vial"},{"floor":29.0,"key":"White Beast Statue"},{"floor":30.0,"key":"Strawberry"},{"floor":30.0,"key":"Question Card"},{"floor":33.0,"key":"Akabeko"},{"floor":35.0,"key":"Omamori"},{"floor":38.0,"key":"Ice Cream"},{"floor":38.0,"key":"AT_BladeRuinedKing"},{"floor":40.0,"key":"Old Coin"},{"floor":40.0,"key":"Orichalcum"},{"floor":41.0,"key":"AT_BellowingDragoncrestRing"},{"floor":41.0,"key":"Singing Bowl"},{"floor":42.0,"key":"Lantern"},{"floor":42.0,"key":"AT_Kusabimaru"},{"floor":43.0,"key":"Oddly Smooth Stone"},{"floor":44.0,"key":"Vajra"},{"floor":44.0,"key":"PreservedInsect"},{"floor":46.0,"key":"AT_GoldPhoenixTree"},{"floor":46.0,"key":"Shovel"},{"floor":47.0,"key":"StoneCalendar"},{"floor":48.0,"key":"The Specimen"},{"floor":48.0,"key":"Prayer Wheel"},{"floor":53.0,"key":"Calipers"}],"event_choices":[{"cards_removed":["Slice"],"damage_healed":0.0,"max_hp_gain":0.0,"max_hp_loss":0.0,"gold_gain":0.0,"event_name":"Purifier","player_choice":"Purged","floor":3.0,"gold_loss":0.0,"damage_taken":0.0},{"damage_healed":0.0,"max_hp_gain":0.0,"max_hp_loss":0.0,"gold_gain":0.0,"event_name":"The Cleric","player_choice":"Leave","floor":5.0,"gold_loss":0.0,"damage_taken":0.0},{"damage_healed":0.0,"max_hp_gain":0.0,"max_hp_loss":0.0,"gold_gain":0.0,"event_name":"The Library","player_choice":"Read","floor":19.0,"gold_loss":0.0,"damage_taken":0.0,"cards_obtained":["AT_Desolate"]},{"damage_healed":0.0,"max_hp_gain":0.0,"max_hp_loss":0.0,"gold_gain":0.0,"event_name":"Drug Dealer","player_choice":"Inject Mutagens","floor":20.0,"gold_loss":0.0,"damage_taken":0.0,"relics_obtained":["MutagenicStrength"]},{"damage_healed":0.0,"max_hp_gain":5.0,"max_hp_loss":0.0,"gold_gain":0.0,"event_name":"Forgotten Altar","player_choice":"Shed Blood","floor":21.0,"gold_loss":0.0,"damage_taken":23.0},{"cards_removed":["AT_WindFlip"],"damage_healed":0.0,"max_hp_gain":0.0,"max_hp_loss":0.0,"gold_gain":0.0,"event_name":"Beggar","player_choice":"Gave Gold","floor":22.0,"gold_loss":75.0,"damage_taken":0.0},{"damage_healed":0.0,"max_hp_gain":0.0,"max_hp_loss":0.0,"gold_gain":999.0,"event_name":"MindBloom","player_choice":"Gold","floor":36.0,"gold_loss":0.0,"damage_taken":0.0,"cards_obtained":["Normality","Normality"]},{"damage_healed":0.0,"max_hp_gain":0.0,"max_hp_loss":0.0,"gold_gain":0.0,"event_name":"Mysterious Sphere","player_choice":"Fight","floor":38.0,"gold_loss":0.0,"damage_taken":0.0},{"cards_removed":["AT_Desolate"],"damage_healed":0.0,"max_hp_gain":0.0,"max_hp_loss":0.0,"gold_gain":0.0,"event_name":"Falling","player_choice":"Removed Power","floor":39.0,"gold_loss":0.0,"damage_taken":0.0}],"is_beta":false,"boss_relics":[{"not_picked":["Ectoplasm","Sozu"],"picked":"HoveringKite"},{"not_picked":["Snecko Eye","Coffee Dripper"],"picked":"Runic Pyramid"}],"items_purged_floors":[2,25,31,37,54],"is_endless":false,"potions_floor_spawned":[1,7,8,11,16,27,28,30,33,35,38,40,41,42,44,46,47,48,55],"ascension_level":20}}