{"host":"37dk0reb6x0du8wx","time":1609840902,"event":{"mods":["BaseMod","Colored Map","DeckTracker","Minty Spire (QoL Compilation)","Quick Restart","StSLib"],"gold_per_floor":[119,44,219,219,238,267,285,313,313,313,17,29,29,48,48,48,48],"floor_reached":16,"playtime":541,"items_purged":["Strike_B"],"score":187,"play_id":"ce7fa28c-bee4-4dbc-8eac-4448ab6472bf","local_time":"20210105190142","is_ascension_mode":true,"campfire_choices":[{"data":"Consume","floor":13,"key":"SMITH"},{"floor":15,"key":"REST"}],"circlet_count":0,"master_deck":["Strike_B","Strike_B","Strike_B","Defend_B","Defend_B","Defend_B","Defend_B","Zap","Dualcast","Doubt","Conserve Battery","Consume+1","Parasite"],"relics":["Cracked Core","NeowsBlessing","Happy Flower","Singing Bowl","Strawberry","DataDisk","ClockworkSouvenir"],"acts_visited":["Exordium"],"potions_floor_usage":[8],"damage_taken":[{"damage":0,"enemies":"Small Slimes","floor":1,"turns":1},{"damage":0,"enemies":"Jaw Worm","floor":5,"turns":1},{"damage":0,"enemies":"Gremlin Nob","floor":6,"turns":1},{"damage":1,"enemies":"Cultist","floor":7,"turns":3},{"damage":26,"enemies":"Lagavulin","floor":8,"turns":8},{"damage":16,"enemies":"Red Slaver","floor":12,"turns":3},{"damage":5,"enemies":"Looter","floor":14,"turns":4},{"damage":84,"enemies":"The Guardian","floor":16,"turns":12}],"seed_played":"-652901308176624709","potions_obtained":[{"floor":6,"key":"FairyPotion"},{"floor":7,"key":"Block Potion"},{"floor":12,"key":"Swift Potion"}],"is_trial":false,"path_per_floor":["M","$","?","?","M","E","M","E","T","?","$","M","R","M","R","B"],"character_chosen":"DEFECT","items_purchased":["DataDisk","ClockworkSouvenir"],"campfire_rested":1,"item_purchase_floors":[11,11],"current_hp_per_floor":[75,75,75,80,80,80,79,53,60,81,81,67,67,64,91,7,7],"gold":48,"neow_bonus":"THREE_ENEMY_KILL","is_daily":false,"chose_seed":false,"campfire_upgraded":1,"win_rate":0.0,"timestamp":1609840902,"path_taken":["M","$","?","?","?","E","M","E","T","?","$","M","R","M","R","BOSS"],"items_purchased_type":["Relic","Relic"],"build_version":"2020-12-22","purchased_purges":1,"victory":false,"max_hp_per_floor":[75,75,75,80,80,80,80,80,87,87,87,89,89,91,91,91,91],"card_choices":[{"not_picked":["Turbo","Force Field","Stack"],"picked":"SKIP","floor":1},{"not_picked":["Cold Snap","Beam Cell","Chaos"],"picked":"SKIP","floor":5},{"not_picked":["Machine Learning","Rebound","Stack"],"picked":"SKIP","floor":6},{"not_picked":["Fusion","Barrage"],"picked":"Conserve Battery","floor":7},{"not_picked":["Rebound","Capacitor"],"picked":"Consume","floor":8},{"not_picked":["Gash","Loop","Barrage"],"picked":"Singing Bowl","floor":12},{"not_picked":["Turbo","Stack","Consume"],"picked":"Singing Bowl","floor":14}],"player_experience":155942,"relics_obtained":[{"floor":6,"key":"Happy Flower"},{"floor":8,"key":"Singing Bowl"},{"floor":9,"key":"Strawberry"}],"event_choices":[{"damage_healed":0,"gold_gain":175,"player_choice":"AGREE","damage_taken":0,"max_hp_gain":0,"max_hp_loss":0,"event_name":"Liars Game","floor":3,"gold_loss":0,"cards_obtained":["Doubt"]},{"damage_healed":0,"gold_gain":0,"player_choice":"Donut","damage_taken":0,"max_hp_gain":5,"max_hp_loss":0,"event_name":"Big Fish","floor":4,"gold_loss":0},{"damage_healed":21,"gold_gain":0,"player_choice":"Healed and dodged fight","damage_taken":0,"max_hp_gain":0,"max_hp_loss":0,"event_name":"Mushrooms","floor":10,"gold_loss":0,"cards_obtained":["Parasite"]}],"is_beta":false,"boss_relics":[],"items_purged_floors":[2],"is_endless":false,"potions_floor_spawned":[6,7,12],"killed_by":"The Guardian","ascension_level":4}}