{"host":"sefvftc5g87x47w2","time":1609864707,"event":{"mods":["AchievementEnabler","BaseMod","Colored Map","Colored Powertips","DeckTracker","Minty Spire (QoL Compilation)","Quick Restart","Rare Cards Sparkle","StSLib","everything is the same but u backflip on backflip"],"gold_per_floor":[112,132,82,97,97,97,108,108,186,204,215,226,257,257,257,257,257],"floor_reached":16,"playtime":1194,"items_purged":[],"score":103,"play_id":"f0991fe0-f132-4dfa-976d-3b000cba7987","local_time":"20210106013827","is_ascension_mode":false,"campfire_choices":[{"data":"Poisoned Stab","floor":6,"key":"SMITH"},{"data":"Prepared","floor":15,"key":"SMITH"}],"circlet_count":0,"master_deck":["Strike_G","Strike_G","Strike_G","Defend_G","Defend_G","Defend_G","Defend_G","Defend_G","Survivor","Neutralize","Expertise","Poisoned Stab+1","Blur","Dagger Throw","Bane","PiercingWail","Dagger Spray","Flechettes","Prepared+1"],"relics":["Ring of the Snake","NeowsBlessing","Centennial Puzzle","Spirit Poop","HornCleat","Omamori"],"acts_visited":["Exordium"],"potions_floor_usage":[12,12,13],"damage_taken":[{"damage":0,"enemies":"2 Louse","floor":1,"turns":1},{"damage":0,"enemies":"Cultist","floor":2,"turns":1},{"damage":0,"enemies":"Small Slimes","floor":4,"turns":1},{"damage":24,"enemies":"Gremlin Gang","floor":7,"turns":6},{"damage":0,"enemies":"2 Fungi Beasts","floor":10,"turns":3},{"damage":2,"enemies":"3 Louse","floor":11,"turns":3},{"damage":6,"enemies":"Lots of Slimes","floor":12,"turns":5},{"damage":19,"enemies":"3 Sentries","floor":13,"turns":7},{"damage":21,"enemies":"The Guardian","floor":16,"turns":8}],"seed_played":"8397340867731340039","potions_obtained":[{"floor":1,"key":"SteroidPotion"},{"floor":7,"key":"AttackPotion"},{"floor":11,"key":"GamblersBrew"}],"is_trial":false,"path_per_floor":["M","M","?","M","?","R","M","?","T","M","M","M","E","?","R","B"],"character_chosen":"THE_SILENT","items_purchased":[],"campfire_rested":0,"item_purchase_floors":[],"current_hp_per_floor":[70,70,70,70,70,70,46,46,46,46,44,38,19,19,19,0,0],"gold":257,"neow_bonus":"THREE_ENEMY_KILL","is_daily":false,"chose_seed":false,"campfire_upgraded":2,"win_rate":0.0,"timestamp":1609864707,"path_taken":["M","M","?","M","?","R","M","?","T","M","?","M","E","?","R","BOSS"],"items_purchased_type":[],"build_version":"2020-12-22","purchased_purges":0,"victory":false,"max_hp_per_floor":[70,70,70,70,70,70,70,70,70,70,70,70,70,70,70,70,70],"card_choices":[{"not_picked":["Endless Agony","Dodge and Roll"],"picked":"Expertise","floor":1},{"not_picked":["Sucker Punch","Leg Sweep"],"picked":"Poisoned Stab","floor":2},{"not_picked":["Dagger Spray","Finisher"],"picked":"Blur","floor":4},{"not_picked":["Distraction","Predator"],"picked":"Dagger Throw","floor":7},{"not_picked":["Dodge and Roll","Distraction"],"picked":"Bane","floor":10},{"not_picked":["Blade Dance","Dagger Spray"],"picked":"PiercingWail","floor":11},{"not_picked":["Finisher","Reflex"],"picked":"Dagger Spray","floor":12},{"not_picked":["Dodge and Roll","Blade Dance"],"picked":"Flechettes","floor":13}],"player_experience":73316,"relics_obtained":[{"floor":9,"key":"HornCleat"},{"floor":13,"key":"Omamori"}],"event_choices":[{"cards_removed":["Strike_G"],"damage_healed":0,"gold_gain":0,"player_choice":"Card Removal","damage_taken":0,"max_hp_gain":0,"max_hp_loss":0,"event_name":"The Cleric","floor":3,"gold_loss":50},{"damage_healed":0,"gold_gain":0,"player_choice":"Box","damage_taken":0,"relics_obtained":["Centennial Puzzle"],"max_hp_gain":0,"max_hp_loss":0,"event_name":"Big Fish","floor":5,"gold_loss":0,"cards_obtained":["Regret"]},{"cards_removed":["Regret"],"damage_healed":0,"gold_gain":0,"player_choice":"Offered Curse","damage_taken":0,"relics_obtained":["Spirit Poop"],"max_hp_gain":0,"max_hp_loss":0,"event_name":"Bonfire Elementals","floor":8,"gold_loss":0},{"damage_healed":0,"gold_gain":0,"cards_transformed":["Strike_G"],"player_choice":"Transformed","damage_taken":0,"max_hp_gain":0,"max_hp_loss":0,"event_name":"Transmorgrifier","floor":14,"gold_loss":0,"cards_obtained":["Prepared"]}],"is_beta":false,"boss_relics":[],"items_purged_floors":[],"is_endless":false,"potions_floor_spawned":[1,7,11],"killed_by":"The Guardian","ascension_level":0}}