{"host":"50qwps766cbz6ukm","time":1609839032,"event":{"mods":["BaseMod","Colored Map","Colored Powertips","DeckTracker","Highlight Path","Infinite Spire","Minty Spire (QoL Compilation)","Quick Restart","Remove Card Discount Mod","StSLib","SuperFastMode","Synergy Search"],"gold_per_floor":[112,112,123,46,63,63,89,102,128,128,128],"floor_reached":10,"playtime":298,"items_purged":["Pain"],"score":85,"play_id":"81826626-cedf-4869-b020-2e6a37bb72f2","local_time":"20210105113032","is_ascension_mode":true,"campfire_choices":[{"data":"Eruption","floor":6,"key":"SMITH"}],"circlet_count":0,"master_deck":["Strike_P","Strike_P","Strike_P","Strike_P","Defend_P","Defend_P","Defend_P","Defend_P","Eruption+1","Vigilance","Evaluate","Adaptation","MentalFortress","FlurryOfBlows","DevaForm","CarveReality"],"relics":["PureWater","NeowsBlessing","WarpedTongs","Akabeko","MealTicket"],"acts_visited":["Exordium"],"potions_floor_usage":[7],"damage_taken":[{"damage":0,"enemies":"2 Louse","floor":1,"turns":1},{"damage":3,"enemies":"Cultist","floor":3,"turns":2},{"damage":0,"enemies":"Jaw Worm","floor":5,"turns":1},{"damage":40,"enemies":"Lagavulin","floor":7,"turns":3},{"damage":18,"enemies":"Large Slime","floor":8,"turns":7},{"damage":6,"enemies":"3 Sentries","floor":10,"turns":2}],"seed_played":"-2142870822016275990","potions_obtained":[{"floor":1,"key":"ColorlessPotion"},{"floor":5,"key":"LiquidMemories"}],"is_trial":false,"path_per_floor":["M","?","M","$","M","R","E","M","T","E"],"character_chosen":"WATCHER","items_purchased":["MentalFortress"],"campfire_rested":0,"item_purchase_floors":[4],"current_hp_per_floor":[72,72,69,69,69,69,29,11,11,5,5],"gold":128,"neow_bonus":"THREE_ENEMY_KILL","is_daily":false,"chose_seed":false,"campfire_upgraded":1,"win_rate":0.0,"timestamp":1609839032,"path_taken":["M","?","?","$","M","R","E","?","T","E"],"items_purchased_type":["Card"],"build_version":"2020-12-22","purchased_purges":1,"victory":false,"max_hp_per_floor":[72,72,72,72,72,72,72,72,72,72,72],"card_choices":[{"not_picked":["Vengeance","Nirvana"],"picked":"Evaluate","floor":1},{"not_picked":["SashWhip","Collect"],"picked":"Adaptation","floor":3},{"not_picked":["JustLucky","Sanctity"],"picked":"FlurryOfBlows","floor":5},{"not_picked":["PathToVictory","EmptyFist"],"picked":"DevaForm","floor":7},{"not_picked":["BowlingBash","Nirvana"],"picked":"CarveReality","floor":8}],"player_experience":557671,"relics_obtained":[{"floor":7,"key":"Akabeko"},{"floor":9,"key":"MealTicket"}],"event_choices":[{"damage_healed":0,"gold_gain":0,"player_choice":"Rummage","damage_taken":0,"relics_obtained":["WarpedTongs"],"max_hp_gain":0,"max_hp_loss":0,"event_name":"Accursed Blacksmith","floor":2,"gold_loss":0,"cards_obtained":["Pain"]}],"is_beta":false,"boss_relics":[],"items_purged_floors":[4],"is_endless":false,"potions_floor_spawned":[1,5],"killed_by":"3 Sentries","ascension_level":5}}