{"host":"kh6fvhxn285ncg0o","time":1609827151,"event":{"mods":["Act Like it!","BaseMod","Colored Map","Friendly Minions","Keyboard Shortcuts","Minty Spire (QoL Compilation)","Quick Restart","Relic Stats","StSLib","SuperFastMode"],"gold_per_floor":[115,115,133,208,220,220,231,231,231,231,231],"floor_reached":10,"playtime":105,"items_purged":[],"score":116,"play_id":"b7f25293-8b62-463a-bea4-3650c94d09ef","local_time":"20210105151231","is_ascension_mode":true,"campfire_choices":[{"floor":6,"key":"REST"}],"circlet_count":0,"master_deck":["AscendersBane","Strike_R","Strike_R","Strike_R","Strike_R","Defend_R","Defend_R","Defend_R","Defend_R","Bash","Evolve","Spot Weakness+1"],"relics":["Sozu","Ornamental Fan"],"acts_visited":["Exordium"],"potions_floor_usage":[],"damage_taken":[{"damage":4,"enemies":"Small Slimes","floor":1,"turns":3},{"damage":7,"enemies":"Jaw Worm","floor":3,"turns":3},{"damage":7,"enemies":"2 Louse","floor":5,"turns":3},{"damage":11,"enemies":"Looter","floor":7,"turns":3},{"damage":52,"enemies":"Gremlin Nob","floor":10,"turns":4}],"seed_played":"-6926856344490598790","potions_obtained":[],"is_trial":false,"path_per_floor":["M","?","M","?","M","R","M","?","T","E"],"character_chosen":"IRONCLAD","items_purchased":[],"campfire_rested":1,"item_purchase_floors":[],"current_hp_per_floor":[64,57,50,39,32,54,43,43,43,0,0],"gold":231,"neow_bonus":"BOSS_RELIC","is_daily":false,"chose_seed":false,"campfire_upgraded":0,"win_rate":0.0,"timestamp":1609827151,"path_taken":["M","?","M","?","M","R","M","?","T","E"],"items_purchased_type":[],"build_version":"2020-12-22","purchased_purges":0,"victory":false,"max_hp_per_floor":[75,75,75,75,75,75,75,75,75,75,75],"relic_stats":{"Sozu":2,"counters":[5,16],"Ornamental Fan":[8],"obtain_stats":[{"Sozu":0,"Ornamental Fan":9,"Burning Blood":0},{"Sozu":0,"Ornamental Fan":4,"Burning Blood":0},{"Sozu":0,"Ornamental Fan":12,"Burning Blood":0}]},"card_choices":[{"not_picked":["Second Wind","Headbutt"],"picked":"Evolve","floor":1},{"not_picked":["Intimidate","Heavy Blade"],"picked":"Spot Weakness","floor":5}],"player_experience":3369494,"relics_obtained":[{"floor":9,"key":"Ornamental Fan"}],"event_choices":[{"cards_removed":["Strike_R"],"damage_healed":0,"gold_gain":0,"player_choice":"Card Removal","damage_taken":7,"max_hp_gain":0,"max_hp_loss":0,"event_name":"Golden Wing","floor":2,"gold_loss":0},{"damage_healed":0,"gold_gain":75,"player_choice":"Gather Gold","damage_taken":11,"max_hp_gain":0,"max_hp_loss":0,"event_name":"World of Goop","floor":4,"gold_loss":0},{"damage_healed":0,"gold_gain":0,"player_choice":"Grow","damage_taken":0,"max_hp_gain":0,"max_hp_loss":0,"event_name":"Living Wall","floor":8,"gold_loss":0,"cards_upgraded":["Spot Weakness"]}],"is_beta":false,"boss_relics":[],"items_purged_floors":[],"is_endless":false,"potions_floor_spawned":[1,7],"killed_by":"Gremlin Nob","ascension_level":20}}