{"host":"sc0o2qwpf9j16a4i","time":1609838830,"event":{"mods":["AchievementEnabler","BaseMod","BetterRewards","Block Reminder","Colored Map","Colored Powertips","Custom Start","Highlight Path","Minty Spire (QoL Compilation)","Relic Stats"],"gold_per_floor":[113,113,131,96,112,112,153,166,166,213,252,278,290,323,335,438,450,486,83,83,106,129,129,164,164,164,164,191,239,239,34,34,136,136,170,170,170,203,285,285,312,364,364,364,387,387,400,428,428,428,428],"floor_reached":50,"playtime":1368,"items_purged":["Strike_R"],"score":1491,"play_id":"65213392-7f2d-4eff-bb5b-76caa30e78de","local_time":"20210105112710","is_ascension_mode":true,"campfire_choices":[{"data":"Whirlwind","floor":6.0,"key":"SMITH"},{"data":"Flex","floor":13.0,"key":"SMITH"},{"data":"Fire Breathing","floor":15.0,"key":"SMITH"},{"data":"Battle Trance","floor":23,"key":"SMITH"},{"data":"Flame Barrier","floor":25,"key":"SMITH"},{"data":"Shrug It Off","floor":30,"key":"SMITH"},{"data":"Feel No Pain","floor":32,"key":"SMITH"},{"data":"Offering","floor":40,"key":"SMITH"},{"floor":44,"key":"REST"},{"floor":49,"key":"RECALL"}],"circlet_count":0,"master_deck":["AscendersBane","Strike_R+1","Strike_R+1","Strike_R+1","Defend_R+1","Defend_R+1","Defend_R+1","Defend_R+1","Bash","Wild Strike","Whirlwind+1","Fire Breathing+1","Thunderclap","Flame Barrier+1","Flex+1","Battle Trance+1","Bludgeon","Armaments+1","Shrug It Off+1","Feel No Pain+1","Shrug It Off+1","Second Wind","Offering+1","True Grit+1","Whirlwind+1","Dark Shackles","Apotheosis","Metamorphosis","Feed","Flame Barrier","True Grit"],"relics":["Burning Blood","Bronze Scales","Pantograph","FossilizedHelix","Chemical X","Tiny Chest","Golden Idol","Lantern","MawBank","Odd Mushroom","Pen Nib","Mark of Pain","Orichalcum","Centennial Puzzle","Bottled Lightning","Ice Cream","Red Skull","CeramicFish","OrangePellets","Velvet Choker","Bottled Flame","Akabeko","Toy Ornithopter"],"acts_visited":["Exordium","TheCity","TheBeyond"],"potions_floor_usage":[16,50,50,50,50],"damage_taken":[{"damage":0.0,"enemies":"2 Louse","floor":1.0,"turns":3.0},{"damage":0.0,"enemies":"Small Slimes","floor":3.0,"turns":3.0},{"damage":0.0,"enemies":"Jaw Worm","floor":5.0,"turns":2.0},{"damage":24.0,"enemies":"Gremlin Nob","floor":7.0,"turns":4.0},{"damage":0.0,"enemies":"Red Slaver","floor":8.0,"turns":2.0},{"damage":8.0,"enemies":"The Mushroom Lair","floor":10.0,"turns":3.0},{"damage":0.0,"enemies":"Exordium Wildlife","floor":12.0,"turns":4.0},{"damage":0.0,"enemies":"Blue Slaver","floor":14.0,"turns":3.0},{"damage":0,"enemies":"Slime Boss","floor":16,"turns":4},{"damage":0,"enemies":"Chosen","floor":18,"turns":3},{"damage":0,"enemies":"3 Byrds","floor":21,"turns":1},{"damage":6,"enemies":"3 Cultists","floor":22,"turns":3},{"damage":24,"enemies":"Book of Stabbing","floor":24,"turns":4},{"damage":0,"enemies":"Slavers","floor":29,"turns":2},{"damage":7,"enemies":"Champ","floor":33,"turns":15},{"damage":0,"enemies":"Orb Walker","floor":35,"turns":2},{"damage":0,"enemies":"3 Shapes","floor":38,"turns":4},{"damage":25,"enemies":"Nemesis","floor":42,"turns":6},{"damage":16,"enemies":"Spire Growth","floor":45,"turns":6},{"damage":10,"enemies":"Maw","floor":47,"turns":6},{"damage":6,"enemies":"Jaw Worm Horde","floor":48,"turns":3},{"damage":76,"enemies":"Awakened One","floor":50,"turns":19}],"seed_played":"-3480476642191032075","potions_obtained":[{"floor":3.0,"key":"BlessingOfTheForge"},{"floor":7.0,"key":"FearPotion"},{"floor":14.0,"key":"EntropicBrew"},{"floor":16,"key":"BlessingOfTheForge"}],"is_trial":false,"path_per_floor":["M","?","M","?","M","R","E","M","T","?","T","M","R","M","R","B",null,"M","$","?","M","M","R","E","R","T","T","T","E","R","$","R","B",null,"M","?","?","M","T","R","?","E","T","R","M","?","M","M","R","B"],"character_chosen":"IRONCLAD","items_purchased":["Bronze Scales","Pantograph","FossilizedHelix","Chemical X","Tiny Chest","Orichalcum","Centennial Puzzle","OrangePellets","Second Wind"],"campfire_rested":1,"item_purchase_floors":[0,0,0,0,0,19,19,31,31],"current_hp_per_floor":[28,28,34,51,57,57,39,45,45,43,43,49,49,55,55,68,68,68,68,68,68,68,68,50,50,50,50,50,56,56,56,56,67,68,68,68,68,68,68,68,58,39,39,59,49,45,41,41,41,0,0],"gold":428,"neow_bonus":"","is_daily":false,"chose_seed":false,"campfire_upgraded":8,"win_rate":0.0,"timestamp":1609838830,"path_taken":["M","?","M","?","M","R","E","M","T","?","?","M","R","?","R","BOSS","M","$","?","M","M","R","E","R","T","?","?","E","R","?","R","BOSS","M","?","?","M","?","R","?","E","T","R","M","?","?","M","R","BOSS"],"items_purchased_type":["Relic","Relic","Relic","Relic","Relic","Relic","Relic","Relic","Card"],"build_version":"2020-12-22","purchased_purges":1,"victory":false,"max_hp_per_floor":[75,68,68,68,68,68,68,68,68,68,68,68,68,68,68,68,68,68,68,68,68,68,68,68,68,68,68,68,68,68,68,68,68,68,68,68,68,68,68,68,68,68,68,68,68,68,68,68,68,68,68],"relic_stats":{"counters":[60,318],"Golden Idol":128,"CeramicFish":99,"Pen Nib":[8],"Orichalcum":[84],"MawBank":120,"Burning Blood":310,"OrangePellets":[5],"Centennial Puzzle":[24],"Bronze Scales":[288],"Pantograph":88,"Tiny Chest":3,"Chemical X":[25],"obtain_stats":[{"Darkstone Periapt":9,"Ice Cream":27,"Regal Pillow":48,"Lantern":7,"CeramicFish":29,"Magic Flower":26,"Mango":8,"Bag of Preparation":27,"Ancient Tea Set":12,"Burning Blood":0,"Centennial Puzzle":19,"Mummified Hand":44,"Pantograph":24,"Tiny Chest":0,"Fusion Hammer":17,"WingedGreaves":24,"Red Mask":19,"Chemical X":0,"InkBottle":26,"Red Skull":28,"Paper Frog":0,"Runic Pyramid":34,"Girya":9,"Lee\u0027s Waffle":12,"Golden Idol":2,"Velvet Choker":34,"The Courier":31,"Pen Nib":11,"Odd Mushroom":10,"Orichalcum":19,"MawBank":9,"Akabeko":42,"OrangePellets":44,"Bottled Flame":39,"Shuriken":8,"Bloody Idol":28,"Bronze Scales":0,"Mark of Pain":17,"Bottled Lightning":24,"TungstenRod":20,"FossilizedHelix":0,"Toy Ornithopter":43},{"Darkstone Periapt":19,"Ice Cream":51,"Regal Pillow":37,"Lantern":42,"CeramicFish":52,"Magic Flower":27,"Mango":19,"Bag of Preparation":12,"Ancient Tea Set":20,"Burning Blood":0,"Centennial Puzzle":48,"Mummified Hand":35,"Pantograph":27,"Tiny Chest":38,"Fusion Hammer":8,"WingedGreaves":11,"Red Mask":24,"Chemical X":38,"InkBottle":11,"Red Skull":51,"Paper Frog":13,"Runic Pyramid":31,"Girya":5,"Lee\u0027s Waffle":6,"Golden Idol":1,"Velvet Choker":53,"The Courier":30,"Pen Nib":44,"Odd Mushroom":44,"Orichalcum":48,"MawBank":43,"Akabeko":56,"OrangePellets":35,"Bottled Flame":55,"Shuriken":5,"Bloody Idol":12,"Bronze Scales":38,"Mark of Pain":22,"Bottled Lightning":51,"TungstenRod":24,"FossilizedHelix":38,"Toy Ornithopter":56},{"Darkstone Periapt":80,"Ice Cream":255,"Regal Pillow":201,"Lantern":228,"CeramicFish":257,"Magic Flower":126,"Mango":80,"Bag of Preparation":55,"Ancient Tea Set":84,"Burning Blood":0,"Centennial Puzzle":247,"Mummified Hand":188,"Pantograph":126,"Tiny Chest":216,"Fusion Hammer":35,"WingedGreaves":50,"Red Mask":104,"Chemical X":216,"InkBottle":50,"Red Skull":255,"Paper Frog":59,"Runic Pyramid":156,"Girya":19,"Lee\u0027s Waffle":21,"Golden Idol":4,"Velvet Choker":272,"The Courier":145,"Pen Nib":233,"Odd Mushroom":233,"Orichalcum":247,"MawBank":230,"Akabeko":284,"OrangePellets":188,"Bottled Flame":278,"Shuriken":19,"Bloody Idol":55,"Bronze Scales":216,"Mark of Pain":96,"Bottled Lightning":255,"TungstenRod":104,"FossilizedHelix":216,"Toy Ornithopter":284}],"Toy Ornithopter":7},"card_choices":[{"not_picked":["Armaments","Hemokinesis"],"picked":"Wild Strike","floor":1.0},{"not_picked":["Shrug It Off","Body Slam"],"picked":"Whirlwind","floor":3.0},{"not_picked":["Shrug It Off","Evolve"],"picked":"Fire Breathing","floor":5.0},{"not_picked":["Pommel Strike","Iron Wave"],"picked":"Thunderclap","floor":7.0},{"not_picked":["Warcry","Rampage"],"picked":"Flame Barrier","floor":8.0},{"not_picked":["Iron Wave","Twin Strike"],"picked":"Flex","floor":10.0},{"not_picked":["Fiend Fire","Warcry","Clash"],"picked":"SKIP","floor":12.0},{"not_picked":["Armaments","Clothesline"],"picked":"Battle Trance","floor":14.0},{"not_picked":["Reaper","Feed"],"picked":"Bludgeon","floor":16},{"not_picked":["Clash+1","Metallicize"],"picked":"Armaments+1","floor":18},{"not_picked":["Sever Soul","Flex","Cleave"],"picked":"SKIP","floor":21},{"not_picked":["Entrench","Heavy Blade"],"picked":"Shrug It Off+1","floor":22},{"not_picked":["Berserk","Warcry"],"picked":"Feel No Pain","floor":24},{"not_picked":["Clothesline","Body Slam"],"picked":"Shrug It Off","floor":29},{"not_picked":["Reaper","Immolate"],"picked":"Offering","floor":33},{"not_picked":["Twin Strike","Heavy Blade"],"picked":"True Grit+1","floor":35},{"not_picked":["Thunderclap","Searing Blow"],"picked":"Whirlwind+1","floor":38},{"not_picked":["Mind Blast","Swift Strike"],"picked":"Dark Shackles","floor":41},{"not_picked":["Purity","Magnetism"],"picked":"Apotheosis","floor":41},{"not_picked":["Impatience","Dramatic Entrance"],"picked":"Metamorphosis","floor":41},{"not_picked":["Hemokinesis","Havoc+1"],"picked":"Feed","floor":42},{"not_picked":["Intimidate","Havoc"],"picked":"Flame Barrier","floor":45},{"not_picked":["Anger","Armaments","Pommel Strike"],"picked":"SKIP","floor":47},{"not_picked":["Body Slam","Heavy Blade+1"],"picked":"True Grit","floor":48}],"player_experience":546098,"relics_obtained":[{"floor":7.0,"key":"Lantern"},{"floor":9.0,"key":"MawBank"},{"floor":10.0,"key":"Odd Mushroom"},{"floor":11.0,"key":"Pen Nib"},{"floor":24,"key":"Bottled Lightning"},{"floor":27,"key":"Ice Cream"},{"floor":28,"key":"Red Skull"},{"floor":29,"key":"CeramicFish"},{"floor":39,"key":"Bottled Flame"},{"floor":42,"key":"Akabeko"},{"floor":43,"key":"Toy Ornithopter"}],"event_choices":[{"damage_healed":0.0,"max_hp_gain":0.0,"max_hp_loss":7.0,"gold_gain":0.0,"event_name":"Golden Idol","player_choice":"Lose Max HP","floor":2.0,"gold_loss":0.0,"damage_taken":0.0,"relics_obtained":["Golden Idol"]},{"damage_healed":17.0,"max_hp_gain":0.0,"max_hp_loss":0.0,"gold_gain":0.0,"event_name":"The Cleric","player_choice":"Healed","floor":4.0,"gold_loss":35.0,"damage_taken":0.0},{"damage_healed":0.0,"max_hp_gain":0.0,"max_hp_loss":0.0,"gold_gain":0.0,"event_name":"Mushrooms","player_choice":"Fought Mushrooms","floor":10.0,"gold_loss":0.0,"damage_taken":0.0},{"damage_healed":0,"gold_gain":0,"player_choice":"Simplicity","damage_taken":0,"max_hp_gain":0,"max_hp_loss":0,"event_name":"Back to Basics","floor":20,"gold_loss":0,"cards_upgraded":["Strike_R","Strike_R","Strike_R","Strike_R","Defend_R","Defend_R","Defend_R","Defend_R"]},{"damage_healed":0,"gold_gain":0,"player_choice":"Ignored","damage_taken":0,"max_hp_gain":0,"max_hp_loss":0,"event_name":"Tomb of Lord Red Mask","floor":36,"gold_loss":0},{"cards_removed":["Strike_R"],"damage_healed":0,"gold_gain":0,"player_choice":"Purged","damage_taken":0,"max_hp_gain":0,"max_hp_loss":0,"event_name":"Purifier","floor":37,"gold_loss":0},{"damage_healed":0,"gold_gain":0,"player_choice":"Memory 3","damage_taken":10,"max_hp_gain":0,"max_hp_loss":0,"event_name":"SensoryStone","floor":41,"gold_loss":0},{"damage_healed":0,"gold_gain":0,"player_choice":"Bought 0 Potions","damage_taken":0,"max_hp_gain":0,"max_hp_loss":0,"event_name":"The Woman in Blue","floor":46,"gold_loss":0}],"is_beta":false,"boss_relics":[{"not_picked":["Ectoplasm","SlaversCollar"],"picked":"Mark of Pain"},{"not_picked":["Runic Cube","Runic Dome"],"picked":"Velvet Choker"}],"items_purged_floors":[19],"is_endless":false,"potions_floor_spawned":[3,7,10,14,16,21,38,45,47],"killed_by":"Awakened One","ascension_level":20}}