{"host":"iyinq9z1nwwa1sts","time":1609843198,"event":{"mods":["BaseMod","Colored Map","Downfall","Minty Spire (QoL Compilation)","Replay The Spire","StSLib"],"gold_per_floor":[114,125,135,151,163,163,195,195,221,251,261,276,311,322,322,425,425,437,449,449,449,462,23,23,23],"floor_reached":24,"playtime":1893,"items_purged":[],"score":233,"play_id":"56b15b33-537b-4f3c-b224-575a74d0d2ab","local_time":"20210105183958","is_ascension_mode":true,"campfire_choices":[{"data":"ReplayTheSpireMod:Corrosion Curse","floor":6.0,"key":"SMITH"},{"data":"Armaments","floor":8.0,"key":"SMITH"},{"floor":15.0,"key":"REST"}],"circlet_count":0,"master_deck":["Strike_R","Strike_R","Strike_R","Strike_R","Strike_R","Defend_R","Defend_R","Defend_R","Defend_R","Bash","Dropkick","Cleave","ReplayTheSpireMod:Corrosion Curse+1","Armaments+1","Blood for Blood","Thunderclap","Replay:Many Hands","Life Link","Shrug It Off","Headbutt","Flex","Berserk","Hemokinesis+1","Entrench+1","Flame Barrier","Spot Weakness+1","HandOfGreed","Specialist","Shrug It Off"],"relics":["Burning Blood","NeowsBlessing","Omamori","Orichalcum","Boot","Bag of Preparation","Electric Blood","Enchiridion","ClockworkSouvenir"],"acts_visited":["Exordium","TheCity"],"potions_floor_usage":[16,16],"damage_taken":[{"damage":0.0,"enemies":"Cultist","floor":1.0,"turns":1.0},{"damage":0.0,"enemies":"2 Louse","floor":2.0,"turns":1.0},{"damage":0.0,"enemies":"Jaw Worm","floor":3.0,"turns":1.0},{"damage":9.0,"enemies":"Looter","floor":4.0,"turns":4.0},{"damage":17.0,"enemies":"Exordium Wildlife","floor":5.0,"turns":4.0},{"damage":11.0,"enemies":"Lagavulin","floor":7.0,"turns":6.0},{"damage":32.0,"enemies":"3 Sentries","floor":10.0,"turns":7.0},{"damage":17.0,"enemies":"Large Slime","floor":11.0,"turns":6.0},{"damage":2.0,"enemies":"Blue Slaver","floor":12.0,"turns":5.0},{"damage":17.0,"enemies":"Gremlin Nob","floor":13.0,"turns":3.0},{"damage":3.0,"enemies":"Exordium Wildlife","floor":14.0,"turns":3.0},{"damage":40,"enemies":"Fading Forest","floor":16,"turns":11},{"damage":5,"enemies":"3 Byrds","floor":18,"turns":2},{"damage":6,"enemies":"Chosen","floor":19,"turns":3},{"damage":39,"enemies":"Sentry and Sphere","floor":22,"turns":5},{"damage":36,"enemies":"Book of Stabbing","floor":24,"turns":3}],"seed_played":"8639021322848368300","potions_obtained":[{"floor":2.0,"key":"ColorlessPotion"},{"floor":4.0,"key":"Dexterity Potion"},{"floor":10.0,"key":"SteroidPotion"},{"floor":12.0,"key":"Swift Potion"},{"floor":13.0,"key":"Weak Potion"}],"is_trial":false,"path_per_floor":["M","M","M","M","M","R","E","R","T","E","M","M","E","M","R","B",null,"M","M","?","?","M","$","E"],"character_chosen":"IRONCLAD","items_purchased":["HandOfGreed","Specialist","ClockworkSouvenir","Shrug It Off"],"campfire_rested":1,"item_purchase_floors":[23,23,23,23],"current_hp_per_floor":[80,80,80,77,66,66,61,61,61,35,24,28,17,20,44,18,80,80,80,80,64,31,31,0,0],"gold":23,"neow_bonus":"THREE_ENEMY_KILL","is_daily":false,"chose_seed":false,"campfire_upgraded":2,"win_rate":0.0,"timestamp":1609843198,"path_taken":["M","?","?","M","M","R","E","R","T","E","M","M","E","?","R","BOSS","M","M","?","?","M","$","E"],"items_purchased_type":["Card","Card","Relic","Card"],"build_version":"2020-12-22","purchased_purges":0,"victory":false,"max_hp_per_floor":[80,80,80,80,80,80,80,80,80,80,80,80,80,80,80,80,80,80,80,80,80,80,80,80,80],"card_choices":[{"not_picked":["Havoc","Perfected Strike"],"picked":"Dropkick","floor":1.0},{"not_picked":["Wild Strike","Clash"],"picked":"Cleave","floor":2.0},{"not_picked":["Bloodletting","Anger"],"picked":"ReplayTheSpireMod:Corrosion Curse","floor":3.0},{"not_picked":["True Grit","Flex"],"picked":"Armaments","floor":4.0},{"not_picked":["True Grit","Pommel Strike"],"picked":"Blood for Blood","floor":5.0},{"not_picked":["Burning Pact","Armaments"],"picked":"Thunderclap","floor":7.0},{"not_picked":["Run Through","Searing Blow"],"picked":"Replay:Many Hands","floor":10.0},{"not_picked":["Thunderclap","Evolve"],"picked":"Life Link","floor":11.0},{"not_picked":["Combust","Dark Embrace"],"picked":"Shrug It Off","floor":12.0},{"not_picked":["Sword Boomerang","Replay:Undeath\u0027s Touch"],"picked":"Headbutt","floor":13.0},{"not_picked":["Run Through","Clash"],"picked":"Flex","floor":14.0},{"not_picked":["Impervious","Fiend Fire"],"picked":"Berserk","floor":16},{"not_picked":["Headbutt+1","Cleave"],"picked":"Hemokinesis+1","floor":18},{"not_picked":["Reckless Charge","Replay:Undeath\u0027s Touch"],"picked":"Entrench+1","floor":19},{"not_picked":["Clash+1","Pommel Strike"],"picked":"Spot Weakness+1","floor":22}],"player_experience":93301,"relics_obtained":[{"floor":7.0,"key":"Omamori"},{"floor":9.0,"key":"Orichalcum"},{"floor":10.0,"key":"Boot"},{"floor":13.0,"key":"Bag of Preparation"},{"floor":21,"key":"Enchiridion"}],"event_choices":[{"damage_healed":0,"gold_gain":0,"player_choice":"Read","damage_taken":0,"max_hp_gain":0,"max_hp_loss":0,"event_name":"The Library","floor":20,"gold_loss":0,"cards_obtained":["Flame Barrier"]},{"damage_healed":0,"gold_gain":0,"player_choice":"Obtained Book","damage_taken":16,"max_hp_gain":0,"max_hp_loss":0,"event_name":"Cursed Tome","floor":21,"gold_loss":0}],"is_beta":false,"boss_relics":[{"not_picked":["Astrolabe","Honey Jar"],"picked":"Electric Blood"}],"items_purged_floors":[],"is_endless":false,"potions_floor_spawned":[2,4,10,12,13],"killed_by":"Book of Stabbing","ascension_level":1}}