{"host":"mydft8i2zzydgggw","time":1609858812,"event":{"mods":["AchievementEnabler","BaseMod","Colored Map","Colored Powertips","DeckTracker","Keyboard Shortcuts","Minty Spire (QoL Compilation)","Quick Restart","Rare Cards Sparkle","StSLib","SuperFastMode","The Poker Player","everything is the same but u backflip on backflip"],"gold_per_floor":[115,127,227,239,259,259,293,293,293,293,293],"floor_reached":10,"playtime":247,"items_purged":[],"score":78,"play_id":"2666e225-749a-40c0-8f6d-e42e546abc87","local_time":"20210106000012","is_ascension_mode":true,"campfire_choices":[{"data":"Eruption","floor":6,"key":"SMITH"},{"floor":8,"key":"REST"}],"circlet_count":0,"master_deck":["Strike_P","Strike_P","Strike_P","Strike_P","Defend_P","Defend_P","Defend_P","Defend_P","Eruption+1","Vigilance","Halt","Indignation","Prostrate","Conclude"],"relics":["PureWater","MealTicket","Orichalcum"],"acts_visited":["Exordium"],"potions_floor_usage":[7,10],"damage_taken":[{"damage":0,"enemies":"2 Louse","floor":1,"turns":3},{"damage":1,"enemies":"Cultist","floor":2,"turns":3},{"damage":4,"enemies":"Small Slimes","floor":4,"turns":3},{"damage":5,"enemies":"Looter","floor":5,"turns":3},{"damage":68,"enemies":"Gremlin Nob","floor":7,"turns":6},{"damage":25,"enemies":"3 Sentries","floor":10,"turns":4}],"seed_played":"2700885028732077695","potions_obtained":[{"floor":5,"key":"Dexterity Potion"},{"floor":7,"key":"FearPotion"}],"is_trial":false,"path_per_floor":["M","M","?","M","M","R","E","R","T","E"],"character_chosen":"WATCHER","items_purchased":[],"campfire_rested":1,"item_purchase_floors":[],"current_hp_per_floor":[79,78,78,74,69,69,1,24,24,0,0],"gold":293,"neow_bonus":"TEN_PERCENT_HP_BONUS","is_daily":false,"chose_seed":false,"campfire_upgraded":1,"win_rate":0.0,"timestamp":1609858812,"path_taken":["M","M","?","?","M","R","E","R","T","E"],"items_purchased_type":[],"build_version":"2020-12-22","purchased_purges":0,"victory":false,"max_hp_per_floor":[79,79,79,79,79,79,79,79,79,79,79],"card_choices":[{"not_picked":["JustLucky","LikeWater"],"picked":"Halt","floor":1},{"not_picked":["CrushJoints","LikeWater"],"picked":"Indignation","floor":2},{"not_picked":["JustLucky","Wallop"],"picked":"Prostrate","floor":4},{"not_picked":["ThirdEye","Crescendo","FlyingSleeves"],"picked":"SKIP","floor":5},{"not_picked":["Swivel","Protect"],"picked":"Conclude","floor":7}],"player_experience":105247,"relics_obtained":[{"floor":7,"key":"MealTicket"},{"floor":9,"key":"Orichalcum"}],"event_choices":[{"damage_healed":0,"gold_gain":100,"player_choice":"Gold","damage_taken":0,"max_hp_gain":0,"max_hp_loss":0,"event_name":"Wheel of Change","floor":3,"gold_loss":0}],"is_beta":false,"boss_relics":[],"items_purged_floors":[],"is_endless":false,"potions_floor_spawned":[5,7],"killed_by":"3 Sentries","ascension_level":3}}