{"host":"5wznv0010959mrmz","time":1609818966,"event":{"mods":["BaseMod","Highlight Path","Minty Spire (QoL Compilation)","Relic Stats"],"gold_per_floor":[114,389,403,414,182,182,212,212,239,259,102,102,102,118,118,216,216,232,257,257,257,278,278,278],"floor_reached":23,"playtime":531,"items_purged":["Regret"],"score":382,"play_id":"c135c493-7890-416d-b02b-703a374f7224","local_time":"20210104215606","is_ascension_mode":true,"campfire_choices":[{"data":"Crippling Poison","floor":6,"key":"SMITH"},{"data":"Poisoned Stab","floor":8,"key":"SMITH"},{"data":"Backstab","floor":15,"key":"SMITH"}],"circlet_count":0,"master_deck":["AscendersBane","Strike_G","Strike_G","Strike_G","Strike_G","Strike_G","Defend_G","Defend_G","Defend_G","Defend_G","Defend_G","Survivor","Neutralize","Predator","Crippling Poison+1","Poisoned Stab+1","Sucker Punch","Backflip","Crippling Poison+1","Backstab+1","Envenom","Leg Sweep","Noxious Fumes"],"relics":["Ring of the Snake","NeowsBlessing","TwistedFunnel","Bronze Scales","Omamori","DollysMirror","Golden Idol","Cursed Key"],"acts_visited":["Exordium","TheCity"],"potions_floor_usage":[16,22,23],"damage_taken":[{"damage":0,"enemies":"Small Slimes","floor":1,"turns":1},{"damage":0,"enemies":"Cultist","floor":3,"turns":1},{"damage":0,"enemies":"Jaw Worm","floor":4,"turns":1},{"damage":20,"enemies":"3 Sentries","floor":7,"turns":6},{"damage":0,"enemies":"2 Fungi Beasts","floor":10,"turns":2},{"damage":0,"enemies":"3 Louse","floor":14,"turns":2},{"damage":23,"enemies":"Hexaghost","floor":16,"turns":8},{"damage":0,"enemies":"Chosen","floor":18,"turns":3},{"damage":16,"enemies":"Spheric Guardian","floor":19,"turns":4},{"damage":8,"enemies":"Snake Plant","floor":22,"turns":4},{"damage":32,"enemies":"Slavers","floor":23,"turns":3}],"seed_played":"4915007054412653458","potions_obtained":[{"floor":7,"key":"DistilledChaos"},{"floor":10,"key":"Weak Potion"},{"floor":18,"key":"Strength Potion"}],"is_trial":false,"path_per_floor":["M","?","M","M","$","R","E","R","T","M","$","?","?","M","R","B",null,"M","M","?","?","M","E"],"character_chosen":"THE_SILENT","items_purchased":["TwistedFunnel","DollysMirror"],"campfire_rested":0,"item_purchase_floors":[5,11],"current_hp_per_floor":[59,59,59,59,59,59,39,39,39,39,39,39,59,59,59,36,54,54,38,38,38,30,0,0],"gold":278,"neow_bonus":"THREE_ENEMY_KILL","is_daily":false,"chose_seed":false,"campfire_upgraded":3,"win_rate":0.0,"timestamp":1609818966,"path_taken":["M","?","M","?","$","R","E","R","T","M","$","?","?","M","R","BOSS","M","M","?","?","M","E"],"items_purchased_type":["Relic","Relic"],"build_version":"2020-12-22","purchased_purges":1,"victory":false,"max_hp_per_floor":[66,66,66,66,66,66,66,66,66,66,66,60,60,60,60,60,60,60,60,60,60,60,60,60],"relic_stats":{"counters":[11,35],"Golden Idol":35,"Bronze Scales":[78],"Cursed Key":0,"obtain_stats":[{"TwistedFunnel":5,"NeowsBlessing":0,"DollysMirror":11,"Golden Idol":12,"Bronze Scales":7,"Omamori":9,"Cursed Key":17,"Ring of the Snake":0},{"TwistedFunnel":3,"NeowsBlessing":0,"DollysMirror":5,"Golden Idol":5,"Bronze Scales":4,"Omamori":4,"Cursed Key":7,"Ring of the Snake":0},{"TwistedFunnel":3,"NeowsBlessing":0,"DollysMirror":11,"Golden Idol":11,"Bronze Scales":9,"Omamori":9,"Cursed Key":21,"Ring of the Snake":0}],"Ring of the Snake":[22]},"card_choices":[{"not_picked":["Deflect","Flying Knee"],"picked":"Predator","floor":1},{"not_picked":["Prepared","Calculated Gamble"],"picked":"Crippling Poison","floor":3},{"not_picked":["Flying Knee","Riddle With Holes"],"picked":"Poisoned Stab","floor":4},{"not_picked":["Prepared","Masterful Stab"],"picked":"Sucker Punch","floor":7},{"not_picked":["Tools of the Trade","PiercingWail"],"picked":"Backflip","floor":10},{"not_picked":["Setup","Endless Agony"],"picked":"Backstab","floor":14},{"not_picked":["Unload","Grand Finale"],"picked":"Envenom","floor":16},{"not_picked":["Bane","Blur"],"picked":"Leg Sweep","floor":18},{"not_picked":["Outmaneuver","PiercingWail"],"picked":"Noxious Fumes","floor":19},{"not_picked":["Slice","Finisher","Sucker Punch"],"picked":"SKIP","floor":22}],"player_experience":406473,"relics_obtained":[{"floor":7,"key":"Bronze Scales"},{"floor":9,"key":"Omamori"}],"event_choices":[{"damage_healed":0,"gold_gain":275,"player_choice":"Desecrate","damage_taken":0,"max_hp_gain":0,"max_hp_loss":0,"event_name":"Golden Shrine","floor":2,"gold_loss":0,"cards_obtained":["Regret"]},{"damage_healed":0,"gold_gain":0,"player_choice":"Lose Max HP","damage_taken":0,"relics_obtained":["Golden Idol"],"max_hp_gain":0,"max_hp_loss":6,"event_name":"Golden Idol","floor":12,"gold_loss":0},{"damage_healed":20,"gold_gain":0,"player_choice":"Banana","damage_taken":0,"max_hp_gain":0,"max_hp_loss":0,"event_name":"Big Fish","floor":13,"gold_loss":0},{"damage_healed":0,"gold_gain":0,"player_choice":"Ignored","damage_taken":0,"max_hp_gain":0,"max_hp_loss":0,"event_name":"Ghosts","floor":20,"gold_loss":0},{"damage_healed":0,"gold_gain":0,"player_choice":"Ignored","damage_taken":0,"max_hp_gain":0,"max_hp_loss":0,"event_name":"Vampires","floor":21,"gold_loss":0}],"is_beta":false,"boss_relics":[{"not_picked":["Velvet Choker","Philosopher\u0027s Stone"],"picked":"Cursed Key"}],"items_purged_floors":[5],"is_endless":false,"potions_floor_spawned":[7,10,18,19],"killed_by":"Slavers","ascension_level":20}}