{"host":"t527sr07e6838t0m","time":1609847206,"event":{"mods":["ATMod(°¢èªMod)","Act Like it!","Arknights The Spire","Aspiration","BaseMod","CapriCore","Challenge The Spire","Colored Map","Conspire","Downfall","Friendly Minions","Gensokyo","Gremlin Skip","Highlight Path","Marisa£¨ìFÓê¡¡Ä§ÀíÉ³£©","Minty Spire (QoL Compilation)","MostiFishMod","Quick Restart","Relic Stats","Remilia£¨ÀÙÃ×ÀòÑÇ£©","Replay The Spire","RumiaBox-Â¶Ã×æ«µÄÉñÃØºÐ×Ó","Small Relic Pack","StSLib","The Immortal","The Servant 0.9.4","Waifu the Spire","Yakumo Yukari mod","[IsaacMod]ÒÔÈö¼âËþ","vexMod","¡¾ÒÅÎï¿¨ÅÆ¡¿REMEMod"],"gold_per_floor":[116,116,29,29,42,156,168,200,200,232,10,10,30,50,50,149,149,167,178,178,191,491,491,511,546,546,576,593,604,604,151,151,256,256,271,326,343,536,552,580,580,598,598,615,631,650,678,689,689,689,689,689,116,147,147,147],"floor_reached":55,"playtime":4522,"items_purged":["ats:Strike V","ats:Strike C","ats:Strike G","AT_WaterDrop"],"score":883,"play_id":"4f321c4a-de38-42f2-9634-dbb731aa571d","local_time":"20210105194646","is_ascension_mode":false,"campfire_choices":[{"floor":10.0,"key":"REST"},{"floor":12.0,"key":"RECALL"},{"data":"ats:Sword Rain","floor":15.0,"key":"SMITH"},{"floor":23.0,"key":"REST"},{"data":"ats:Calcification","floor":30.0,"key":"SMITH"},{"data":"AT_TearsDenial","floor":32.0,"key":"SMITH"},{"data":"ats:Part Time Job","floor":41.0,"key":"SMITH"},{"data":"BloodyBrimstone","floor":49.0,"key":"SMITH"},{"data":"ats:Emotion Absorption","floor":52.0,"key":"SMITH"}],"circlet_count":0,"master_deck":["ats:Strike S","ats:Armor Crushing Shot","ats:Defend","ats:Defend","ats:Defend","ats:Defend","ats:Emotion Absorption+1","BloodyBrimstone+1","ats:Nebulous Foxfire","ats:Leaping Hammer","ats:Powerful Strike","Judgement","ats:Shadow Assault","ats:Overload","ats:Disruption Kick","ats:Apocalypse","ats:Part Time Job+1","ats:Sword Rain+1","ats:Calcification+1","ats:True Silver Slash","ats:Flexible Camouflage","ats:Sunburst","ats:Mental Burst","ats:Thorns","ats:Nebulous Foxfire","ats:Directed Diagnosis","ats:Automatic Cover","ats:Red Shift","Blind","AT_TearsDenial+1","ReplayTheSpireMod:Private Reserves","expansioncontent:DefensiveMode+1","ats:Dogmatic Field+1","ats:Blood Oath+1","ats:Part Time Job+1","ats:Song Of Battle+1","ats:Curse Doll+1","ats:Childhood Dance","ats:Magnetic Hammer+1","ats:Encircling Forest+1","ats:Shell Defense+1","ats:Thermite Blade+1","ats:Defend Order+1","Replay:SS_forest_6+1","ats:Composite Medical Shells+1","ats:Chain Hook","ats:Soul Rend+1"],"relics":["ats:Sanity","DaveBox","REME_ComplimentaryCards","AT_ATBox","HushsDoor","DoctorsRemote","SynthV:TestCard","Lizard Tail","ats:Originium","AT_GuinsooRageblade","Bag of Marbles","REME_HandOfSuture","BloodDonationBag","BookOfRevelations","SoulBox","Akabeko","UnicornStump","Frozen Egg 2","SSSystem","ReplayTheSpireMod:ShopPack","JellyFishMachine","CatCart","AT_Manta","conspire:DeflatedDodgeball","Replay:Mystery Machine","Strawberry","AT_ChloranthyRing"],"acts_visited":["Exordium","TheCity","TheBeyond","TheEnding"],"potions_floor_usage":[55,55,55],"damage_taken":[{"damage":11.0,"enemies":"Gensokyo:3_Fairies","floor":1.0,"turns":6.0},{"damage":11.0,"enemies":"Gensokyo:Python","floor":5.0,"turns":5.0},{"damage":9.0,"enemies":"Gensokyo:Mamizou","floor":6.0,"turns":9.0},{"damage":0.0,"enemies":"Gensokyo:2_Kodama","floor":7.0,"turns":2.0},{"damage":13.0,"enemies":"Gensokyo:Cirno","floor":8.0,"turns":9.0},{"damage":1.0,"enemies":"Gensokyo:Kitsune","floor":13.0,"turns":2.0},{"damage":0.0,"enemies":"Gensokyo:3_Kodama","floor":14.0,"turns":3.0},{"damage":34.0,"enemies":"Gensokyo:Yukari","floor":16.0,"turns":6.0},{"damage":0.0,"enemies":"3 Byrds","floor":18.0,"turns":6.0},{"damage":20.0,"enemies":"2 Thieves","floor":19.0,"turns":3.0},{"damage":37.0,"enemies":"Snake Plant","floor":21.0,"turns":4.0},{"damage":1.0,"enemies":"Centurion and Healer","floor":24.0,"turns":11.0},{"damage":32.0,"enemies":"Book of Stabbing","floor":25.0,"turns":6.0},{"damage":35.0,"enemies":"REME_1_Revenger","floor":27.0,"turns":6.0},{"damage":20.0,"enemies":"conspire:HollyBat","floor":28.0,"turns":10.0},{"damage":17.0,"enemies":"Shelled Parasite and Fungi","floor":29.0,"turns":15.0},{"damage":77.0,"enemies":"Collector","floor":33.0,"turns":18.0},{"damage":5.0,"enemies":"Orb Walker","floor":35.0,"turns":3.0},{"damage":52.0,"enemies":"Orin","floor":36.0,"turns":15.0},{"damage":0.0,"enemies":"3 Shapes","floor":37.0,"turns":6.0},{"damage":2.0,"enemies":"Jaw Worm Horde","floor":39.0,"turns":3.0},{"damage":35.0,"enemies":"R_Hoarder","floor":40.0,"turns":9.0},{"damage":12.0,"enemies":"Transient","floor":42.0,"turns":5.0},{"damage":88.0,"enemies":"Spire Growth","floor":44.0,"turns":7.0},{"damage":64.0,"enemies":"Writhing Mass","floor":45.0,"turns":8.0},{"damage":10.0,"enemies":"4 Shapes","floor":46.0,"turns":6.0},{"damage":84.0,"enemies":"Giant Head","floor":47.0,"turns":13.0},{"damage":11.0,"enemies":"Transient","floor":48.0,"turns":5.0},{"damage":43.0,"enemies":"Time Eater","floor":50.0,"turns":17.0},{"damage":0.0,"enemies":"Shield and Spear","floor":54.0,"turns":4.0},{"damage":604,"enemies":"Delirium","floor":55,"turns":52}],"seed_played":"2392030507481566861","potions_obtained":[{"floor":8.0,"key":"hexamod:EctoCoolerPotion"},{"floor":13.0,"key":"FearPotion"},{"floor":14.0,"key":"champ:CounterPotion"},{"floor":18.0,"key":"Fire Potion"},{"floor":24.0,"key":"Elixir"},{"floor":27.0,"key":"Energy Potion"},{"floor":37.0,"key":"Flashbang"},{"floor":39.0,"key":"REME_GoldPotion"},{"floor":44.0,"key":"LiquidBronze"},{"floor":48.0,"key":"LifebloodPotion"}],"is_trial":false,"path_per_floor":["M","?","COS","$","M","E","M","E","T","R","$","R","M","M","R","B",null,"M","M","?","M","?","R","M","E","T","E","M","M","R","$","R","B",null,"M","?","M","?","M","E","R","M","T","M","M","M","E","M","R","B",null,"R","$","E","B"],"character_chosen":"DOCTOR_CLASS","items_purchased":["ats:Apocalypse","BookOfRevelations","ats:True Silver Slash","SSSystem","Blind","ReplayTheSpireMod:ShopPack","Strawberry","Replay:SS_forest_6+1","ats:Composite Medical Shells+1","Adrenaline Potion","ats:Chain Hook"],"campfire_rested":2,"item_purchase_floors":[11,11,17,31,31,31,53,53,53,53,53],"current_hp_per_floor":[64,64,64,64,56,45,45,35,35,50,45,45,44,48,48,23,57,57,40,40,5,5,21,38,18,18,27,35,54,54,54,54,13,54,49,43,51,51,49,51,51,45,45,5,35,51,32,26,26,37,45,45,52,46,0,0],"gold":147,"neow_bonus":"ONE_RANDOM_RARE_CARD","is_daily":false,"chose_seed":false,"campfire_upgraded":6,"win_rate":0.0,"timestamp":1609847206,"path_taken":["M","?","COS","?","M","E","?","E","T","R","$","R","M","M","R","BOSS","M","M","?","M","?","R","M","E","T","E","?","M","R","$","R","BOSS","M","?","M","?","M","E","R","M","T","M","M","M","E","M","R","BOSS","R","$","E","BOSS"],"items_purchased_type":["Card","Relic","Card","Relic","Card","Relic","Relic","Card","Card","Potion","Card"],"build_version":"2020-12-22","purchased_purges":4,"victory":false,"max_hp_per_floor":[72,72,72,72,72,69,69,66,66,66,66,66,66,66,66,66,57,57,54,54,54,54,54,54,54,54,54,54,54,54,54,54,54,54,54,51,51,51,51,51,51,51,51,51,51,51,51,51,51,45,45,45,52,46,40,40],"relic_stats":{"Lizard Tail":27,"counters":[31,273],"obtain_stats":[{"UnicornStump":26,"AT_ATBox":0,"DaveBox":0,"SSSystem":31,"SoulBox":17,"Replay:Mystery Machine":47,"Lizard Tail":5,"Strawberry":53,"ats:Sanity":0,"AT_GuinsooRageblade":7,"KeepersGift":0,"AT_ChloranthyRing":54,"DoctorsRemote":0,"AT_Manta":40,"JellyFishMachine":34,"BookOfRevelations":11,"Frozen Egg 2":27,"Akabeko":25,"SynthV:TestCard":1,"ats:Originium":6,"BloodDonationBag":10,"REME_HandOfSuture":8,"Bag of Marbles":8,"CatCart":36,"conspire:DeflatedDodgeball":43,"HushsDoor":0,"REME_ComplimentaryCards":0,"BloodDonationMachine":6,"ReplayTheSpireMod:ShopPack":31},{"UnicornStump":13,"AT_ATBox":0,"DaveBox":0,"SSSystem":16,"SoulBox":8,"Replay:Mystery Machine":27,"Lizard Tail":2,"Strawberry":29,"ats:Sanity":0,"AT_GuinsooRageblade":4,"KeepersGift":0,"AT_ChloranthyRing":30,"DoctorsRemote":0,"AT_Manta":22,"JellyFishMachine":17,"BookOfRevelations":5,"Frozen Egg 2":14,"Akabeko":13,"SynthV:TestCard":1,"ats:Originium":3,"BloodDonationBag":5,"REME_HandOfSuture":5,"Bag of Marbles":5,"CatCart":19,"conspire:DeflatedDodgeball":23,"HushsDoor":0,"REME_ComplimentaryCards":0,"BloodDonationMachine":3,"ReplayTheSpireMod:ShopPack":16},{"UnicornStump":71,"AT_ATBox":0,"DaveBox":0,"SSSystem":102,"SoulBox":42,"Replay:Mystery Machine":195,"Lizard Tail":11,"Strawberry":217,"ats:Sanity":0,"AT_GuinsooRageblade":21,"KeepersGift":0,"AT_ChloranthyRing":221,"DoctorsRemote":0,"AT_Manta":156,"JellyFishMachine":120,"BookOfRevelations":31,"Frozen Egg 2":77,"Akabeko":71,"SynthV:TestCard":6,"ats:Originium":20,"BloodDonationBag":31,"REME_HandOfSuture":31,"Bag of Marbles":23,"CatCart":138,"conspire:DeflatedDodgeball":161,"HushsDoor":0,"REME_ComplimentaryCards":0,"BloodDonationMachine":20,"ReplayTheSpireMod:ShopPack":102}]},"card_choices":[{"not_picked":[],"picked":"BloodyBrimstone","floor":0.0},{"not_picked":["ats:Hammer On","ats:Cat Scratch"],"picked":"ats:Leaping Hammer","floor":1.0},{"not_picked":["ats:Demon Strength","ats:Assault Order","ats:Leaping Hammer","ats:LN2 Cannon"],"picked":"ats:Powerful Strike","floor":5.0},{"not_picked":["ats:Shell Defense","ats:Composite Medical Shells","ats:Very Hot Blade","ats:Soul Absorption"],"picked":"ats:Shadow Assault","floor":6.0},{"not_picked":["ats:Neurotoxin","ats:Apocalypse","ats:Ignite","ats:Consecutive Shot Auto"],"picked":"ats:Overload","floor":7.0},{"not_picked":["ats:Shell Defense","ats:Apocalypse","ats:Curse Doll","ats:Poison Spread"],"picked":"ats:Disruption Kick","floor":8.0},{"not_picked":["ats:Hammer On","ats:Thermite Blade","ats:Magnetic Hammer","ats:Rapid Magazine"],"picked":"ats:Part Time Job","floor":13.0},{"not_picked":["ats:Consecutive Shot Auto","ats:Powerful Strike","ats:Apocalypse","ats:Healing Strengthening"],"picked":"ats:Sword Rain","floor":14.0},{"not_picked":["ats:Soul Rend","ats:Rat Pack","ats:Disruption Kick","ats:Nebulous Foxfire"],"picked":"ats:Calcification","floor":16.0},{"not_picked":["ats:Explosion Area Strengthen","ats:Leaping Hammer+1","ats:Powerful Strike","ats:Counter Healing Mode"],"picked":"ats:Flexible Camouflage","floor":18.0},{"not_picked":["ats:Soul Absorption","ats:Flexible Camouflage","ats:Hammer On","ats:Ignite"],"picked":"ats:Sunburst","floor":19.0},{"not_picked":["ats:Hammer On","ats:LN2 Cannon+1","ats:Explosion Area Strengthen","ats:Poison Spread"],"picked":"ats:Mental Burst","floor":21.0},{"not_picked":["ats:Flexible Camouflage","ats:Cat Scratch","ats:Apocalypse","ats:Collapsing Strike"],"picked":"ats:Thorns","floor":24.0},{"not_picked":["ats:Charging Defense","ats:Chain Hook+1","ats:Explosion Area Strengthen","ats:Counter Healing Mode"],"picked":"ats:Nebulous Foxfire","floor":25.0},{"not_picked":["ats:Leaping Hammer+1","ats:Sunburst+1","ats:Poison Spread","ats:Revitalization"],"picked":"ats:Directed Diagnosis","floor":27.0},{"not_picked":["ats:Neurotoxin+1","ats:Flexible Camouflage","ats:Revitalization","ats:Overload"],"picked":"ats:Automatic Cover","floor":28.0},{"not_picked":["ats:Shell Defense","ats:Sword Rain","ats:Cat Scratch","ats:Poison Spread"],"picked":"ats:Red Shift","floor":29.0},{"not_picked":["MostiFishMod:StoryBook","Secret Weapon","MostiFishMod:OneDayCity","AT_BreakingExtremeWeapon"],"picked":"AT_TearsDenial","floor":31.0},{"not_picked":["Replay:SS_fish_2","ReplayTheSpireMod:Brewmster","Replay:Bootleg Shield Generator","expansioncontent:ManipulateTime"],"picked":"ReplayTheSpireMod:Private Reserves","floor":31.0},{"not_picked":["expansioncontent:GuardianWhirl","Replay:SS_fish_1","expansioncontent:Sear","expansioncontent:TimeRipple"],"picked":"expansioncontent:DefensiveMode","floor":31.0},{"not_picked":["ats:Calcification","ats:True Silver Slash","ats:Roar Of Ursus+1","ats:Ambush+1"],"picked":"ats:Dogmatic Field+1","floor":33.0},{"not_picked":["ats:Apocalypse","ats:Flexible Camouflage+1","ats:Consecutive Shot Auto+1","ats:Ignite","ats:Curse Doll"],"picked":"SKIP","floor":35.0},{"not_picked":["ats:Neurotoxin+1","ats:Ignite","ats:Sunburst+1","ats:Powerful Strike+1"],"picked":"ats:Blood Oath+1","floor":36.0},{"not_picked":["ats:Hammer On","ats:Blood Oath+1","ats:Poison Spread","ats:Counter Healing Mode+1"],"picked":"ats:Part Time Job+1","floor":37.0},{"not_picked":["ats:Charging Defense+1","ats:Chain Hook+1","ats:Consecutive Shot Auto+1","ats:Shell Defense"],"picked":"ats:Song Of Battle+1","floor":38.0},{"not_picked":["ats:Shadow Assault","ats:Flexible Camouflage","ats:Explosion Area Strengthen","ats:Shell Defense+1"],"picked":"ats:Curse Doll+1","floor":39.0},{"not_picked":["ats:Durian","ats:Song Of Battle+1","ats:Ignite","ats:Leaping Hammer"],"picked":"ats:Childhood Dance","floor":40.0},{"not_picked":["ats:LN2 Cannon","ats:Directed Diagnosis","ats:Consecutive Shot Auto","ats:Cat Scratch"],"picked":"ats:Magnetic Hammer+1","floor":42.0},{"not_picked":["ats:Powerful Strike","ats:Burning Ground+1","ats:Red Shift","ats:Defend Order+1"],"picked":"ats:Encircling Forest+1","floor":44.0},{"not_picked":["ats:Thermite Blade","ats:Guardian Obelisk","ats:Powerful Strike","ats:Assault Order+1"],"picked":"ats:Shell Defense+1","floor":45.0},{"not_picked":["ats:Assault Order","ats:Hammer On+1","ats:Shell Defense","ats:Poison Spread"],"picked":"ats:Thermite Blade+1","floor":46.0},{"not_picked":["ats:Revitalization","ats:Leaping Hammer","ats:Song Of Battle+1","ats:Explosion Area Strengthen+1"],"picked":"ats:Defend Order+1","floor":47.0},{"not_picked":["ats:Directed Diagnosis","ats:Flame Of Heaven+1","ats:Overload+1","ats:Leaping Hammer","ats:Consecutive Shot Auto"],"picked":"SKIP","floor":48.0},{"not_picked":["ats:Curse Doll+1","ats:Assault Order+1","ats:Explosion Area Strengthen+1","ats:Childhood Dance+1"],"picked":"ats:Soul Rend+1","floor":54.0}],"player_experience":571109,"relics_obtained":[{"floor":1.0,"key":"SynthV:TestCard"},{"floor":6.0,"key":"ats:Originium"},{"floor":6.0,"key":"BloodDonationMachine"},{"floor":8.0,"key":"ats:Originium"},{"floor":8.0,"key":"REME_HandOfSuture"},{"floor":25.0,"key":"ats:Originium"},{"floor":25.0,"key":"Akabeko"},{"floor":26.0,"key":"UnicornStump"},{"floor":27.0,"key":"Frozen Egg 2"},{"floor":36.0,"key":"CatCart"},{"floor":40.0,"key":"AT_Manta"},{"floor":43.0,"key":"conspire:DeflatedDodgeball"},{"floor":47.0,"key":"Replay:Mystery Machine"},{"floor":54.0,"key":"AT_ChloranthyRing"}],"event_choices":[{"damage_healed":0.0,"max_hp_gain":0.0,"max_hp_loss":0.0,"gold_gain":0.0,"event_name":"OrinTheCat","player_choice":"Fight","floor":36.0,"gold_loss":0.0,"damage_taken":0.0}],"is_beta":false,"boss_relics":[{"not_picked":["aspiration:RunicSpoon","aspiration:SecretTechniqueScroll"],"picked":"SoulBox"},{"not_picked":[]},{"not_picked":["Transparent","Snecko Eye"],"picked":"JellyFishMachine"},{"not_picked":[]}],"items_purged_floors":[11,17,31,53],"is_endless":false,"potions_floor_spawned":[8,13,14,18,24,27,28,37,39,44,46,48],"killed_by":"Delirium","ascension_level":0}}