{"host":"kq2g769nefmuyn7c","time":1609842201,"event":{"mods":["ATMod(°¢èªMod)","Act Like it!","BaseMod","Gensokyo","Koishi","Marisa£¨ìFÓê¡¡Ä§ÀíÉ³£©","Minty Spire (QoL Compilation)","Replay The Spire","StSLib"],"gold_per_floor":[112,112,140,153,165,193,209,240,240,270,320,338,363,3,3,108,108,126,126,136,162,182,182,182,207,285,70,70,101,101,101,101],"floor_reached":31,"playtime":3789,"items_purged":["Normality","Doubt"],"score":450,"play_id":"fa17c661-6efa-47b7-a722-5496813917b5","local_time":"20210105182321","is_ascension_mode":true,"campfire_choices":[{"data":"Injury","floor":15.0,"key":"PURGE"},{"data":"AT_FamilyPortrait","floor":23.0,"key":"SMITH"},{"data":"ReplayTheSpireMod:GoodbyeWorld","floor":28.0,"key":"SMITH"},{"data":"Echo Form","floor":30,"key":"SMITH"}],"circlet_count":0,"master_deck":["Defend_B","Defend_B","Zap","Dualcast","AT_FamilyPortrait+1","Steam Power","Hyperbeam+1","ReplayTheSpireMod:Calculation Training","Chill","Redo+1","Crystallizer","AT_WaterDrop","Reprogram+1","AT_EMC2+1","AT_HeatAcrobatics+1","Coolheaded+1","Echo Form+1","ReplayTheSpireMod:System Scan+1","Time Bomb+1","Hologram+1","Machine Learning","Cold Snap+1","Turbo+1","Survey Options+1","Core Surge","Wraith","Amplify+1","ReplayTheSpireMod:Reroute Power+1","Glacier+1","Storm","AT_HeatAcrobatics+1","ReplayTheSpireMod:Calculation Training+1","Scrape","Force Field+1","ReplayTheSpireMod:GoodbyeWorld+1","ReplayTheSpireMod:Uncanny Aura+1","Conserve Battery+1","Sickly","Heatsinks","Lockon"],"relics":["FrozenCore","AT_ATBox","NeowsBlessing","Oddly Smooth Stone","Whetstone","Toxic Egg 2","AT_ForceNature","Replay:Bottled Snecko","Prayer Wheel","Pondfish Scales","Ring of Greed","ReplayTheSpireMod:Ring of Addiction","Replay:Wax Seal","Membership Card","SacredBark","MealTicket","Orrery","Replay:PocketPolymizer","Gensokyo:ConquerorOfFear","AT_ArchangelStaff","AT_BellDemon","Question Card","Bag of Preparation","ReplayTheSpireMod:Shallot","ReplayTheSpireMod:Ninjato"],"acts_visited":["Gensokyo:Gensokyo","Gensokyo:Gensokyoer"],"potions_floor_usage":[29,29],"damage_taken":[{"damage":0.0,"enemies":"Gensokyo:2_Kodama","floor":1.0,"turns":1.0},{"damage":0.0,"enemies":"Gensokyo:Mamizou","floor":3.0,"turns":2.0},{"damage":0.0,"enemies":"Gensokyo:Python","floor":4.0,"turns":1.0},{"damage":1.0,"enemies":"Gensokyo:Gryphon","floor":5.0,"turns":2.0},{"damage":17.0,"enemies":"Gensokyo:Aya","floor":6.0,"turns":4.0},{"damage":0.0,"enemies":"Gensokyo:Python_and_Kodama","floor":7.0,"turns":2.0},{"damage":13.0,"enemies":"Gensokyo:Cirno","floor":8.0,"turns":6.0},{"damage":12.0,"enemies":"Gensokyo:Mamizou","floor":10.0,"turns":7.0},{"damage":4.0,"enemies":"Gensokyo:5_Fairies","floor":12.0,"turns":5.0},{"damage":0.0,"enemies":"Gensokyo:Aya","floor":13.0,"turns":8.0},{"damage":4.0,"enemies":"Gensokyo:Kokoro","floor":16.0,"turns":10.0},{"damage":12.0,"enemies":"Gensokyo:3_Dogs","floor":18.0,"turns":7.0},{"damage":0.0,"enemies":"Gensokyo:Chomper","floor":20.0,"turns":5.0},{"damage":20.0,"enemies":"Gensokyo:Monolith_and_Dog","floor":22.0,"turns":6.0},{"damage":4.0,"enemies":"Gensokyo:Tenshi","floor":25.0,"turns":4.0},{"damage":10,"enemies":"Gensokyo:Koishi","floor":29,"turns":6},{"damage":55,"enemies":"Gensokyo:3_Gloops","floor":31,"turns":4}],"seed_played":"1809770704367083225","potions_obtained":[{"floor":3.0,"key":"BlessingOfTheForge"},{"floor":5.0,"key":"Elixir"},{"floor":7.0,"key":"Block Potion"},{"floor":13.0,"key":"DistilledChaos"},{"floor":22.0,"key":"SteroidPotion"},{"floor":25.0,"key":"Swift Potion"}],"is_trial":false,"path_per_floor":["M","?","?","M","M","E","M","E","T","E","?","M","E","$","R","B",null,"M","?","M","T","M","R","?","E","T","$","R","E","R","M"],"character_chosen":"DEFECT","items_purchased":["Orrery","Replay:PocketPolymizer","Cold Snap+1","Turbo+1","Survey Options+1","Bag of Preparation","ReplayTheSpireMod:GoodbyeWorld","ReplayTheSpireMod:Uncanny Aura+1"],"campfire_rested":0,"item_purchase_floors":[14,14,14,14,14,27,27,27],"current_hp_per_floor":[75,75,75,75,74,57,57,44,44,32,32,28,28,43,43,39,73,61,61,61,61,41,41,41,37,37,52,52,42,42,0,0],"gold":101,"neow_bonus":"THREE_ENEMY_KILL","is_daily":false,"chose_seed":false,"campfire_upgraded":3,"win_rate":0.0,"timestamp":1609842201,"path_taken":["M","?","?","M","?","E","M","E","T","E","?","M","E","?","R","BOSS","M","?","?","?","M","R","?","E","T","?","R","E","R","M"],"items_purchased_type":["Relic","Relic","Card","Card","Card","Relic","Card","Card"],"build_version":"2020-12-22","purchased_purges":2,"victory":false,"max_hp_per_floor":[75,75,75,75,75,75,75,75,75,75,75,75,75,75,75,75,73,73,73,73,73,71,71,71,71,69,69,69,69,69,69,69],"card_choices":[{"not_picked":["Chaos","Steam"],"picked":"Steam Power","floor":1.0},{"not_picked":["Compile Driver","Steam"],"picked":"Hyperbeam","floor":3.0},{"not_picked":["Barrage","Streamline"],"picked":"ReplayTheSpireMod:Calculation Training","floor":4.0},{"not_picked":["Conserve Battery","Compile Driver"],"picked":"Chill","floor":5.0},{"not_picked":["Self Repair","Barrage"],"picked":"Redo+1","floor":6.0},{"not_picked":["Compile Driver","Coolheaded+1"],"picked":"Crystallizer","floor":7.0},{"not_picked":["AT_WaterDrop","Barrage"],"picked":"ReplayTheSpireMod:Fabricate Wheel+1","floor":8.0},{"not_picked":["Streamline","AT_StudyProgram"],"picked":"Reprogram+1","floor":10.0},{"not_picked":["Hologram+1","Gash"],"picked":"AT_EMC2+1","floor":12.0},{"not_picked":["Barrage","Static Discharge"],"picked":"AT_HeatAcrobatics+1","floor":12.0},{"not_picked":["Cold Snap","Conserve Battery+1"],"picked":"Coolheaded+1","floor":13.0},{"not_picked":["Coolheaded+1","Hyperbeam"],"picked":"Echo Form","floor":14.0},{"not_picked":["Static Discharge","Ball Lightning"],"picked":"ReplayTheSpireMod:System Scan+1","floor":14.0},{"not_picked":["Turbo+1","Barrage"],"picked":"Time Bomb+1","floor":14.0},{"not_picked":["BasicCrystalCard+1","Defragment"],"picked":"Hologram+1","floor":14.0},{"not_picked":["Sweeping Beam","Stack+1"],"picked":"Machine Learning","floor":14.0},{"not_picked":["Meteor Strike","ReplayTheSpireMod:Omega Cannon"],"picked":"Amplify+1","floor":16.0},{"not_picked":["Redo+1","ReplayTheSpireMod:Repulse+1"],"picked":"ReplayTheSpireMod:Reroute Power+1","floor":18.0},{"not_picked":["Ball Lightning","Rebound+1","Streamline"],"picked":"SKIP","floor":18.0},{"not_picked":["ReplaySolidLightProjector+1","Sunder+1"],"picked":"Glacier+1","floor":20.0},{"not_picked":["Redo+1","Cold Snap"],"picked":"Storm","floor":20.0},{"not_picked":["Panic Button+1","Stack+1"],"picked":"AT_HeatAcrobatics+1","floor":22.0},{"not_picked":["Barrage","Turbo+1"],"picked":"ReplayTheSpireMod:Calculation Training+1","floor":22.0},{"not_picked":["Rebound+1","Stack+1"],"picked":"Force Field+1","floor":25.0},{"not_picked":["Hologram+1","Echo Form","AT_EMC2+1"],"picked":"Heatsinks","floor":29}],"player_experience":124271,"relics_obtained":[{"floor":3.0,"key":"Whetstone"},{"floor":6.0,"key":"Toxic Egg 2"},{"floor":8.0,"key":"AT_ForceNature"},{"floor":9.0,"key":"Replay:Bottled Snecko"},{"floor":10.0,"key":"Pondfish Scales"},{"floor":11.0,"key":"Ring of Greed"},{"floor":11.0,"key":"ReplayTheSpireMod:Ring of Addiction"},{"floor":11.0,"key":"Replay:Wax Seal"},{"floor":11.0,"key":"Membership Card"},{"floor":11.0,"key":"SacredBark"},{"floor":11.0,"key":"Chameleon Ring"},{"floor":13.0,"key":"MealTicket"},{"floor":20.0,"key":"Gensokyo:ConquerorOfFear"},{"floor":21.0,"key":"AT_ArchangelStaff"},{"floor":25.0,"key":"AT_BellDemon"},{"floor":26.0,"key":"Question Card"},{"floor":29,"key":"ReplayTheSpireMod:Shallot"},{"floor":29,"key":"ReplayTheSpireMod:Ninjato"}],"event_choices":[],"is_beta":false,"boss_relics":[{"not_picked":["Calling Bell","Fusion Hammer"],"picked":"FrozenCore"}],"items_purged_floors":[14,27],"is_endless":false,"potions_floor_spawned":[3,5,7,10,13,16,22,25],"killed_by":"Gensokyo:3_Gloops","ascension_level":1}}