{"host":"sxnl403xm2xmiyj1","time":1609851977,"event":{"mods":["BaseMod","Colored Map","Keyboard Shortcuts","Lobotomy","Minty Spire (QoL Compilation)","Quick Restart","StSLib","SuperFastMode"],"gold_per_floor":[119,46,46,46,58,83,144,144,144,156,156,231,251,284,284,384,384,396,495,570,580,580,580],"floor_reached":22,"playtime":742,"items_purged":[],"score":242,"play_id":"4f2456ab-547e-43a7-9b14-8d84ad14b3f7","local_time":"20210105220617","is_ascension_mode":false,"campfire_choices":[],"circlet_count":0,"master_deck":["SpecialBullet","SpecialBullet","SpecialBullet","SpecialBullet","SpecialBullet","SpecialBullet","SpecialBullet","SpecialBullet","InformationCode","SecurityCode","ExtractionCode","OSAHOGD","RapturousDream","RedEyes","FourthMatchFlame","TodaysExpression","Murderer","DisciplinaryCode","WallGazer","CrumblingArmor","Soda","QueenBee","SpiderBud","ShedSkin","Twilight","OldLady","Twilight","SolemnVow","UniverseFragment","SolemnVow","LaLuna"],"relics":["CogitoBucket","NeowsBlessing","Lantern","Anchor","Strawberry","FleshIdol","Eternal Feather","Fusion Hammer"],"acts_visited":["Exordium","TheCity"],"potions_floor_usage":[],"damage_taken":[{"damage":0.0,"enemies":"Cultist","floor":1.0,"turns":1.0},{"damage":0.0,"enemies":"2 Louse","floor":5.0,"turns":1.0},{"damage":0.0,"enemies":"Gremlin Nob","floor":6.0,"turns":1.0},{"damage":30.0,"enemies":"Gremlin Nob","floor":7.0,"turns":4.0},{"damage":10.0,"enemies":"Small Slimes","floor":10.0,"turns":3.0},{"damage":50.0,"enemies":"Looter","floor":13.0,"turns":6.0},{"damage":15,"enemies":"3 Sentries","floor":14,"turns":3},{"damage":38,"enemies":"The Guardian","floor":16,"turns":11},{"damage":67,"enemies":"Chosen","floor":18,"turns":6},{"damage":22,"enemies":"3 Byrds","floor":21,"turns":6},{"damage":34,"enemies":"3 Cultists","floor":22,"turns":3}],"seed_played":"4263437845405784245","potions_obtained":[{"floor":1.0,"key":"FairyPotion"},{"floor":10.0,"key":"ColorlessPotion"}],"is_trial":false,"path_per_floor":["M","$","?","?","M","E","?","R","T","M","R","?","M","E","R","B",null,"M","?","?","M","M"],"character_chosen":"Angela","items_purchased":["RedEyes","FourthMatchFlame"],"campfire_rested":0,"item_purchase_floors":[2,2],"current_hp_per_floor":[70,70,58,58,66,70,55,55,55,53,53,42,19,16,28,27,89,39,39,30,27,0,0],"gold":580,"neow_bonus":"THREE_ENEMY_KILL","is_daily":false,"chose_seed":false,"campfire_upgraded":0,"win_rate":0.0,"timestamp":1609851977,"path_taken":["M","$","?","?","?","E","?","R","T","M","R","?","M","E","R","BOSS","M","?","?","M","?"],"items_purchased_type":["Card","Card"],"build_version":"2020-12-22","purchased_purges":0,"victory":false,"max_hp_per_floor":[70,70,70,70,70,70,77,77,77,77,77,77,81,85,85,89,89,93,93,93,97,97,97],"card_choices":[{"not_picked":["FairyFestival","Scorched"],"picked":"OSAHOGD","floor":1.0},{"not_picked":["Tough"],"picked":"RapturousDream","floor":1.0},{"not_picked":["BeautyBeast","SpiderBud"],"picked":"Murderer","floor":5.0},{"not_picked":["Tough","Penitence"],"picked":"SKIP","floor":5.0},{"not_picked":["FairyFestival","Bloodbath"],"picked":"WallGazer","floor":6.0},{"not_picked":["Tough","Lantern"],"picked":"SKIP","floor":6.0},{"not_picked":["Scorched","GalaxyChild"],"picked":"CrumblingArmor","floor":7.0},{"not_picked":["TodaysExpression","SwordSharpenedByTears"],"picked":"SKIP","floor":10.0},{"not_picked":["Beak"],"picked":"Soda","floor":13.0},{"not_picked":["Alriune","ShyLook"],"picked":"QueenBee","floor":13.0},{"not_picked":["Hypocrisy","Penitence"],"picked":"SKIP","floor":13.0},{"not_picked":["MeatLantern","Wellcheers"],"picked":"SpiderBud","floor":14},{"not_picked":["GrinderMk4"],"picked":"ShedSkin","floor":14},{"not_picked":["TheSmile","Adoration"],"picked":"Twilight","floor":16},{"not_picked":["UniverseFragment","MeatLantern"],"picked":"OldLady","floor":16},{"not_picked":["TheSmile","ParadiseLost"],"picked":"Twilight","floor":16},{"not_picked":["Spore","Loneliness"],"picked":"SolemnVow","floor":18},{"not_picked":["ShyLook","CherryBlossoms"],"picked":"UniverseFragment","floor":18},{"not_picked":["TodaysExpression+1","Beak"],"picked":"SolemnVow","floor":18},{"not_picked":["Scarecrow","FieryBird"],"picked":"LaLuna","floor":21},{"not_picked":["Horn","Noise","Reverberation"],"picked":"SKIP","floor":21},{"not_picked":["SoundOfStar","CUTE","SomewhereSpear"],"picked":"SKIP","floor":21}],"player_experience":193464,"relics_obtained":[{"floor":6.0,"key":"Anchor"},{"floor":7.0,"key":"Strawberry"},{"floor":14,"key":"Eternal Feather"}],"event_choices":[{"damage_healed":0.0,"max_hp_gain":0.0,"max_hp_loss":0.0,"gold_gain":0.0,"event_name":"Scrap Ooze","player_choice":"Success","floor":3.0,"gold_loss":0.0,"damage_taken":12.0,"relics_obtained":["Lantern"]},{"damage_healed":0.0,"max_hp_gain":0.0,"max_hp_loss":0.0,"gold_gain":0.0,"event_name":"Match and Keep!","player_choice":"1 cards matched","floor":4.0,"gold_loss":0.0,"damage_taken":0.0,"cards_obtained":["TodaysExpression"]},{"damage_healed":0.0,"max_hp_gain":0.0,"max_hp_loss":0.0,"gold_gain":30.0,"event_name":"Dead Adventurer","player_choice":"Searched \u00272\u0027 times","floor":7.0,"gold_loss":0.0,"damage_taken":0.0},{"damage_healed":0.0,"max_hp_gain":0.0,"max_hp_loss":0.0,"gold_gain":75.0,"event_name":"World of Goop","player_choice":"Gather Gold","floor":12.0,"gold_loss":0.0,"damage_taken":11.0},{"damage_healed":0,"gold_gain":99,"player_choice":"Stole From Cult","damage_taken":0,"max_hp_gain":0,"max_hp_loss":0,"event_name":"Nest","floor":19,"gold_loss":0},{"damage_healed":0,"gold_gain":75,"player_choice":"Touch","damage_taken":9,"max_hp_gain":0,"max_hp_loss":0,"event_name":"FaceTrader","floor":20,"gold_loss":0}],"is_beta":false,"boss_relics":[{"not_picked":["Sozu","Empty Cage"],"picked":"Fusion Hammer"}],"items_purged_floors":[],"is_endless":false,"potions_floor_spawned":[1,10],"killed_by":"3 Cultists","ascension_level":0}}