{"host":"49hkj3l623wd5n00","time":1609812672,"event":{"mods":["2.2 Compatiblity","AchievementEnabler","Act Like it!","Aspiration","Astrologer","BaseMod","Better Altar","Better Match","Better Note","Better Skull","Better Third Choice","Better Vampires","Better-Laid Plans","BetterRewards","CCEM","CapriCore","Colored Map","Colored Powertips","Conspire","Displayed Cursed Tome","Downfall","Elementarium","Friendly Minions","Gensokyo","GifTheSpireLib","Hallownest","Hermit","Hubris","Ironclad Rager","Jorbs\u0027s Wanderer Trilogy","Koishi","MarisaÅiñ∂âJÅ@ñÇóùçπÅj","Menagerie","Mimic Mod","Minty Spire (QoL Compilation)","Pale of the Ancients","Permanent Neow","Quick Restart","Rare Cards Sparkle","Replay The Spire","Retaliation","Shade Mod","Spicy Shops","StSLib","Stuff the Spire","The Blackbeard","The Bug Knight","The Construct","The Cursed","The Druid","The Hierophant","The IronCluck","The Marked","The Runesmith","The Servant 0.9.4","The Vixen","The Wild Card","TheHero","Yuri Mod","slay the spire mod where everything is the same but ironclad has a cowboy hat"],"gold_per_floor":[119,49,66,76,126,167,167,210,256,290,507,523,523,544,544,664,664,687,612,612,362,362,398,437,470,470,491,511,544,562,23,23,159,159,196,121,162,62,62,62,93,136,136,10,55,74,106,38,38,54,54,54,4,48,56,56],"floor_reached":55,"playtime":4782,"items_purged":["Runesmith:Strike_RS","Languid","Pain","Hallucinations","yuri:RhapsodyCurse","Spreading Infection","Spreading Infection","conspire:Blindness","hubris:Lust","Runesmith:Defend_RS"],"score":1371,"play_id":"d357ab63-603c-4f76-826f-6be389f390e3","local_time":"20210104211112","is_ascension_mode":true,"campfire_choices":[{"data":"Menagerie:Languish","floor":7.0,"key":"SMITH"},{"data":"Runesmith:Reinforce","floor":7.0,"key":"SMITH"},{"floor":13.0,"key":"REST"},{"data":"Runesmith:Grindstone","floor":15.0,"key":"SMITH"},{"data":"Runesmith:FieryHammer","floor":15.0,"key":"SMITH"},{"floor":32,"key":"RECALL"},{"data":"Runesmith:Grindstone","floor":40,"key":"SMITH"},{"data":"Runesmith:DuctTape","floor":40,"key":"SMITH"},{"data":"Runesmith:MetallurgicalResearch","floor":49,"key":"SMITH"},{"data":"Runesmith:CreatorForm","floor":49,"key":"SMITH"},{"data":"Runesmith:Refine","floor":52,"key":"SMITH"},{"data":"Runesmith:FieryHammer+1","floor":52,"key":"SMITH"}],"circlet_count":0,"master_deck":["Runesmith:Strike_RS","Runesmith:Strike_RS","Runesmith:Strike_RS","Runesmith:Defend_RS","Runesmith:Defend_RS","Runesmith:Defend_RS","Runesmith:CraftFirestone+1","Runesmith:Fortify","Runesmith:CreatorForm+1","Runesmith:ChaoticBlast","Runesmith:FrozenChisel","Runesmith:Reinforce+1","Menagerie:Languish+1","Menagerie:LightningHelix","Runesmith:StaticCage","Runesmith:CraftSpiculum","Runesmith:CraftMagma","hubris:Despair","Runesmith:DuctTape+1","Runesmith:Grindstone+1","Runesmith:FieryHammer+2","Runesmith:MetallurgicalResearch+1","Injury","Trip","Runesmith:Refine+1","Runesmith:GoWithTheFlow","Runesmith:Grindstone+1","Runesmith:Discharge+1","Runesmith:Permafrost+1","Pot Of Greed","Pot Of Greed","Pot Of Greed","Runesmith:Repurpose+1","Runesmith:Attraction+1","Pot Of Greed","StuffTheSpire:GnomedCurse","Runesmith:CraftObretio+1"],"relics":["Runesmith:BrokenRuby","Membership Card","Replay:Ringing Soul","Replay:Arrowhead","Thread and Needle","ReplayTheSpireMod:Ring of Exchange","Ring of Greed","Golden Idol","Smiling Mask","StuffTheSpire:Gunfinga","Guardian:PocketSentry","Garlic","Replay:Mystery Machine","Vajra","conspire:SpecialSausage","Ancient Tea Set","hexamod:BolsterEngine","Simple Rune","StuffTheSpire:Expresso","Anchor","Happy Flower","Replay:Bandana","Empty Cage","Elementarium:ElementariumTrophy","hubris:CrackedHourglass","Grinning Jar","Replay:Baseball","Gremlin Horn","aspiration:Lifesprig","Du-Vu Doll"],"acts_visited":["Menagerie:Menagerie","Elementarium:Elementarium","Gensokyo:Gensokyoest","TheEnding"],"potions_floor_usage":[33,35,50,55],"damage_taken":[{"damage":0.0,"enemies":"Menagerie:StygianBoar","floor":1.0,"turns":3.0},{"damage":5.0,"enemies":"Menagerie:MonstrousExperiment","floor":3.0,"turns":3.0},{"damage":0.0,"enemies":"Menagerie:WhisperingWraith","floor":4.0,"turns":4.0},{"damage":17.0,"enemies":"Menagerie:VoidReaper","floor":6.0,"turns":5.0},{"damage":6.0,"enemies":"Menagerie:Hydra","floor":8.0,"turns":4.0},{"damage":2.0,"enemies":"Menagerie:BEAST_MAGE_AND_PROWLING_AMALGAM","floor":9.0,"turns":6.0},{"damage":2.0,"enemies":"Menagerie:VoidReaper","floor":10.0,"turns":6.0},{"damage":0.0,"enemies":"Menagerie:BEAST_MAGE_AND_PROWLING_AMALGAM","floor":12.0,"turns":5.0},{"damage":3.0,"enemies":"Menagerie:3_RABBITS","floor":14.0,"turns":3.0},{"damage":14.0,"enemies":"Menagerie:AVATARS","floor":16.0,"turns":6.0},{"damage":2,"enemies":"Elementarium:Cyclone","floor":18,"turns":6},{"damage":6,"enemies":"Elementarium:WarGolem","floor":23,"turns":5},{"damage":6,"enemies":"Elementarium:VoidCorruption","floor":24,"turns":9},{"damage":13,"enemies":"Elementarium:ElementalPortal","floor":25,"turns":6},{"damage":2,"enemies":"Elementarium:VoidCorruption","floor":27,"turns":6},{"damage":1,"enemies":"Elementarium:3_ELEMENTALS","floor":28,"turns":6},{"damage":5,"enemies":"Elementarium:WarGolem","floor":29,"turns":6},{"damage":21,"enemies":"Elementarium:RubyGolem","floor":30,"turns":5},{"damage":47,"enemies":"Elementarium:GolemEmperor","floor":33,"turns":10},{"damage":18,"enemies":"Gensokyo:3_Boulders","floor":35,"turns":6},{"damage":15,"enemies":"Gensokyo:3_Bats","floor":37,"turns":8},{"damage":0,"enemies":"Gensokyo:3_Bats","floor":41,"turns":2},{"damage":3,"enemies":"Gensokyo:Doremy","floor":42,"turns":6},{"damage":3,"enemies":"Gensokyo:Kasen","floor":45,"turns":5},{"damage":29,"enemies":"Gensokyo:3_Boulders","floor":46,"turns":4},{"damage":9,"enemies":"Gensokyo:SeedOfUnknown","floor":47,"turns":6},{"damage":0,"enemies":"Gensokyo:Yuyuko","floor":50,"turns":5},{"damage":23,"enemies":"Shield and Spear","floor":54,"turns":6},{"damage":52,"enemies":"The Heart","floor":55,"turns":7}],"seed_played":"-767463380217990605","potions_obtained":[{"floor":3.0,"key":"Languid Potion"},{"floor":4.0,"key":"Weak Potion"},{"floor":8.0,"key":"Block Potion"},{"floor":29,"key":"LiquidMemories"},{"floor":35,"key":"Elixir"}],"is_trial":false,"path_per_floor":["M","?","M","M","?","E","R","E","MIM","E","?","M","R","M","R","B",null,"M","?","?","$","?","E","MIM","E","T","M","M","E","M","$","R_BF","B",null,"M","?","MIM","$","?","R","M","E","T","$","E","M","M","$","R","B",null,"R","$","E","B"],"character_chosen":"RUNESMITH_CLASS","items_purchased":["Membership Card","Replay:Ringing Soul","Runesmith:CreatorForm","Runesmith:ChaoticBlast","Runesmith:FrozenChisel","Thread and Needle","Runesmith:Reinforce","Ancient Tea Set","hexamod:BolsterEngine","Empty Cage","Block Potion","Elixir"],"campfire_rested":1,"item_purchase_floors":[0,0,0,0,0,0,0,21,21,31,44,48],"current_hp_per_floor":[59,62,63,69,72,61,61,58,62,66,14,17,46,46,46,40,103,104,104,107,107,107,109,109,102,102,100,105,103,85,85,85,44,124,109,109,102,102,105,105,111,114,114,114,119,93,89,89,89,89,142,142,142,127,0,0],"gold":56,"neow_bonus":"","is_daily":false,"chose_seed":false,"campfire_upgraded":10,"win_rate":0.0,"timestamp":1609812672,"path_taken":["M","?","M","?","?","E","R","E","MIM","E","?","M","R","?","R","BOSS","M","?","?","$","?","E","?","E","T","M","M","E","M","$","R_BF","BOSS","M","?","?","$","?","R","?","E","T","$","E","M","M","?","R","BOSS","R","$","E","BOSS"],"items_purchased_type":["Relic","Relic","Card","Card","Card","Relic","Card","Relic","Relic","Relic","Potion","Potion"],"build_version":"2020-12-22","purchased_purges":10,"victory":false,"max_hp_per_floor":[73,76,79,82,85,88,88,88,91,94,97,97,97,100,100,103,103,106,106,109,109,109,112,115,118,118,118,121,121,121,121,121,124,124,127,127,130,130,133,133,136,139,139,139,142,142,142,142,142,142,142,142,142,145,145,145],"card_choices":[{"not_picked":["Runesmith:Repurpose","Runesmith:HammerThrow","Runesmith:EnergizedChisel"],"picked":"SKIP","floor":1.0},{"not_picked":["Menagerie:MirarisWake","Menagerie:Skullclamp"],"picked":"Menagerie:Languish","floor":2.0},{"not_picked":["Menagerie:Languish","Menagerie:RelicOfProgenitus"],"picked":"Menagerie:LightningHelix","floor":2.0},{"not_picked":["Runesmith:Supernova","Runesmith:EarthShield"],"picked":"Runesmith:StaticCage","floor":3.0},{"not_picked":["Runesmith:ChiselStab","Runesmith:BackupBattery"],"picked":"Runesmith:CraftSpiculum","floor":4.0},{"not_picked":["Runesmith:Terraform","Runesmith:BackupBattery"],"picked":"Runesmith:CraftMagma","floor":6.0},{"not_picked":["Runesmith:StaticCage","Runesmith:MakeshiftArmor","Runesmith:Overpower"],"picked":"SKIP","floor":8.0},{"not_picked":["Runesmith:CraftVitae","Runesmith:Reinforce"],"picked":"Runesmith:DuctTape","floor":9.0},{"not_picked":["Runesmith:ElementalConversion","Runesmith:FissionHammer"],"picked":"Runesmith:Grindstone","floor":10.0},{"not_picked":["Runesmith:ElementalConversion","Runesmith:EarthShield","Runesmith:WhiteBalance"],"picked":"SKIP","floor":12.0},{"not_picked":["Runesmith:UnstableHammer","Runesmith:CraftProtectio"],"picked":"Runesmith:FieryHammer","floor":14.0},{"not_picked":["Runesmith:CraftIndustria","Runesmith:FissionHammer"],"picked":"Runesmith:MetallurgicalResearch","floor":16.0},{"not_picked":["Runesmith:CraftReservo+1","Runesmith:HeatExchange","Runesmith:GoWithTheFlow"],"picked":"SKIP","floor":18},{"not_picked":["expansioncontent:Torchfire","DDmod:PotionAddictCard"],"picked":"Trip","floor":20},{"not_picked":["Midas Touch","DDmod:MulticlassingSkill"],"picked":"Secret Weapon","floor":20},{"not_picked":["Runesmith:HammerThrow","Runesmith:Overpower"],"picked":"Runesmith:Refine","floor":23},{"not_picked":["Runesmith:EnergizedChisel","Runesmith:Repurpose"],"picked":"Runesmith:GoWithTheFlow","floor":25},{"not_picked":["Runesmith:HeatExchange+1","Runesmith:UnstableHammer","Runesmith:GoWithTheFlow"],"picked":"SKIP","floor":27},{"not_picked":["Runesmith:FieryHammer+1","Runesmith:EnergizedChisel"],"picked":"Runesmith:Grindstone","floor":28},{"not_picked":["Runesmith:BackupBattery","Runesmith:HeatedChisel","Runesmith:Grindstone"],"picked":"SKIP","floor":29},{"not_picked":["Runesmith:HeatedChisel","Runesmith:EarthShield","Runesmith:ShiftingStrike"],"picked":"SKIP","floor":30},{"not_picked":["Runesmith:Terraform","Runesmith:Accelerate+1"],"picked":"Runesmith:Discharge+1","floor":35},{"not_picked":["Runesmith:Firewall","Runesmith:BackupBattery"],"picked":"Runesmith:Permafrost+1","floor":37},{"not_picked":["Runesmith:Firewall+1","Runesmith:BackupBattery+1"],"picked":"Runesmith:Repurpose+1","floor":41},{"not_picked":["Runesmith:ChiselStab+1","Runesmith:Terraform+1"],"picked":"Runesmith:Attraction+1","floor":42},{"not_picked":["Runesmith:BackupBattery","Runesmith:HammerThrow+1","Runesmith:FieryHammer+1"],"picked":"SKIP","floor":45},{"not_picked":["Runesmith:EarthShield+1","Runesmith:UnstableHammer","Runesmith:EnergizedChisel+1"],"picked":"SKIP","floor":46},{"not_picked":["Runesmith:CraftPrismatica","Runesmith:HeatedChisel","Runesmith:CraftProtectio+1"],"picked":"SKIP","floor":47},{"not_picked":["Runesmith:ReplicatingBarrier","Runesmith:Reinforce+1"],"picked":"Runesmith:CraftObretio+1","floor":54}],"player_experience":1064124,"relics_obtained":[{"floor":5.0,"key":"ReplayTheSpireMod:Ring of Exchange"},{"floor":5.0,"key":"Ring of Greed"},{"floor":5.0,"key":"Golden Idol"},{"floor":5.0,"key":"Smiling Mask"},{"floor":6.0,"key":"StuffTheSpire:Gunfinga"},{"floor":8.0,"key":"Guardian:PocketSentry"},{"floor":9.0,"key":"Garlic"},{"floor":10.0,"key":"Replay:Mystery Machine"},{"floor":23,"key":"Simple Rune"},{"floor":24,"key":"StuffTheSpire:Expresso"},{"floor":25,"key":"Anchor"},{"floor":26,"key":"Happy Flower"},{"floor":29,"key":"Replay:Bandana"},{"floor":42,"key":"Replay:Baseball"},{"floor":43,"key":"Gremlin Horn"},{"floor":45,"key":"aspiration:Lifesprig"},{"floor":54,"key":"Du-Vu Doll"}],"event_choices":[{"damage_healed":0.0,"max_hp_gain":0.0,"max_hp_loss":0.0,"gold_gain":0.0,"event_name":"Menagerie:MagicPeddler","player_choice":"Spells","floor":2.0,"gold_loss":70.0,"damage_taken":0.0},{"damage_healed":0.0,"max_hp_gain":0.0,"max_hp_loss":0.0,"gold_gain":217.0,"event_name":"betterSkull:BetterSkull","player_choice":"GO GO RE UP ","floor":11.0,"gold_loss":0.0,"damage_taken":61.0,"cards_upgraded":["Runesmith:CraftFirestone"],"relics_obtained":["Vajra"]},{"damage_healed":0,"gold_gain":0,"player_choice":"2","damage_taken":0,"max_hp_gain":0,"max_hp_loss":0,"event_name":"betterMatch:BetterMatch","floor":19,"gold_loss":0,"cards_obtained":[]},{"damage_healed":0,"gold_gain":0,"player_choice":"Machinery","damage_taken":0,"max_hp_gain":0,"max_hp_loss":0,"event_name":"Elementarium:IncubationChamber","floor":20,"gold_loss":0},{"damage_healed":0,"gold_gain":0,"player_choice":"2","damage_taken":0,"max_hp_gain":0,"max_hp_loss":0,"event_name":"betterMatch:BetterMatch","floor":36,"gold_loss":0,"cards_obtained":["betterMatch:CommonCard"]}],"is_beta":false,"boss_relics":[{"not_picked":["hubris:HollowSoul","Runesmith:UraniumAnvil"],"picked":"conspire:SpecialSausage"},{"not_picked":["HollowMod:JonisBlessing","Frozen Eye"],"picked":"hubris:CrackedHourglass"}],"items_purged_floors":[0,21,21,31,38,38,44,44,48,53],"is_endless":false,"potions_floor_spawned":[3,4,8,10,16,18,25,27,29,35,45,46,47],"killed_by":"The Heart","ascension_level":2}}