{"host":"61r95uy0hn86b9iu","time":1609814757,"event":{"mods":["AchievementEnabler","BaseMod","Better Vampires","BetterRewards","Colored Powertips","Hubris","Minty Spire (QoL Compilation)","Shop Mod","StSLib"],"gold_per_floor":[115,115,115,15,33,33,76,99,99,120,179,54,79,94,94,322,322,335,12,12,12,12,12,55,55,105,123,123,147,147,147,147,266,266,281,8,341,357,357,357,390,403,427,427,445,462,515,543,543,543],"floor_reached":51,"playtime":1665,"items_purged":["Strike_R","Injury","Strike_R","Strike_R"],"score":1592,"play_id":"c75badc6-1605-4bca-bd35-360c75addc21","local_time":"20210104204557","is_ascension_mode":true,"campfire_choices":[{"data":"Metallicize","floor":6.0,"key":"SMITH"},{"data":"Spot Weakness","floor":15.0,"key":"SMITH"},{"data":"Armaments","floor":23.0,"key":"SMITH"},{"data":"Seeing Red","floor":25.0,"key":"SMITH"},{"data":"Limit Break","floor":32.0,"key":"SMITH"},{"floor":40,"key":"REST"},{"data":"Armaments","floor":44,"key":"SMITH"},{"data":"Shockwave","floor":49,"key":"SMITH"}],"circlet_count":0,"master_deck":["AscendersBane","Strike_R","Defend_R","Defend_R","Bash","Whirlwind","Spot Weakness+1","Finesse","Pommel Strike","Metallicize+1","Heavy Blade","Inflame","Seeing Red+1","Shockwave+1","Iron Wave","Limit Break+1","Armaments+1","Dropkick","Flex+1","Ghostly Armor","Clash","Metallicize","Shrug It Off","Armaments+1","Fire Breathing+1","Metallicize+1"],"relics":["Burning Blood","Thread and Needle","hubris:Icosahedron","Omamori","Runic Cube","Chemical X","Enchiridion","Regal Pillow","hubris:ChampionShield","hubris:IronBody","MerchantsRug","Shuriken","Magic Flower","Toy Ornithopter","FossilizedHelix","Ancient Tea Set"],"acts_visited":["Exordium","TheCity","TheBeyond"],"potions_floor_usage":[41,41,42,47,50],"damage_taken":[{"damage":0.0,"enemies":"2 Louse","floor":1.0,"turns":2.0},{"damage":4.0,"enemies":"Small Slimes","floor":5.0,"turns":4.0},{"damage":9.0,"enemies":"Gremlin Nob","floor":7.0,"turns":5.0},{"damage":0.0,"enemies":"Jaw Worm","floor":8.0,"turns":3.0},{"damage":5.0,"enemies":"Looter","floor":10.0,"turns":3.0},{"damage":7.0,"enemies":"Exordium Thugs","floor":13.0,"turns":2.0},{"damage":4.0,"enemies":"3 Louse","floor":14.0,"turns":3.0},{"damage":27.0,"enemies":"Slime Boss","floor":16.0,"turns":10.0},{"damage":18.0,"enemies":"Spheric Guardian","floor":18.0,"turns":4.0},{"damage":20.0,"enemies":"Gremlin Leader","floor":24.0,"turns":4.0},{"damage":12.0,"enemies":"Shell Parasite","floor":27.0,"turns":3.0},{"damage":6.0,"enemies":"Shelled Parasite and Fungi","floor":29.0,"turns":3.0},{"damage":23.0,"enemies":"Collector","floor":33.0,"turns":5.0},{"damage":0.0,"enemies":"3 Darklings","floor":35.0,"turns":2.0},{"damage":38,"enemies":"3 Shapes","floor":38,"turns":4},{"damage":14,"enemies":"Giant Head","floor":41,"turns":7},{"damage":0,"enemies":"Jaw Worm Horde","floor":42,"turns":1},{"damage":9,"enemies":"Spire Growth","floor":45,"turns":5},{"damage":0,"enemies":"Maw","floor":46,"turns":6},{"damage":0,"enemies":"2 Orb Walkers","floor":47,"turns":5},{"damage":24,"enemies":"Reptomancer","floor":48,"turns":7},{"damage":0,"enemies":"Time Eater","floor":50,"turns":10}],"seed_played":"1679251435199245420","potions_obtained":[{"floor":5.0,"key":"Explosive Potion"},{"floor":7.0,"key":"Fire Potion"},{"floor":13.0,"key":"LiquidMemories"},{"floor":27.0,"key":"Swift Potion"},{"floor":33.0,"key":"DuplicationPotion"},{"floor":38,"key":"Dexterity Potion"},{"floor":41,"key":"LiquidMemories"},{"floor":42,"key":"Strength Potion"},{"floor":46,"key":"DistilledChaos"}],"is_trial":false,"path_per_floor":["M","?","?","$","M","R","E","M","T","M","?","$","M","M","R","B",null,"M","$","?","?","$","R","E","R","T","M","$","M","?","?","R","B",null,"M","$","?","M","?","R","E","M","T","R","M","M","?","E","R","B",null],"character_chosen":"IRONCLAD","items_purchased":["Thread and Needle","Whirlwind","Spot Weakness","Finesse","Chemical X","Armaments","MerchantsRug","Shuriken","Metallicize"],"campfire_rested":1,"item_purchase_floors":[0,0,0,0,19,19,36,36,36],"current_hp_per_floor":[62,62,62,62,64,64,61,67,67,80,80,80,79,80,80,59,75,63,63,63,47,47,47,66,66,66,60,60,60,60,60,60,43,71,77,77,77,45,45,80,72,80,80,80,80,80,80,65,65,80],"gold":543,"neow_bonus":"","is_daily":false,"chose_seed":false,"campfire_upgraded":7,"win_rate":0.0,"timestamp":1609814757,"path_taken":["M","?","?","$","M","R","E","M","T","M","?","?","?","M","R","BOSS","M","$","?","?","?","R","E","R","T","M","$","M","?","?","R","BOSS","M","$","?","M","?","R","E","M","T","R","?","M","?","E","R","BOSS"],"items_purchased_type":["Relic","Card","Card","Card","Relic","Card","Relic","Relic","Card"],"build_version":"2020-12-22","purchased_purges":4,"victory":true,"max_hp_per_floor":[80,80,80,80,80,80,80,80,80,80,80,80,80,80,80,80,80,80,80,80,80,80,80,80,80,80,80,80,80,80,80,80,80,80,80,80,80,80,80,80,80,80,80,80,80,80,80,80,80,80],"card_choices":[{"not_picked":["Power Through","Warcry"],"picked":"Pommel Strike","floor":1.0},{"not_picked":["Power Through","Flex"],"picked":"Metallicize","floor":5.0},{"not_picked":["Entrench","Hemokinesis"],"picked":"Heavy Blade","floor":7.0},{"not_picked":["hubris:ReadiedAction","Wild Strike"],"picked":"Inflame","floor":8.0},{"not_picked":["Searing Blow","Twin Strike"],"picked":"Seeing Red","floor":10.0},{"not_picked":["Blood for Blood","Headbutt"],"picked":"Shockwave","floor":13.0},{"not_picked":["Cleave","Clash"],"picked":"Iron Wave","floor":14.0},{"not_picked":["Feed","Brutality"],"picked":"Limit Break","floor":16.0},{"not_picked":["Sentinel","Thunderclap","Sword Boomerang"],"picked":"SKIP","floor":18.0},{"not_picked":["True Grit","Pummel"],"picked":"Dropkick","floor":24.0},{"not_picked":["Armaments","Havoc"],"picked":"Flex+1","floor":27.0},{"not_picked":["Rage","Iron Wave","Perfected Strike+1"],"picked":"SKIP","floor":29.0},{"not_picked":["Armaments","Cleave","Twin Strike"],"picked":"SKIP","floor":35.0},{"not_picked":["Dark Embrace","Cleave"],"picked":"Shrug It Off","floor":38},{"not_picked":["Dropkick","hubris:ReadiedAction","Pommel Strike"],"picked":"SKIP","floor":41},{"not_picked":["hubris:CleavingFinish","Evolve+1","Cleave"],"picked":"SKIP","floor":42},{"not_picked":["Wild Strike","Dropkick"],"picked":"Fire Breathing+1","floor":45},{"not_picked":["Clash+1","Dark Embrace","True Grit"],"picked":"SKIP","floor":46},{"not_picked":["Brutality","hubris:SharpeningStone"],"picked":"Metallicize+1","floor":48}],"player_experience":3226943,"relics_obtained":[{"floor":7.0,"key":"Omamori"},{"floor":9.0,"key":"Blue Candle"},{"floor":21.0,"key":"Enchiridion"},{"floor":24.0,"key":"Regal Pillow"},{"floor":26.0,"key":"hubris:ChampionShield"},{"floor":41,"key":"Magic Flower"},{"floor":43,"key":"Toy Ornithopter"},{"floor":47,"key":"FossilizedHelix"},{"floor":48,"key":"Ancient Tea Set"}],"event_choices":[{"damage_healed":0.0,"max_hp_gain":0.0,"max_hp_loss":0.0,"gold_gain":0.0,"event_name":"Golden Idol","player_choice":"Take Wound","floor":2.0,"gold_loss":0.0,"damage_taken":0.0,"relics_obtained":["Golden Idol"],"cards_obtained":["Injury"]},{"damage_healed":0.0,"max_hp_gain":0.0,"max_hp_loss":0.0,"gold_gain":59.0,"event_name":"Golden Wing","player_choice":"Gained Gold","floor":11.0,"gold_loss":0.0,"damage_taken":0.0},{"cards_removed":["Defend_R"],"damage_healed":0.0,"max_hp_gain":0.0,"max_hp_loss":0.0,"gold_gain":0.0,"event_name":"Back to Basics","player_choice":"Elegance","floor":20.0,"gold_loss":0.0,"damage_taken":0.0},{"damage_healed":0.0,"max_hp_gain":0.0,"max_hp_loss":0.0,"gold_gain":0.0,"event_name":"Cursed Tome","player_choice":"Obtained Book","floor":21.0,"gold_loss":0.0,"damage_taken":16.0},{"damage_healed":0.0,"max_hp_gain":0.0,"max_hp_loss":0.0,"gold_gain":0.0,"cards_transformed":["Defend_R","Strike_R"],"event_name":"Drug Dealer","player_choice":"Became Test Subject","floor":30.0,"gold_loss":0.0,"damage_taken":0.0,"cards_obtained":["Ghostly Armor","Clash"]},{"damage_healed":0,"gold_gain":333,"player_choice":"Gave Idol","damage_taken":0,"max_hp_gain":0,"max_hp_loss":0,"event_name":"The Moai Head","floor":37,"relics_lost":["Golden Idol"],"gold_loss":0},{"damage_healed":0,"gold_gain":0,"player_choice":"1 cards matched","damage_taken":0,"max_hp_gain":0,"max_hp_loss":0,"event_name":"Match and Keep!","floor":39,"gold_loss":0,"cards_obtained":["Armaments"]},{"damage_healed":0,"gold_gain":0,"player_choice":"Fight","damage_taken":0,"max_hp_gain":0,"max_hp_loss":0,"event_name":"Mysterious Sphere","floor":47,"gold_loss":0}],"is_beta":false,"boss_relics":[{"not_picked":["hubris:CrackedHourglass","Snecko Eye"],"picked":"Runic Cube"},{"not_picked":["hubris:VirtuousBlindfold","hubris:ScarierMask"],"picked":"hubris:Backtick"}],"items_purged_floors":[0,4,12,19],"is_endless":false,"potions_floor_spawned":[5,7,13,14,27,33,38,41,42,46],"ascension_level":12}}