{"host":"sc0o2qwpf9j16a4i","time":1609837228,"event":{"mods":["AchievementEnabler","BaseMod","BetterRewards","Block Reminder","Colored Map","Colored Powertips","Custom Start","Highlight Path","Minty Spire (QoL Compilation)","Relic Stats"],"gold_per_floor":[119,133,133,133,153,153,153,153],"floor_reached":7,"playtime":183,"items_purged":["Strike_P"],"score":82,"play_id":"512c07ef-0f63-432d-a32a-6f81106701a8","local_time":"20210105110028","is_ascension_mode":true,"campfire_choices":[{"floor":6,"key":"REST"}],"circlet_count":0,"master_deck":["AscendersBane","Strike_P","Strike_P","Strike_P","Defend_P","Defend_P","Defend_P","Defend_P","Eruption","Vigilance","LikeWater","FearNoEvil","FearNoEvil","Sanctity","Protect"],"relics":["PureWater","Golden Idol","Toy Ornithopter"],"acts_visited":["Exordium"],"potions_floor_usage":[],"damage_taken":[{"damage":10,"enemies":"2 Louse","floor":1,"turns":2},{"damage":0,"enemies":"Small Slimes","floor":2,"turns":5},{"damage":1,"enemies":"Jaw Worm","floor":5,"turns":3},{"damage":55,"enemies":"Lagavulin","floor":7,"turns":11}],"seed_played":"-2667977580607912788","potions_obtained":[],"is_trial":false,"path_per_floor":["M","M","?","?","M","R","E"],"character_chosen":"WATCHER","items_purchased":["LikeWater","FearNoEvil"],"campfire_rested":1,"item_purchase_floors":[0,0],"current_hp_per_floor":[46,46,46,35,34,52,0,0],"gold":153,"neow_bonus":"","is_daily":false,"chose_seed":false,"campfire_upgraded":0,"win_rate":0.0,"timestamp":1609837228,"path_taken":["M","M","?","?","M","R","E"],"items_purchased_type":["Card","Card"],"build_version":"2020-12-22","purchased_purges":1,"victory":false,"max_hp_per_floor":[68,68,62,62,62,62,62,62],"relic_stats":{"counters":[11,63],"Golden Idol":4,"obtain_stats":[{"Potion Belt":7,"Centennial Puzzle":9,"Gremlin Horn":11,"Golden Idol":3,"Tiny Chest":12,"VioletLotus":0,"PureWater":0,"Toy Ornithopter":4},{"Potion Belt":4,"Centennial Puzzle":4,"Gremlin Horn":4,"Golden Idol":9,"Tiny Chest":5,"VioletLotus":0,"PureWater":0,"Toy Ornithopter":9},{"Potion Belt":23,"Centennial Puzzle":23,"Gremlin Horn":23,"Golden Idol":49,"Tiny Chest":29,"VioletLotus":0,"PureWater":0,"Toy Ornithopter":49}],"Toy Ornithopter":0},"card_choices":[{"not_picked":["Crescendo","FollowUp"],"picked":"FearNoEvil","floor":1},{"not_picked":["FlurryOfBlows","Halt"],"picked":"Sanctity","floor":2},{"not_picked":["FollowUp","FlurryOfBlows"],"picked":"Protect","floor":5}],"player_experience":545712,"relics_obtained":[],"event_choices":[{"damage_healed":0,"gold_gain":0,"player_choice":"Lose Max HP","damage_taken":0,"relics_obtained":["Golden Idol"],"max_hp_gain":0,"max_hp_loss":6,"event_name":"Golden Idol","floor":3,"gold_loss":0},{"damage_healed":0,"gold_gain":0,"player_choice":"Success","damage_taken":11,"relics_obtained":["Toy Ornithopter"],"max_hp_gain":0,"max_hp_loss":0,"event_name":"Scrap Ooze","floor":4,"gold_loss":0}],"is_beta":false,"boss_relics":[],"items_purged_floors":[0],"is_endless":false,"potions_floor_spawned":[],"killed_by":"Lagavulin","ascension_level":20}}