{"host":"y9cfhv0nasly8qeh","time":1609842218,"event":{"mods":["BaseMod","Minty Spire (QoL Compilation)","Relic Stats","StSLib","[IsaacMod]ÒÔÈö¼âËþ"],"gold_per_floor":[110,2978,2284,2297,1344,1394,563,563,563,581,608,626,626,652,652,748,748,768,81,81,95,2592,2592,2592,2592,2644,2303,1840,1872,1892,1892,1892,1994,1994,2008,2008,2023,723,737,737,754,836,914,931,931,931,1031,1044,1044,1065],"floor_reached":51,"playtime":2640,"items_purged":["Strike_R","Strike_R","Strike_R","Strike_R","Strike_R","Iron Wave","Defend_R","Bash","DoctorFetus+1","Fire Breathing"],"score":838,"play_id":"c725db02-0681-4578-a8a0-e55ad42f1de4","local_time":"20210105182338","is_ascension_mode":false,"campfire_choices":[{"data":"EpicFetus","floor":8,"key":"SMITH"},{"data":"DoctorFetus","floor":15,"key":"SMITH"},{"data":"Burning Pact","floor":23,"key":"SMITH"},{"data":"Feel No Pain","floor":32,"key":"SMITH"},{"floor":40,"key":"REST"},{"floor":45,"key":"REST"},{"floor":49,"key":"REST"}],"circlet_count":0,"master_deck":["Defend_R","Dark Embrace","Feel No Pain+1","Entrench","Discovery","EpicFetus+1","Berserk","Demon Form","Burning Pact+1","Corruption+1","Intimidate","Shockwave","Perfected Strike","EpicFetus+1","Evolve+1","Disarm","Fiend Fire+1","Bloodletting+1","Sentinel","Second Wind","Barricade+1","Apotheosis","Dark Embrace+1","Shockwave","Disarm+1","Seeing Red+1"],"relics":["Burning Blood","HushsDoor","BookofShadows","NeowsBlessing","Tiny Chest","Champion Belt","Cauldron","BlankCard","NineVolt","Orichalcum","DeathBook","Dream Catcher","Oddly Smooth Stone","Ancient Tea Set","ClockworkSouvenir","Charon\u0027s Ashes","Odd Mushroom","Frozen Egg 2","Red Skull","Runic Cube","TheBattery","Shuriken","Regal Pillow","MealTicket","Membership Card","Molten Egg 2","Anchor","Akabeko","Centennial Puzzle","Chaos","Lantern","InkBottle","D6","BFFS","GuppysHairball","GuppysTail","Fusion Hammer","Calipers","SalivaCoin","Symbiotic Virus","Ninja Scroll","SlaversCollar","Lizard Tail","TungstenRod","HoveringKite","HornCleat","Bottled Flame","Runic Pyramid","Pen Nib","Thread and Needle"],"acts_visited":["Exordium","TheCity","TheBeyond"],"potions_floor_usage":[22,28,33,33,50,50,50],"damage_taken":[{"damage":0,"enemies":"2 Louse","floor":1,"turns":1},{"damage":0,"enemies":"Cultist","floor":2,"turns":1},{"damage":0,"enemies":"Small Slimes","floor":4,"turns":1},{"damage":14,"enemies":"Hiden Room Battle","floor":6,"turns":4},{"damage":0,"enemies":"Exordium Thugs","floor":10,"turns":3},{"damage":0,"enemies":"The Mushroom Lair","floor":11,"turns":4},{"damage":16,"enemies":"Large Slime","floor":12,"turns":5},{"damage":0,"enemies":"Gremlin Nob","floor":14,"turns":5},{"damage":18,"enemies":"The Guardian","floor":16,"turns":5},{"damage":0,"enemies":"3 Byrds","floor":18,"turns":3},{"damage":6,"enemies":"Shell Parasite","floor":21,"turns":3},{"damage":3,"enemies":"Slavers","floor":29,"turns":3},{"damage":2,"enemies":"Shelled Parasite and Fungi","floor":30,"turns":2},{"damage":0,"enemies":"Automaton","floor":33,"turns":6},{"damage":1,"enemies":"3 Darklings","floor":35,"turns":6},{"damage":8,"enemies":"3 Shapes","floor":37,"turns":2},{"damage":0,"enemies":"3 Darklings","floor":39,"turns":2},{"damage":3,"enemies":"Jaw Worm Horde","floor":41,"turns":2},{"damage":0,"enemies":"Spire Growth","floor":44,"turns":4},{"damage":0,"enemies":"Maw","floor":48,"turns":6},{"damage":11,"enemies":"Time Eater","floor":50,"turns":8}],"seed_played":"4489748543677067156","potions_obtained":[{"floor":3,"key":"ElixirPotion"},{"floor":3,"key":"SkillPotion"},{"floor":3,"key":"BloodPotion"},{"floor":16,"key":"PowerPotion"},{"floor":33,"key":"SpeedPotion"},{"floor":37,"key":"SkillPotion"}],"is_trial":false,"path_per_floor":["M","M","$","M","$","?","$","R","T","M","?","M","T","E","R","B",null,"M","$","?","M","$","R","?","T","T","$","$","E","M","?","R","B",null,"M","T","M","$","M","R","M","$","T","M","R","?","?","M","R","B",null],"character_chosen":"IRONCLAD","items_purchased":["Tiny Chest","Champion Belt","Cauldron","BlankCard","NineVolt","Orichalcum","Feel No Pain","Entrench","Discovery","Oddly Smooth Stone","Ancient Tea Set","ClockworkSouvenir","EpicFetus","DistilledChaos","TheBattery","Shuriken","Regal Pillow","SkillPotion","MealTicket","Membership Card","Akabeko","Centennial Puzzle","EpicFetus+1","Chaos","Lantern","InkBottle","Fruit Juice","BlessingOfTheForge","GuppysHairball","GuppysTail","Calipers","SalivaCoin","Symbiotic Virus","Second Wind","Ninja Scroll","SlaversCollar","Lizard Tail","TungstenRod","HoveringKite","HornCleat","Apotheosis","Bottled Flame","Runic Pyramid","Pen Nib"],"campfire_rested":3,"item_purchase_floors":[3,3,3,5,5,5,5,5,5,7,7,7,7,7,19,19,19,22,22,22,27,27,27,28,28,28,28,28,34,34,38,38,38,38,38,38,38,42,42,42,42,42,42,42],"current_hp_per_floor":[80,80,80,80,80,72,72,72,72,78,80,70,70,76,76,64,80,80,80,80,80,80,80,80,80,80,80,85,85,85,85,85,85,65,65,65,63,65,65,65,65,65,65,65,65,65,65,65,65,60],"gold":1065,"neow_bonus":"THREE_ENEMY_KILL","is_daily":false,"chose_seed":false,"campfire_upgraded":4,"win_rate":0.0,"timestamp":1609842218,"path_taken":["M","M","$","M","$","?","?","R","T","M","?","M","?","E","R","BOSS","M","$","?","?","$","R","?","?","T","?","$","E","?","?","R","BOSS","M","?","M","$","M","R","M","$","T","M","R","?","?","?","R","BOSS"],"items_purchased_type":["Relic","Relic","Relic","Relic","Relic","Relic","Card","Card","Card","Relic","Relic","Relic","Card","Potion","Relic","Relic","Relic","Potion","Relic","Relic","Relic","Relic","Card","Card","Relic","Relic","Potion","Potion","Relic","Relic","Relic","Relic","Relic","Card","Relic","Relic","Relic","Relic","Relic","Relic","Card","Relic","Relic","Relic"],"build_version":"2020-12-22","purchased_purges":10,"victory":true,"max_hp_per_floor":[80,80,80,80,80,80,80,80,80,80,80,80,80,80,80,80,80,80,80,80,80,80,80,80,80,80,80,85,85,85,85,85,85,65,65,65,65,65,65,65,65,65,65,65,65,65,65,65,65,65],"relic_stats":{"Regal Pillow":0,"counters":[21,76],"HoveringKite":[0],"Charon\u0027s Ashes":[771],"Pen Nib":[2],"Orichalcum":[102],"Burning Blood":59,"Dream Catcher":3,"Centennial Puzzle":[16],"Lizard Tail":0,"Shuriken":[6],"Tiny Chest":3,"MealTicket":2,"Champion Belt":[20],"obtain_stats":[{"Chaos":28,"Calipers":38,"NineVolt":5,"HoveringKite":42,"BFFS":34,"Centennial Puzzle":27,"Lizard Tail":38,"HornCleat":42,"MealTicket":22,"Fusion Hammer":36,"Runic Cube":17,"KeepersGift":0,"BookofShadows":0,"Oddly Smooth Stone":7,"Charon\u0027s Ashes":9,"Pen Nib":42,"Akabeko":27,"SlaversCollar":38,"Bottled Flame":42,"Shuriken":19,"Molten Egg 2":25,"HushsDoor":0,"Symbiotic Virus":38,"GuppysTail":34,"Regal Pillow":19,"Lantern":28,"TheBattery":19,"Ancient Tea Set":7,"Burning Blood":0,"ClockworkSouvenir":7,"DeathBook":6,"Dream Catcher":6,"Ninja Scroll":38,"Tiny Chest":3,"Red Skull":14,"InkBottle":28,"Runic Pyramid":42,"NeowsBlessing":0,"Thread and Needle":43,"Orichalcum":5,"Odd Mushroom":11,"Frozen Egg 2":13,"Cauldron":3,"Anchor":26,"D6":29,"SalivaCoin":38,"Champion Belt":3,"Membership Card":22,"GuppysHairball":34,"BlankCard":5,"TungstenRod":42},{"Chaos":11,"Calipers":16,"NineVolt":3,"HoveringKite":18,"BFFS":14,"Centennial Puzzle":11,"Lizard Tail":16,"HornCleat":18,"MealTicket":11,"Fusion Hammer":15,"Runic Cube":9,"KeepersGift":0,"BookofShadows":0,"Oddly Smooth Stone":4,"Charon\u0027s Ashes":4,"Pen Nib":18,"Akabeko":11,"SlaversCollar":16,"Bottled Flame":18,"Shuriken":10,"Molten Egg 2":11,"HushsDoor":0,"Symbiotic Virus":16,"GuppysTail":14,"Regal Pillow":10,"Lantern":11,"TheBattery":10,"Ancient Tea Set":4,"Burning Blood":0,"ClockworkSouvenir":4,"DeathBook":4,"Dream Catcher":4,"Ninja Scroll":16,"Tiny Chest":2,"Red Skull":8,"InkBottle":11,"Runic Pyramid":18,"NeowsBlessing":0,"Thread and Needle":18,"Orichalcum":3,"Odd Mushroom":6,"Frozen Egg 2":7,"Cauldron":2,"Anchor":11,"D6":12,"SalivaCoin":16,"Champion Belt":2,"Membership Card":11,"GuppysHairball":14,"BlankCard":3,"TungstenRod":18},{"Chaos":35,"Calipers":54,"NineVolt":3,"HoveringKite":58,"BFFS":46,"Centennial Puzzle":35,"Lizard Tail":54,"HornCleat":58,"MealTicket":35,"Fusion Hammer":52,"Runic Cube":29,"KeepersGift":0,"BookofShadows":0,"Oddly Smooth Stone":7,"Charon\u0027s Ashes":7,"Pen Nib":58,"Akabeko":35,"SlaversCollar":54,"Bottled Flame":58,"Shuriken":32,"Molten Egg 2":35,"HushsDoor":0,"Symbiotic Virus":54,"GuppysTail":46,"Regal Pillow":32,"Lantern":35,"TheBattery":32,"Ancient Tea Set":7,"Burning Blood":0,"ClockworkSouvenir":7,"DeathBook":7,"Dream Catcher":7,"Ninja Scroll":54,"Tiny Chest":2,"Red Skull":24,"InkBottle":35,"Runic Pyramid":58,"NeowsBlessing":0,"Thread and Needle":58,"Orichalcum":3,"Odd Mushroom":14,"Frozen Egg 2":19,"Cauldron":2,"Anchor":35,"D6":38,"SalivaCoin":54,"Champion Belt":2,"Membership Card":35,"GuppysHairball":46,"BlankCard":3,"TungstenRod":58}],"InkBottle":[15],"TungstenRod":3,"Runic Cube":[7]},"card_choices":[{"not_picked":[],"picked":"DoctorFetus","floor":0},{"not_picked":["Flex","Heavy Blade"],"picked":"Fire Breathing","floor":1},{"not_picked":["Hemokinesis","Clothesline"],"picked":"Bomb","floor":2},{"not_picked":["Shrug It Off","Heavy Blade"],"picked":"Dark Embrace","floor":4},{"not_picked":["Heavy Blade","Pommel Strike"],"picked":"Berserk","floor":10},{"not_picked":["Twin Strike","Body Slam"],"picked":"Demon Form","floor":11},{"not_picked":["Warcry","Blood for Blood"],"picked":"Burning Pact","floor":12},{"not_picked":["Headbutt","Intimidate"],"picked":"Evolve+1","floor":14},{"not_picked":["Bludgeon","Feed"],"picked":"Corruption+1","floor":16},{"not_picked":["Combust+1","Blood for Blood+1"],"picked":"Intimidate","floor":18},{"not_picked":["Iron Wave","Thunderclap+1"],"picked":"Shockwave","floor":21},{"not_picked":["Thunderclap+1","Havoc+1","Anger+1"],"picked":"SKIP","floor":29},{"not_picked":["Heavy Blade+1","Wild Strike+1"],"picked":"Evolve+1","floor":30},{"not_picked":["Exhume","Feed+1"],"picked":"Fiend Fire+1","floor":33},{"not_picked":["Body Slam+1","Anger+1"],"picked":"Bloodletting+1","floor":35},{"not_picked":["Cleave+1","Body Slam+1"],"picked":"Sentinel","floor":37},{"not_picked":["Body Slam+1","Anger+1","Pommel Strike+1"],"picked":"SKIP","floor":39},{"not_picked":["True Grit","Twin Strike+1"],"picked":"Barricade+1","floor":41},{"not_picked":["Uppercut+1","Metallicize+1"],"picked":"Dark Embrace+1","floor":44},{"not_picked":["Flex","Sword Boomerang+1"],"picked":"Shockwave","floor":45},{"not_picked":["Pommel Strike+1","Flame Barrier"],"picked":"Disarm+1","floor":47},{"not_picked":["Clash+1","Rampage+1"],"picked":"Seeing Red+1","floor":48}],"player_experience":550541,"relics_obtained":[{"floor":6,"key":"DeathBook"},{"floor":6,"key":"Dream Catcher"},{"floor":9,"key":"Charon\u0027s Ashes"},{"floor":11,"key":"Odd Mushroom"},{"floor":13,"key":"Frozen Egg 2"},{"floor":14,"key":"Red Skull"},{"floor":25,"key":"Molten Egg 2"},{"floor":26,"key":"Anchor"},{"floor":29,"key":"D6"},{"floor":36,"key":"Fusion Hammer"},{"floor":43,"key":"Thread and Needle"}],"event_choices":[{"damage_healed":0,"gold_gain":0,"player_choice":"Fight","damage_taken":0,"max_hp_gain":0,"max_hp_loss":0,"event_name":"HidenRoomEvent","floor":6,"gold_loss":0},{"damage_healed":0,"gold_gain":0,"player_choice":"Fought Mushrooms","damage_taken":0,"max_hp_gain":0,"max_hp_loss":0,"event_name":"Mushrooms","floor":11,"gold_loss":0},{"damage_healed":0,"gold_gain":0,"player_choice":"Ignored","damage_taken":0,"max_hp_gain":0,"max_hp_loss":0,"event_name":"Ghosts","floor":20,"gold_loss":0},{"damage_healed":0,"gold_gain":0,"cards_transformed":["Defend_R","Defend_R"],"player_choice":"Became Test Subject","damage_taken":0,"max_hp_gain":0,"max_hp_loss":0,"event_name":"Drug Dealer","floor":24,"gold_loss":0,"cards_obtained":["Iron Wave","Perfected Strike"]},{"damage_healed":0,"gold_gain":0,"player_choice":"Read","damage_taken":0,"max_hp_gain":0,"max_hp_loss":0,"event_name":"The Library","floor":31,"gold_loss":0,"cards_obtained":["Disarm"]},{"cards_removed":["Evolve"],"damage_healed":0,"gold_gain":0,"player_choice":"Removed Power","damage_taken":0,"max_hp_gain":0,"max_hp_loss":0,"event_name":"Falling","floor":46,"gold_loss":0}],"is_beta":false,"boss_relics":[{"not_picked":["Busted Crown","Mark of Pain"],"picked":"Runic Cube"},{"not_picked":[]},{"not_picked":["Velvet Choker","Runic Capacitor"],"picked":"BFFS"},{"not_picked":[]}],"items_purged_floors":[3,5,7,19,22,27,28,38,42,42],"is_endless":false,"potions_floor_spawned":[10,11,16,18,30,33,37,48],"ascension_level":0}}