{"host":"oiai0qxasotny765","time":1609836800,"event":{"mods":["2.2 Compatiblity","AchievementEnabler","BaseMod","Colored Map","Minty Spire (QoL Compilation)","Permanent Neow","Relic Stats","StSLib","SuperFastMode","everything is the same but u backflip on backflip"],"gold_per_floor":[117,132,132,149,163,163,175,175,225,241,253,278,145,145,145,145,145],"floor_reached":16,"playtime":390,"items_purged":["Perfected Strike"],"score":187,"play_id":"89d2a51e-ed5b-495d-861d-dd2ba6f4045d","local_time":"20210105175320","is_ascension_mode":true,"campfire_choices":[{"data":"Searing Blow","floor":6.0,"key":"SMITH"},{"data":"Searing Blow+1","floor":8.0,"key":"SMITH"},{"data":"Armaments","floor":15,"key":"SMITH"}],"circlet_count":0,"master_deck":["AscendersBane","Strike_R","Strike_R","Strike_R","Strike_R","Defend_R","Defend_R","Defend_R","Bash","Exhume","Twin Strike","Searing Blow+2","Pommel Strike","True Grit","Armaments+1","Ghostly Armor","Armaments"],"relics":["Burning Blood","Art of War","Eternal Feather"],"acts_visited":["Exordium"],"potions_floor_usage":[16],"damage_taken":[{"damage":6.0,"enemies":"2 Louse","floor":1.0,"turns":3.0},{"damage":10.0,"enemies":"Cultist","floor":2.0,"turns":5.0},{"damage":0.0,"enemies":"Small Slimes","floor":4.0,"turns":3.0},{"damage":9.0,"enemies":"Blue Slaver","floor":5.0,"turns":4.0},{"damage":24.0,"enemies":"Exordium Thugs","floor":7.0,"turns":4.0},{"damage":12.0,"enemies":"Looter","floor":10.0,"turns":3.0},{"damage":13.0,"enemies":"3 Louse","floor":11.0,"turns":3.0},{"damage":20.0,"enemies":"3 Sentries","floor":12.0,"turns":5.0},{"damage":29,"enemies":"Hexaghost","floor":16,"turns":10}],"seed_played":"-4802188482678996049","potions_obtained":[{"floor":1.0,"key":"LiquidMemories"},{"floor":5.0,"key":"PowerPotion"},{"floor":12.0,"key":"Weak Potion"}],"is_trial":false,"path_per_floor":["M","M","?","M","M","R","M","R","T","M","M","E","$","?","R","B"],"character_chosen":"IRONCLAD","items_purchased":["Armaments"],"campfire_rested":0,"item_purchase_floors":[13],"current_hp_per_floor":[68,64,64,68,65,65,47,47,47,41,34,20,20,20,29,0,0],"gold":145,"neow_bonus":"TRANSFORM_TWO_CARDS","is_daily":false,"chose_seed":false,"campfire_upgraded":3,"win_rate":0.0,"timestamp":1609836800,"path_taken":["M","M","?","M","?","R","M","R","T","M","M","E","$","?","R","BOSS"],"items_purchased_type":["Card"],"build_version":"2020-12-22","purchased_purges":1,"victory":false,"max_hp_per_floor":[68,68,68,68,68,68,68,68,68,68,68,68,68,68,68,68,68],"relic_stats":{"counters":[9,40],"Eternal Feather":9,"Art of War":[1],"obtain_stats":[{"Eternal Feather":12,"Art of War":9,"Burning Blood":0},{"Eternal Feather":8,"Art of War":5,"Burning Blood":0},{"Eternal Feather":30,"Art of War":19,"Burning Blood":0}],"Burning Blood":46},"card_choices":[{"not_picked":["Iron Wave","Headbutt","Heavy Blade"],"picked":"SKIP","floor":1.0},{"not_picked":["Anger","Sword Boomerang"],"picked":"Twin Strike","floor":2.0},{"not_picked":["Pummel","Cleave"],"picked":"Searing Blow","floor":4.0},{"not_picked":["Twin Strike","Metallicize"],"picked":"Pommel Strike","floor":5.0},{"not_picked":["Perfected Strike","Bloodletting"],"picked":"True Grit","floor":7.0},{"not_picked":["Double Tap","True Grit","Anger"],"picked":"SKIP","floor":10.0},{"not_picked":["Warcry","Wild Strike"],"picked":"Armaments","floor":11.0},{"not_picked":["Rampage","Shrug It Off"],"picked":"Ghostly Armor","floor":12.0}],"player_experience":307263,"relics_obtained":[{"floor":9.0,"key":"Art of War"},{"floor":12.0,"key":"Eternal Feather"}],"event_choices":[{"damage_healed":0.0,"max_hp_gain":0.0,"max_hp_loss":0.0,"gold_gain":0.0,"event_name":"Match and Keep!","player_choice":"0 cards matched","floor":3.0,"gold_loss":0.0,"damage_taken":0.0,"cards_obtained":[]},{"damage_healed":0,"gold_gain":0,"player_choice":"Searched \u00270\u0027 times","damage_taken":0,"max_hp_gain":0,"max_hp_loss":0,"event_name":"Dead Adventurer","floor":14,"gold_loss":0}],"is_beta":false,"boss_relics":[],"items_purged_floors":[13],"is_endless":false,"potions_floor_spawned":[1,5,12],"killed_by":"Hexaghost","ascension_level":16}}