{"host":"ln76an1o32p2wxtf","time":1609838460,"event":{"mods":["AchievementEnabler","Act Like it!","BaseMod","BetterRewards","Colored Powertips","Energized Spire","GifTheSpireLib","Infinite Spire","Minty Spire (QoL Compilation)","Shop Mod","StSLib"],"gold_per_floor":[112,112,37,37,54,83,102,102,102,102,130,150,150,193,193,318,318,359,401,311,343,343,343],"floor_reached":22,"playtime":1102,"items_purged":["Defend_P"],"score":231,"play_id":"cab2eb12-bfe0-4d48-86d6-110e3e1e4ebb","local_time":"20210105172100","is_ascension_mode":true,"campfire_choices":[{"floor":10,"key":"REST"},{"floor":13,"key":"REST"},{"floor":15,"key":"REST"}],"circlet_count":0,"master_deck":["Strike_P","Strike_P","Defend_P","Defend_P","Eruption","Vigilance","Consecrate","ConjureBlade","Consecrate","Prostrate+1","Wish","Prostrate","Vault","CutThroughFate+1","Consecrate","Consecrate"],"relics":["infinitespire:Cupcake","infinitespire:Cubic Diamond","TungstenRod","infinitespire:Lucky Rock","Kunai","Potion Belt","Empty Cage"],"acts_visited":["Exordium","TheCity"],"potions_floor_usage":[6,16,16,21],"damage_taken":[{"damage":3,"enemies":"Jaw Worm","floor":1,"turns":4},{"damage":0,"enemies":"2 Louse","floor":5,"turns":2},{"damage":32,"enemies":"Lagavulin","floor":6,"turns":4},{"damage":0,"enemies":"Cultist","floor":7,"turns":3},{"damage":31,"enemies":"Gremlin Nob","floor":11,"turns":3},{"damage":15,"enemies":"Red Slaver","floor":12,"turns":6},{"damage":0,"enemies":"2 Fungi Beasts","floor":14,"turns":3},{"damage":31,"enemies":"Hexaghost","floor":16,"turns":9},{"damage":33,"enemies":"Shell Parasite","floor":18,"turns":10},{"damage":18,"enemies":"3 Byrds","floor":19,"turns":5},{"damage":4,"enemies":"Cultist and Chosen","floor":21,"turns":5},{"damage":20,"enemies":"Snake Plant","floor":22,"turns":2}],"seed_played":"3355696193700605040","potions_obtained":[{"floor":5,"key":"StancePotion"},{"floor":14,"key":"EntropicBrew"},{"floor":16,"key":"ColorlessPotion"}],"is_trial":false,"path_per_floor":["M","?","$","?","M","E","M","?","T","R","E","M","R","M","R","B",null,"M","M","?","M","M"],"character_chosen":"WATCHER","items_purchased":[],"campfire_rested":3,"item_purchase_floors":[],"current_hp_per_floor":[69,69,69,69,69,37,37,37,37,58,27,12,33,33,54,23,72,39,21,21,17,0,0],"gold":343,"neow_bonus":"BOSS_RELIC","is_daily":false,"chose_seed":false,"campfire_upgraded":0,"win_rate":0.0,"timestamp":1609838460,"path_taken":["M","?","$","?","M","E","M","?","T","R","E","M","R","?","R","BOSS","M","M","?","M","M"],"items_purchased_type":[],"build_version":"2020-12-22","purchased_purges":1,"victory":false,"max_hp_per_floor":[72,72,72,72,72,72,72,72,72,72,72,72,72,72,72,72,72,72,72,72,72,72,72],"card_choices":[{"not_picked":["ThirdEye","BowlingBash","EmptyBody"],"picked":"SKIP","floor":1},{"not_picked":["JustLucky","EmptyBody"],"picked":"Consecrate","floor":5},{"not_picked":["WaveOfTheHand","Study"],"picked":"ConjureBlade","floor":6},{"not_picked":["JustLucky","Fasting2"],"picked":"Consecrate","floor":7},{"not_picked":["BowlingBash","ThirdEye"],"picked":"Prostrate","floor":11},{"not_picked":["FlurryOfBlows","Adaptation"],"picked":"Wish","floor":12},{"not_picked":["FlurryOfBlows","Meditate"],"picked":"Prostrate","floor":14},{"not_picked":["ConjureBlade","Alpha"],"picked":"Vault","floor":16},{"not_picked":["SignatureMove+1","ForeignInfluence+1"],"picked":"CutThroughFate+1","floor":18},{"not_picked":["EmptyBody","ClearTheMind"],"picked":"Consecrate","floor":19},{"not_picked":["Conclude+1","SashWhip"],"picked":"Consecrate","floor":21}],"player_experience":682326,"relics_obtained":[{"floor":4,"key":"TungstenRod"},{"floor":6,"key":"infinitespire:Lucky Rock"},{"floor":9,"key":"Kunai"},{"floor":11,"key":"Potion Belt"}],"event_choices":[{"damage_healed":0,"gold_gain":0,"player_choice":"Ignored","damage_taken":0,"max_hp_gain":0,"max_hp_loss":0,"event_name":"Liars Game","floor":8,"gold_loss":0},{"cards_removed":["Strike_P"],"damage_healed":0,"gold_gain":0,"player_choice":"Upgrade and Remove","damage_taken":0,"max_hp_gain":0,"max_hp_loss":0,"event_name":"Designer","floor":20,"gold_loss":90,"cards_upgraded":["Prostrate"]}],"is_beta":false,"boss_relics":[{"not_picked":["Busted Crown","Pandora\u0027s Box"],"picked":"Empty Cage"}],"items_purged_floors":[3],"is_endless":false,"potions_floor_spawned":[5,14,16],"killed_by":"Snake Plant","ascension_level":1}}