{"host":"l84l8xigz5v5foa2","time":1609871902,"event":{"mods":["2.2 Compatiblity","AchievementEnabler","BaseMod","Better Note","Better Vampires","Card Filter","Colored Map","DeckTracker","Downfall","Gremlin Skip","Highlight Path","Keyboard Shortcuts","Minty Spire (QoL Compilation)","Permanent Neow","Quick Restart","Relic Filter","Relic Stats","StSLib","SuperFastMode","Transform Curses","Unknown Chances"],"gold_per_floor":[99,117,136,136,147,203,227,247,247,347,347,365,365,410,426,499,499,499,510,527,544,544,560,560,570,495,495,495,480,480,480,480],"floor_reached":30,"playtime":1827,"items_purged":[],"score":444,"play_id":"9e58a795-33d9-4d2b-b3bc-c8d47bce0ef3","local_time":"20210106033822","is_ascension_mode":true,"campfire_choices":[{"data":"Guardian:CurlUp","floor":1.0,"key":"SMITH"},{"data":"Guardian:SphericShield","floor":11.0,"key":"SMITH"},{"data":"Guardian:StasisEngine","floor":13.0,"key":"SMITH"},{"data":"Guardian:SentryBeam","floor":18.0,"key":"SMITH"},{"data":"Guardian:GemFinder","floor":26.0,"key":"SMITH"},{"floor":28.0,"key":"RECALL"}],"circlet_count":0,"master_deck":["AscendersBane","Guardian:Strike_Guardian","Guardian:Strike_Guardian","Guardian:Strike_Guardian","Guardian:Strike_Guardian","Guardian:Defend_Guardian","Guardian:Defend_Guardian","Guardian:Defend_Guardian","Guardian:Defend_Guardian","Guardian:CurlUp+1","Guardian:TwinSlam","Guardian:SphericShield+1","Guardian:Suspension+1","Guardian:Incinerate","Guardian:StasisEngine+1","Guardian:SentryBeam+1","Guardian:StasisStrike","Guardian:Recover","Guardian:GemFinder+1","Guardian:Suspension+1","Guardian:PrimingBeam","Guardian:Incinerate"],"relics":["Guardian:ModeShifter","Singing Bowl","Toy Ornithopter","Bag of Marbles","Philosopher\u0027s Stone","Mummified Hand","downfall:HeartBlessingBlue"],"acts_visited":["TheCity"],"potions_floor_usage":[],"damage_taken":[{"damage":0.0,"enemies":"Jaw Worm","floor":2.0,"turns":5.0},{"damage":0.0,"enemies":"Cultist","floor":3.0,"turns":5.0},{"damage":0.0,"enemies":"Small Slimes","floor":5.0,"turns":5.0},{"damage":17.0,"enemies":"3 Sentries","floor":6.0,"turns":14.0},{"damage":3.0,"enemies":"2 Fungi Beasts","floor":8.0,"turns":6.0},{"damage":0.0,"enemies":"downfall:LadyInBlue","floor":10.0,"turns":11.0},{"damage":0.0,"enemies":"3 Louse","floor":12.0,"turns":3.0},{"damage":13.0,"enemies":"Exordium Thugs","floor":15.0,"turns":5.0},{"damage":18.0,"enemies":"downfall:Watcher","floor":16.0,"turns":13.0},{"damage":18.0,"enemies":"Shell Parasite","floor":19.0,"turns":6.0},{"damage":17.0,"enemies":"Shelled Parasite and Fungi","floor":20.0,"turns":6.0},{"damage":14.0,"enemies":"Snecko","floor":21.0,"turns":9.0},{"damage":4.0,"enemies":"3 Cultists","floor":23.0,"turns":7.0},{"damage":5.0,"enemies":"Centurion and Healer","floor":25.0,"turns":8.0},{"damage":0.0,"enemies":"downfall:FleeingMerchant","floor":29.0,"turns":4.0}],"seed_played":"848343569792881051","potions_obtained":[{"floor":3.0,"key":"EssenceOfSteel"},{"floor":5.0,"key":"Guardian:BlockOnCardUsePotion"},{"floor":10.0,"key":"Energy Potion"},{"floor":10.0,"key":"Guardian:DefensiveModePotion"},{"floor":12.0,"key":"DistilledChaos"},{"floor":23.0,"key":"Fire Potion"}],"is_trial":false,"path_per_floor":["R","M","M","?","M","?","T","M","?","?","R","M","R","T","M","B",null,"R","M","M","M","?","M","T","M","R","?","R","$","R"],"character_chosen":"GUARDIAN","items_purchased":[],"campfire_rested":0,"item_purchase_floors":[],"current_hp_per_floor":[65,65,65,65,65,48,48,45,45,47,47,52,52,52,44,26,62,62,46,29,22,22,20,20,17,27,27,27,27,27,27,27],"gold":480,"neow_bonus":"ONE_RANDOM_RARE_CARD","is_daily":false,"chose_seed":false,"campfire_upgraded":5,"win_rate":0.0,"timestamp":1609871902,"path_taken":["R","M","M","?","?","?","T","M","?","?","R","?","R","?","M","BOSS","R","M","M","M","?","M","T","M","R","?","R","$","R"],"items_purchased_type":[],"build_version":"2020-12-22","purchased_purges":0,"victory":false,"max_hp_per_floor":[72,72,72,72,72,72,72,72,72,74,74,74,74,74,74,74,74,74,76,76,78,78,80,80,82,92,92,92,92,92,92,92],"relic_stats":{"Singing Bowl":10,"counters":[15,107],"Mummified Hand":[4],"obtain_stats":[{"Singing Bowl":6,"Mummified Hand":24,"downfall:HeartBlessingBlue":26,"Guardian:ModeShifter":0,"Philosopher\u0027s Stone":17,"Bag of Marbles":14,"Toy Ornithopter":10},{"Singing Bowl":4,"Mummified Hand":13,"downfall:HeartBlessingBlue":14,"Guardian:ModeShifter":0,"Philosopher\u0027s Stone":9,"Bag of Marbles":7,"Toy Ornithopter":6},{"Singing Bowl":29,"Mummified Hand":95,"downfall:HeartBlessingBlue":103,"Guardian:ModeShifter":0,"Philosopher\u0027s Stone":67,"Bag of Marbles":49,"Toy Ornithopter":46}],"Toy Ornithopter":15},"card_choices":[{"not_picked":["Guardian:Incinerate","Guardian:EvasiveProtocol"],"picked":"Guardian:Suspension","floor":2.0},{"not_picked":["Guardian:PolyBeam","Guardian:CrystalBeam","Guardian:RollAttack"],"picked":"SKIP","floor":3.0},{"not_picked":["Guardian:TemporalStrike","Guardian:Suspension"],"picked":"Guardian:Incinerate","floor":5.0},{"not_picked":["Guardian:PolyBeam","Guardian:Incinerate"],"picked":"Guardian:StasisEngine","floor":6.0},{"not_picked":["Guardian:ShieldCharger","Guardian:Suspension"],"picked":"Guardian:SentryBeam","floor":8.0},{"not_picked":["Guardian:ArmoredProtocol","Guardian:Suspension","Guardian:VentSteam"],"picked":"Singing Bowl","floor":10.0},{"not_picked":["Guardian:TimeBomb","Guardian:VentSteam"],"picked":"Guardian:StasisStrike","floor":12.0},{"not_picked":["Guardian:ChargeCore","Guardian:GuardianWhirl"],"picked":"Guardian:Recover","floor":15.0},{"not_picked":["Guardian:ConstructionForm","Guardian:StasisStrike"],"picked":"Guardian:GemFinder","floor":16.0},{"not_picked":["Guardian:Gem_Lightblue","Guardian:Gem_Red"],"picked":"Guardian:Gem_Cyan","floor":19.0},{"not_picked":["Guardian:Harden","Guardian:PrimingBeam","Guardian:Reroute"],"picked":"Singing Bowl","floor":19.0},{"not_picked":["Guardian:RefractedBeam","Guardian:Planning"],"picked":"Guardian:Gem_Fragmented","floor":20.0},{"not_picked":["Guardian:Gem_Lightblue","Guardian:Gem_Green"],"picked":"Guardian:Gem_Cyan","floor":20.0},{"not_picked":["Guardian:Gem_Lightblue","Guardian:Gem_Red"],"picked":"Guardian:Gem_Cyan","floor":21.0},{"not_picked":["Guardian:ChargeCore","Guardian:Reroute","Guardian:PrimingBeam"],"picked":"Singing Bowl","floor":21.0},{"not_picked":["Guardian:GuardianWhirl","Guardian:ShieldCharger"],"picked":"Guardian:Suspension+1","floor":23.0},{"not_picked":["Guardian:Gem_Red","Guardian:Gem_Green","Guardian:Gem_Lightblue"],"picked":"Singing Bowl","floor":23.0},{"not_picked":["Guardian:Gem_Green","Guardian:Gem_Red","Guardian:Gem_Lightblue"],"picked":"Singing Bowl","floor":25.0},{"not_picked":["Guardian:HyperBeam_Guardian","Guardian:Gem_Green"],"picked":"Guardian:PrimingBeam","floor":25.0},{"not_picked":["Guardian:Suspension","Guardian:Recover"],"picked":"Guardian:Incinerate","floor":29}],"player_experience":2893294,"relics_obtained":[{"floor":6.0,"key":"Singing Bowl"},{"floor":10.0,"key":"Toy Ornithopter"},{"floor":14.0,"key":"Bag of Marbles"},{"floor":24.0,"key":"Mummified Hand"}],"event_choices":[{"damage_healed":0.0,"max_hp_gain":0.0,"max_hp_loss":0.0,"gold_gain":0.0,"event_name":"Upgrade Shrine","player_choice":"Upgraded","floor":4.0,"gold_loss":0.0,"damage_taken":0.0,"cards_upgraded":["Guardian:Suspension"]},{"damage_healed":0.0,"max_hp_gain":0.0,"max_hp_loss":0.0,"gold_gain":0.0,"event_name":"Ghosts","player_choice":"Ignored","floor":27.0,"gold_loss":0.0,"damage_taken":0.0}],"is_beta":false,"boss_relics":[{"not_picked":["Calling Bell","SacredBark"],"picked":"Philosopher\u0027s Stone"}],"items_purged_floors":[],"is_endless":false,"potions_floor_spawned":[3,5,12,23],"ascension_level":20}}