{"host":"ake6dusvg3xsr816","time":1609827459,"event":{"mods":["Aspiration","BaseMod","Better Vampires","CapriCore","Colored Powertips","Downfall","Duelist Mod","KinomotoSakuraMod(木之本樱)","Lobotomy","LobotomyExtend","Luminous","Marisa（F雨　魔理沙）","Minty Spire (QoL Compilation)","Nova Terra(诺娃・泰拉)","Quick Restart","Reimu（博丽灵梦）","Remilia（蕾米莉亚）","Replay The Spire","Ryuuou龙王","SOS（斯巴达之子）","Shop Mod","StSLib","The Administrix","The Bladedancer","The Bug Knight","The Cursed","The Hierophant","The Immortal","Uncapped","Unceasing Turn Reminder","Youmu（魂魄妖梦）","Yuyuko","noobMod","vexMod","【功能Mod】聪明的最终Boss","【遗物卡牌】REMEMod","残留之物","篝火指南"],"gold_per_floor":[99,99,21,21,21,21,47,74,90,90,121,166,91,107,124,249,249,27,37,37,37,37,55,73,92,92,44,44,44],"floor_reached":28,"playtime":1217,"items_purged":["PlaceholderMod:BaseStrike","Shame"],"score":276,"play_id":"5adc0519-445e-4af6-b34d-69ecbc47ed9c","local_time":"20210105141739","is_ascension_mode":false,"campfire_choices":[{"floor":1.0,"key":"RECALL"}],"circlet_count":0,"master_deck":["PlaceholderMod:BaseStrike","PlaceholderMod:BaseStrike","PlaceholderMod:BaseDefend","PlaceholderMod:BaseDefend","PlaceholderMod:BaseDefend","PlaceholderMod:BaseDefend","PlaceholderMod:BaseDefend","PlaceholderMod:Crystal","PlaceholderMod:PoisonWhip","PlaceholderMod:EvolutionSpray","PlaceholderMod:ProliferateStrike","PlaceholderMod:Stable","PlaceholderMod:HighConcentration","PlaceholderMod:PoisonBlast","PlaceholderMod:DirectingGroup","PlaceholderMod:HardStrike+1","PlaceholderMod:TriggerStrike+1","PlaceholderMod:Crystallization","PlaceholderMod:BlastSpray+1","PlaceholderMod:HighConcentration","PlaceholderMod:BaseDefend"],"relics":["PlaceholderMod:Tancle","ice","REME_ComplimentaryCards","downfall:HeartsMalice","LetterFromLob","downfall:ShatteredFragment","Molten Egg 2","downfall:HeartBlessingRed","MerchantsRug","downfall:HeartBlessingBlue"],"acts_visited":["Exordium","TheCity"],"potions_floor_usage":[16,16,25],"damage_taken":[{"damage":0.0,"enemies":"2 Louse","floor":2.0,"turns":1.0},{"damage":0.0,"enemies":"downfall:FleeingMerchant","floor":3.0,"turns":1.0},{"damage":0.0,"enemies":"Small Slimes","floor":4.0,"turns":1.0},{"damage":18.0,"enemies":"Replay:BlueRogue","floor":8.0,"turns":7.0},{"damage":7.0,"enemies":"Jaw Worm","floor":9.0,"turns":5.0},{"damage":23.0,"enemies":"3 Sentries","floor":11.0,"turns":5.0},{"damage":13.0,"enemies":"Red Slaver","floor":12.0,"turns":3.0},{"damage":11,"enemies":"Exordium Thugs","floor":14,"turns":4},{"damage":18,"enemies":"Lots of Slimes","floor":15,"turns":4},{"damage":21,"enemies":"downfall:Ironclad","floor":16,"turns":5},{"damage":8,"enemies":"Spheric Guardian","floor":19,"turns":3},{"damage":6,"enemies":"Cultist and Chosen","floor":23,"turns":4},{"damage":31,"enemies":"Snake Plant","floor":24,"turns":4},{"damage":14,"enemies":"Centurion and Healer","floor":25,"turns":3}],"seed_played":"7852373556279000898","potions_obtained":[{"floor":8.0,"key":"EssenceOfSteel"},{"floor":11.0,"key":"REME_GoldPotion"},{"floor":14,"key":"PlaceholderMod:PlaceholderPotion"},{"floor":15,"key":"REME_GoldPotion"},{"floor":24,"key":"DistilledChaos"}],"is_trial":false,"path_per_floor":["R","M","$","M","?","?","T","E","M","?","E","M","R","M","M","B",null,"R","M","PTL","PTL","?","M","M","M","T","R","M"],"character_chosen":"THE_PLACEHOLDER","items_purchased":["PlaceholderMod:Stable","MerchantsRug","PlaceholderMod:HighConcentration"],"campfire_rested":0,"item_purchase_floors":[3,18,18],"current_hp_per_floor":[78,78,78,78,78,78,78,60,53,53,30,22,22,11,70,59,84,84,76,76,76,81,75,44,35,35,45,45,45],"gold":44,"neow_bonus":"THREE_ENEMY_KILL","is_daily":false,"chose_seed":false,"campfire_upgraded":0,"win_rate":0.0,"timestamp":1609827459,"path_taken":["R","M","$","M","?","?","T","E","M","?","E","M","R","M","M","BOSS","R","M","PTL","PTL","?","M","M","M","T","R","M"],"items_purchased_type":["Card","Relic","Card"],"build_version":"2020-12-22","purchased_purges":2,"victory":false,"max_hp_per_floor":[78,78,78,78,78,78,78,78,78,78,78,78,78,78,81,84,84,84,85,85,85,90,94,100,102,102,112,112,112],"card_choices":[{"not_picked":["PlaceholderMod:HardStinger","PlaceholderMod:DirectingGroup"],"picked":"PlaceholderMod:EvolutionSpray","floor":2.0},{"not_picked":["PlaceholderMod:ParasiteChange","PlaceholderMod:Polyp"],"picked":"PlaceholderMod:ProliferateStrike","floor":3.0},{"not_picked":["PlaceholderMod:Package","PlaceholderMod:DirectingGroup"],"picked":"PlaceholderMod:HighConcentration","floor":4.0},{"not_picked":["PlaceholderMod:HardStrike","PlaceholderMod:Assimilation"],"picked":"PlaceholderMod:PoisonBlast","floor":8.0},{"not_picked":["PlaceholderMod:DissolvingSpikes","PlaceholderMod:Turn"],"picked":"PlaceholderMod:DirectingGroup","floor":9.0},{"not_picked":["PlaceholderMod:Polyp","PlaceholderMod:HardStinger"],"picked":"PlaceholderMod:HardStrike+1","floor":11.0},{"not_picked":["PlaceholderMod:Hyperplasia","PlaceholderMod:NutritionAbsorb"],"picked":"PlaceholderMod:TriggerStrike+1","floor":12.0},{"not_picked":["PlaceholderMod:HornyBlast+1","PlaceholderMod:Sweep+1"],"picked":"PlaceholderMod:Crystallization","floor":14},{"not_picked":["PlaceholderMod:DiffusionChemical","PlaceholderMod:SevereHeat","PlaceholderMod:ConsolidateHit+1"],"picked":"SKIP","floor":15},{"not_picked":["PlaceholderMod:Assimilation+1","PlaceholderMod:ReactionCatalyze"],"picked":"PlaceholderMod:BlastSpray+1","floor":16},{"not_picked":["PlaceholderMod:SpinBlade+1","PlaceholderMod:ConsolidateHit+1","PlaceholderMod:CycleAttack+1"],"picked":"SKIP","floor":19},{"not_picked":["PlaceholderMod:PoisonBlast","PlaceholderMod:PoisonExcitation+1","PlaceholderMod:Polyp"],"picked":"SKIP","floor":23},{"not_picked":["PlaceholderMod:Sweep+1","PlaceholderMod:InnerStable","PlaceholderMod:AttackAsDefend+1"],"picked":"SKIP","floor":24},{"not_picked":["PlaceholderMod:NutritionAbsorb+1","PlaceholderMod:Break+1","PlaceholderMod:Hard"],"picked":"SKIP","floor":25}],"player_experience":34058,"relics_obtained":[{"floor":2.0,"key":"LetterFromLob"},{"floor":7.0,"key":"Grinning Jar"},{"floor":8.0,"key":"Toy Ornithopter"},{"floor":11.0,"key":"Molten Egg 2"}],"event_choices":[{"damage_healed":0,"gold_gain":0,"player_choice":"Stole Relic","damage_taken":0,"relics_obtained":["vexMod:Dragonfruit"],"max_hp_gain":0,"max_hp_loss":0,"event_name":"Addict","floor":22,"gold_loss":0,"cards_obtained":["Shame"]}],"is_beta":false,"boss_relics":[{"not_picked":["Busted Crown","Replay:Ancient Bell"],"picked":"Empty Cage"}],"items_purged_floors":[18,27],"is_endless":false,"potions_floor_spawned":[8,11,14,15,24],"ascension_level":0}}