{"host":"j4g6ia6asvpyu2b0","time":1609806972,"event":{"mods":["BaseMod","Colored Map","Minty Spire (QoL Compilation)","Permanent Neow","Quick Restart","Relic Stats","StSLib","Unceasing Turn Reminder"],"gold_per_floor":[118,131,131,143,158,158,170,199,199,229,229,248,303,329,329,425,425,444,54,54,69,119,154,154,186,212,237,248,282,315,133,133,133,133],"floor_reached":33,"playtime":1122,"items_purged":["Strike_G","Strike_G"],"score":497,"play_id":"2f2c9d37-d555-4adb-b1fd-13c556f5d845","local_time":"20210104173612","is_ascension_mode":true,"campfire_choices":[{"data":"Noxious Fumes","floor":6.0,"key":"SMITH"},{"data":"Crippling Poison","floor":11.0,"key":"SMITH"},{"data":"Crippling Poison","floor":15.0,"key":"SMITH"},{"floor":24,"key":"REST"},{"floor":32,"key":"RECALL"}],"circlet_count":0,"master_deck":["Defend_G","Defend_G","Defend_G","Defend_G","Defend_G","Survivor","Neutralize","Burst+1","Predator+1","A Thousand Cuts+1","Slice","Noxious Fumes+1","Dagger Spray","Sucker Punch","Crippling Poison+1","Infinite Blades","Crippling Poison+1","Backflip","Die Die Die","PiercingWail","Malaise","Cloak And Dagger+1","Well Laid Plans","All Out Attack","Escape Plan","Doppelganger","Blade Dance+1","Tactician+1","Blur","Crippling Poison","Footwork","Backflip"],"relics":["Astrolabe","Pear","Ornamental Fan","TungstenRod","The Courier","Ancient Tea Set","Fusion Hammer","Gambling Chip","Art of War","WingedGreaves","Potion Belt","Snake Skull","Pen Nib","Nunchaku"],"acts_visited":["Exordium","TheCity"],"potions_floor_usage":[],"damage_taken":[{"damage":0.0,"enemies":"2 Louse","floor":1.0,"turns":3.0},{"damage":0.0,"enemies":"Cultist","floor":2.0,"turns":3.0},{"damage":0.0,"enemies":"Small Slimes","floor":4.0,"turns":3.0},{"damage":4.0,"enemies":"Blue Slaver","floor":5.0,"turns":3.0},{"damage":0.0,"enemies":"Large Slime","floor":7.0,"turns":5.0},{"damage":4.0,"enemies":"3 Sentries","floor":8.0,"turns":7.0},{"damage":22.0,"enemies":"Gremlin Nob","floor":10.0,"turns":4.0},{"damage":0.0,"enemies":"Red Slaver","floor":12.0,"turns":3.0},{"damage":24.0,"enemies":"Lagavulin Event","floor":13.0,"turns":6.0},{"damage":7.0,"enemies":"3 Sentries","floor":14.0,"turns":4.0},{"damage":3.0,"enemies":"The Guardian","floor":16.0,"turns":10.0},{"damage":0,"enemies":"3 Byrds","floor":18,"turns":3},{"damage":5,"enemies":"2 Thieves","floor":21,"turns":3},{"damage":15,"enemies":"Slavers","floor":23,"turns":3},{"damage":6,"enemies":"Gremlin Leader","floor":25,"turns":4},{"damage":7,"enemies":"Book of Stabbing","floor":27,"turns":6},{"damage":0,"enemies":"3 Cultists","floor":28,"turns":3},{"damage":5,"enemies":"Gremlin Leader","floor":29,"turns":5},{"damage":31,"enemies":"Slavers","floor":30,"turns":3},{"damage":9,"enemies":"Collector","floor":33,"turns":6}],"seed_played":"-6746580639674862928","potions_obtained":[{"floor":1.0,"key":"SkillPotion"},{"floor":3.0,"key":"SkillPotion"},{"floor":3.0,"key":"Dexterity Potion"},{"floor":5.0,"key":"AttackPotion"},{"floor":10.0,"key":"SpeedPotion"},{"floor":27,"key":"BlessingOfTheForge"},{"floor":28,"key":"EssenceOfSteel"},{"floor":29,"key":"Poison Potion"},{"floor":30,"key":"Energy Potion"}],"is_trial":false,"path_per_floor":["M","M","?","M","M","R","M","E","T","E","R","M","?","E","R","B",null,"M","$","?","M","?","E","R","E","T","E","M","E","E","$","R","B"],"character_chosen":"THE_SILENT","items_purchased":["Well Laid Plans","Gambling Chip","All Out Attack","Footwork","Backflip"],"campfire_rested":1,"item_purchase_floors":[19,19,19,31,31],"current_hp_per_floor":[63,63,63,63,59,59,59,65,65,43,43,43,19,12,12,9,62,62,62,48,43,43,28,53,47,47,40,40,35,4,4,4,0,0],"gold":133,"neow_bonus":"BOSS_RELIC","is_daily":false,"chose_seed":false,"campfire_upgraded":3,"win_rate":0.0,"timestamp":1609806972,"path_taken":["M","M","?","M","M","R","?","E","T","E","R","M","?","E","R","BOSS","M","$","?","M","?","E","R","E","T","E","M","E","E","$","R","BOSS"],"items_purchased_type":["Card","Relic","Card","Card","Card"],"build_version":"2020-12-22","purchased_purges":2,"victory":false,"max_hp_per_floor":[70,70,70,70,70,70,70,80,80,80,80,80,80,80,80,80,80,80,80,85,85,85,85,85,85,85,85,85,85,85,85,85,85,85],"relic_stats":{"Nunchaku":[0],"counters":[20,87],"Ornamental Fan":[96],"Astrolabe":["Burst","Predator","A Thousand Cuts"],"Gambling Chip":[14],"Snake Skull":[35],"Pen Nib":[1],"Art of War":[7],"obtain_stats":[{"Potion Belt":26,"Pear":8,"Astrolabe":0,"The Courier":13,"Snake Skull":27,"Pen Nib":29,"Ancient Tea Set":14,"Nunchaku":30,"Ornamental Fan":9,"Gambling Chip":19,"Fusion Hammer":17,"WingedGreaves":25,"Art of War":23,"TungstenRod":10,"Ring of the Snake":0},{"Potion Belt":15,"Pear":6,"Astrolabe":0,"The Courier":9,"Snake Skull":16,"Pen Nib":18,"Ancient Tea Set":10,"Nunchaku":19,"Ornamental Fan":6,"Gambling Chip":12,"Fusion Hammer":11,"WingedGreaves":15,"Art of War":14,"TungstenRod":7,"Ring of the Snake":0},{"Potion Belt":64,"Pear":24,"Astrolabe":0,"The Courier":37,"Snake Skull":70,"Pen Nib":78,"Ancient Tea Set":41,"Nunchaku":81,"Ornamental Fan":24,"Gambling Chip":54,"Fusion Hammer":51,"WingedGreaves":64,"Art of War":60,"TungstenRod":28,"Ring of the Snake":0}],"TungstenRod":46},"card_choices":[{"not_picked":["Tactician","Bane"],"picked":"Slice","floor":1.0},{"not_picked":["Calculated Gamble","Terror"],"picked":"Noxious Fumes","floor":2.0},{"not_picked":["Poisoned Stab","Underhanded Strike"],"picked":"Dagger Spray","floor":4.0},{"not_picked":["A Thousand Cuts","Acrobatics"],"picked":"Sucker Punch","floor":5.0},{"not_picked":["All Out Attack","Expertise"],"picked":"Crippling Poison","floor":7.0},{"not_picked":["Underhanded Strike","Slice"],"picked":"Infinite Blades","floor":8.0},{"not_picked":["Slice","Quick Slash"],"picked":"Crippling Poison","floor":10.0},{"not_picked":["Eviscerate","Dagger Spray"],"picked":"Backflip","floor":12.0},{"not_picked":["Quick Slash","Dagger Spray"],"picked":"Die Die Die","floor":13.0},{"not_picked":["Acrobatics","Distraction"],"picked":"PiercingWail","floor":14.0},{"not_picked":["Burst","Grand Finale"],"picked":"Malaise","floor":16.0},{"not_picked":["Quick Slash+1","Slice"],"picked":"Cloak And Dagger+1","floor":18},{"not_picked":["Quick Slash","Deadly Poison"],"picked":"Escape Plan","floor":21},{"not_picked":["Underhanded Strike","Finisher+1","All Out Attack"],"picked":"SKIP","floor":23},{"not_picked":["Masterful Stab+1","Setup+1"],"picked":"Doppelganger","floor":25},{"not_picked":["Dodge and Roll","Setup"],"picked":"Blade Dance+1","floor":27},{"not_picked":["Flying Knee","PiercingWail"],"picked":"Tactician+1","floor":28},{"not_picked":["Quick Slash","Dagger Throw"],"picked":"Blur","floor":29},{"not_picked":["Tactician+1","Bane+1"],"picked":"Crippling Poison","floor":30}],"player_experience":709041,"relics_obtained":[{"floor":8.0,"key":"Pear"},{"floor":9.0,"key":"Ornamental Fan"},{"floor":10.0,"key":"TungstenRod"},{"floor":13.0,"key":"The Courier"},{"floor":14.0,"key":"Ancient Tea Set"},{"floor":23,"key":"Art of War"},{"floor":25,"key":"WingedGreaves"},{"floor":26,"key":"Potion Belt"},{"floor":27,"key":"Snake Skull"},{"floor":29,"key":"Pen Nib"},{"floor":30,"key":"Nunchaku"}],"event_choices":[{"damage_healed":0.0,"max_hp_gain":0.0,"max_hp_loss":0.0,"gold_gain":0.0,"event_name":"Lab","player_choice":"Got Potions","floor":3.0,"gold_loss":0.0,"damage_taken":0.0},{"damage_healed":0.0,"max_hp_gain":0.0,"max_hp_loss":0.0,"gold_gain":30.0,"event_name":"Dead Adventurer","player_choice":"Searched \u00272\u0027 times","floor":13.0,"gold_loss":0.0,"damage_taken":0.0},{"damage_healed":0,"gold_gain":0,"player_choice":"Shed Blood","damage_taken":20,"max_hp_gain":5,"max_hp_loss":0,"event_name":"Forgotten Altar","floor":20,"gold_loss":0},{"damage_healed":0,"gold_gain":100,"player_choice":"Bet on Murderer","damage_taken":0,"max_hp_gain":0,"max_hp_loss":0,"event_name":"The Joust","floor":22,"gold_loss":50}],"is_beta":false,"boss_relics":[{"not_picked":["SacredBark","Tiny House"],"picked":"Fusion Hammer"}],"items_purged_floors":[19,31],"is_endless":false,"potions_floor_spawned":[1,5,7,10,27,28,29,30],"killed_by":"Collector","ascension_level":6}}