{"host":"n900smz9wr3yo27a","time":1609858672,"event":{"mods":["Arknights The Spire","BaseMod","CapriCore","GungeonMod","Hermit","Koishi","Lobotomy","Marisa£¨Ùöéë¡¡Øª×âÞÞ£©","Minty Spire (QoL Compilation)","Prisma Mod","Replay The Spire","StSLib","Td1madao Mod","The Animator","The Bug Knight","The Cursed","The Dragon Tamer","The Gatherer","The Hierophant","The Immortal","The Jungle","The Necromancer","The Poker Player","The Runesmith","WarShipGirlsR/??á´Ò³R mod"],"gold_per_floor":[99,374,223,240,240,240,278,307,334,334,353,378,416,442,442,558,558,581,600,357,393,82,121,121,121,144,161,203,203,203,221,221,327,327,346,127,210,210,249,249,275,312,312,351,351,351,58,90,90,124],"floor_reached":51,"playtime":3045,"items_purged":["Regret","hermit:Vantage","Normality","ReplayTheSpireMod:Restless Dread"],"score":982,"play_id":"e1a16a93-e3b4-4975-9648-b4f67d8fb6f6","local_time":"20210105235752","daily_mods":["Draft","Vintage","Heirloom","Time Dilation","Flight","DeadlyEvents"],"is_ascension_mode":false,"campfire_choices":[{"data":"hermit:CursedWeapon","floor":6,"key":"SMITH"},{"floor":15,"key":"DIG"},{"data":"hermit:Dive","floor":24,"key":"SMITH"},{"data":"hermit:Dive","floor":30,"key":"SMITH"},{"floor":32,"key":"DIG"},{"data":"hermit:Dive","floor":40,"key":"SMITH"},{"floor":49,"key":"DIG"}],"circlet_count":0,"master_deck":["hermit:Dive+1","hermit:CursedWeapon+1","hermit:Scavenge+1","hermit:Deadeye","hermit:CalledShot","hermit:Dive+1","hermit:Dive+1","hermit:Determination","hermit:Deadeye","hermit:TrackingShot","hermit:Enervate","hermit:Headshot","hermit:Scavenge+1","hermit:ShadowCloak","hermit:Brawl","hermit:Enervate","hermit:RoundhouseKick+1","AbeCurse","hermit:GhostlyPresence","hermit:BigShot","hermit:TakeAim+1","Parasite","hermit:EyeOfTheStorm"],"relics":["hermit:Momento","replay:Trail_Library","DemoMod:GreenGuonStone","Lantern","DemoMod:Metronome","ReplayTheSpireMod:TigerMarble","DemoMod:WhiteGuonStone","Pantograph","Meat on the Bone","PreservedInsect","Ancient Tea Set","Replay:Ringing Soul","ReplayTheSpireMod:Lightbulb","Abe\u0027s Treasure","Singing Bowl","Replay:Wax Seal","Guide Book","Red Mask","DemoMod:PartiallyEatenCheese","Replay:Kaleidoscope","Replay:Rubber Ducky","Boot","Toy Ornithopter","Garlic","Letter Opener","Replay:Ancient Bell","DemoMod:WeirdEgg","Frozen Egg 2","Ice Cream","Replay:WaspNest","BargainBundle","Bronze Scales","DemoMod:DecoyRelic","Bag of Marbles","Replay:Bottled Steam","DemoMod:GundromedaStrain","InkBottle","TungstenRod","HollowMod:JonisBlessing","Replay:Bandana"],"acts_visited":["Exordium","TheCity","TheBeyond"],"potions_floor_usage":[16,16,33,41,50,51,51],"damage_taken":[{"damage":8,"enemies":"Small Slimes","floor":4,"turns":3},{"damage":14,"enemies":"Gremlin Nob","floor":7,"turns":4},{"damage":2,"enemies":"Cultist","floor":8,"turns":3},{"damage":2,"enemies":"2 Louse","floor":11,"turns":1},{"damage":2,"enemies":"Looter","floor":12,"turns":3},{"damage":9,"enemies":"Lagavulin","floor":13,"turns":4},{"damage":7,"enemies":"Exordium Thugs","floor":14,"turns":4},{"damage":5,"enemies":"The Guardian","floor":16,"turns":7},{"damage":3,"enemies":"2 Thieves","floor":18,"turns":4},{"damage":11,"enemies":"3 Byrds","floor":19,"turns":4},{"damage":2,"enemies":"Masked Bandits","floor":21,"turns":2},{"damage":13,"enemies":"Gremlin Leader","floor":23,"turns":4},{"damage":2,"enemies":"Cultist and Chosen","floor":27,"turns":3},{"damage":2,"enemies":"Book of Stabbing","floor":28,"turns":2},{"damage":2,"enemies":"Shelled Parasite and Fungi","floor":31,"turns":1},{"damage":2,"enemies":"Collector","floor":33,"turns":7},{"damage":2,"enemies":"Orb Walker","floor":35,"turns":2},{"damage":2,"enemies":"Giant Head","floor":39,"turns":6},{"damage":2,"enemies":"3 Darklings","floor":41,"turns":3},{"damage":4,"enemies":"Reptomancer","floor":42,"turns":3},{"damage":2,"enemies":"Giant Head","floor":44,"turns":5},{"damage":0,"enemies":"Nemesis","floor":48,"turns":4},{"damage":0,"enemies":"Replay:Hell Engine","floor":50,"turns":7},{"damage":0,"enemies":"Malkuth","floor":51,"turns":10},{"damage":0,"enemies":"Netzach","floor":51,"turns":7},{"damage":77,"enemies":"Chesed","floor":51,"turns":7},{"damage":200,"enemies":"Hokma","floor":51,"turns":11}],"seed_played":"6607804241213973813","potions_obtained":[{"floor":8,"key":"SteroidPotion"},{"floor":13,"key":"Reflective Coating"},{"floor":21,"key":"SkillPotion"},{"floor":41,"key":"DemoMod:LeadSkinPotion"}],"is_trial":true,"path_per_floor":["?","?","$","M","?","R","E","M","T","T","M","M","E","M","R","B",null,"M","M","$","?","$","E","R","?","T","M","E","?","R","M","R","B",null,"M","$","?","?","E","R","M","E","T","E","T","?","$","E","R","B",null],"character_chosen":"HERMIT","items_purchased":["hermit:ShadowCloak","Guide Book","DemoMod:PartiallyEatenCheese","BargainBundle","hermit:TakeAim+1","HollowMod:JonisBlessing"],"campfire_rested":0,"item_purchase_floors":[3,20,22,36,36,47],"current_hp_per_floor":[75,75,75,69,57,57,43,41,41,41,39,49,46,39,42,65,84,81,70,70,70,70,65,65,65,65,63,64,67,67,65,65,95,105,103,106,85,88,88,88,91,89,89,89,89,92,92,94,94,94],"gold":225,"neow_bonus":"","is_daily":false,"chose_seed":false,"campfire_upgraded":4,"win_rate":0.0,"timestamp":1609858672,"path_taken":["?","?","$","?","?","R","?","?","T","?","?","?","?","M","R","BOSS","M","M","$","?","$","E","R","?","T","?","?","?","R","?","R","BOSS","M","$","?","?","?","R","?","E","T","?","?","?","$","?","R","BOSS"],"items_purchased_type":["Card","Relic","Relic","Relic","Card","Relic"],"build_version":"2020-12-22","purchased_purges":4,"victory":true,"max_hp_per_floor":[75,75,75,75,75,75,75,75,75,75,75,75,75,75,78,81,84,84,84,84,86,86,88,88,88,88,88,91,94,94,94,94,96,105,105,108,114,117,119,119,119,121,121,123,123,126,126,128,128,128],"card_choices":[{"not_picked":["hermit:CalledShot","hermit:PistolWhip"],"picked":"hermit:Glare","floor":0},{"not_picked":["hermit:TrackingShot","hermit:Vantage"],"picked":"hermit:Dive","floor":0},{"not_picked":["hermit:Grudge","hermit:ShadowCloak"],"picked":"hermit:CursedWeapon","floor":0},{"not_picked":["hermit:Headshot","hermit:Dive"],"picked":"hermit:Scavenge","floor":0},{"not_picked":["hermit:SprayPray","hermit:Feint"],"picked":"hermit:Deadeye","floor":0},{"not_picked":["hermit:Grudge","hermit:Showdown"],"picked":"hermit:CalledShot","floor":0},{"not_picked":["hermit:Virtue","hermit:TrackingShot"],"picked":"hermit:Dive","floor":0},{"not_picked":["hermit:PistolWhip","hermit:Snipe"],"picked":"hermit:Dive","floor":0},{"not_picked":["hermit:LowProfile","hermit:Vantage"],"picked":"hermit:Determination","floor":0},{"not_picked":["hermit:Gestalt","hermit:GhostlyPresence"],"picked":"hermit:Deadeye","floor":0},{"not_picked":["hermit:HighCaliber","hermit:Desperado"],"picked":"hermit:TrackingShot","floor":0},{"not_picked":["hermit:Shortfuse","hermit:Quickdraw"],"picked":"hermit:Enervate","floor":0},{"not_picked":["hermit:Roulette","hermit:Coalescence"],"picked":"hermit:Vantage","floor":0},{"not_picked":["hermit:ItchyTrigger","hermit:CalledShot"],"picked":"hermit:HighCaliber","floor":0},{"not_picked":["hermit:SprayPray","hermit:Combo"],"picked":"hermit:Headshot","floor":0},{"not_picked":["hermit:HighCaliber","hermit:SprayPray","hermit:TrackingShot"],"picked":"SKIP","floor":7},{"not_picked":["hermit:Combo","hermit:Gestalt","hermit:CalledShot"],"picked":"SKIP","floor":13},{"not_picked":["hermit:HeroicBravado","hermit:Reprieve"],"picked":"hermit:RoundhouseKick","floor":16},{"not_picked":["hermit:GhostlyPresence","hermit:Roulette+1","hermit:ItchyTrigger+1"],"picked":"Singing Bowl","floor":21},{"not_picked":["hermit:WideOpen","hermit:BigShot","hermit:Showdown"],"picked":"Singing Bowl","floor":23},{"not_picked":["hermit:DeadMansHand","hermit:Desperado"],"picked":"hermit:GhostlyPresence","floor":28},{"not_picked":["hermit:DeadOrAlive","hermit:Dissolve","hermit:HeroicBravado"],"picked":"Singing Bowl","floor":33},{"not_picked":["Languid","Hallucinations","ReplayTheSpireMod:Doomed"],"picked":"Singing Bowl","floor":34},{"not_picked":["Delirium","AbeCurse","Normality"],"picked":"Singing Bowl","floor":34},{"not_picked":["ReplayTheSpireMod:Restless Dread","Hallucinations","animator:Curse_Greed"],"picked":"Singing Bowl","floor":34},{"not_picked":["hermit:CalledShot","hermit:Purgatory","hermit:ItchyTrigger+1"],"picked":"Singing Bowl","floor":37},{"not_picked":["hermit:CalledShot","hermit:Feint","hermit:Desperado"],"picked":"Singing Bowl","floor":37},{"not_picked":["hermit:LowProfile+1","hermit:SprayPray","hermit:Ricochet+1"],"picked":"Singing Bowl","floor":37},{"not_picked":["hermit:Dissolve","hermit:NoHoldsBarred+1","hermit:Glare"],"picked":"Singing Bowl","floor":39},{"not_picked":["hermit:Showdown","hermit:Dissolve","hermit:ItchyTrigger+1"],"picked":"Singing Bowl","floor":42},{"not_picked":["hermit:TakeAim+1","hermit:WideOpen","hermit:Virtue"],"picked":"Singing Bowl","floor":44},{"not_picked":["hermit:Horror+1","hermit:TakeAim+1","hermit:EyeOfTheStorm+1"],"picked":"Singing Bowl","floor":48}],"player_experience":797255,"relics_obtained":[{"floor":4,"key":"Lantern"},{"floor":7,"key":"ReplayTheSpireMod:TigerMarble"},{"floor":8,"key":"DemoMod:WhiteGuonStone"},{"floor":10,"key":"Pantograph"},{"floor":11,"key":"Meat on the Bone"},{"floor":12,"key":"PreservedInsect"},{"floor":13,"key":"Ancient Tea Set"},{"floor":14,"key":"Replay:Ringing Soul"},{"floor":15,"key":"ReplayTheSpireMod:Lightbulb"},{"floor":18,"key":"Singing Bowl"},{"floor":19,"key":"Replay:Wax Seal"},{"floor":21,"key":"Red Mask"},{"floor":23,"key":"Replay:Kaleidoscope"},{"floor":26,"key":"Replay:Rubber Ducky"},{"floor":27,"key":"Boot"},{"floor":28,"key":"Toy Ornithopter"},{"floor":31,"key":"Garlic"},{"floor":32,"key":"Letter Opener"},{"floor":35,"key":"Replay:WaspNest"},{"floor":39,"key":"Bronze Scales"},{"floor":41,"key":"DemoMod:DecoyRelic"},{"floor":42,"key":"Bag of Marbles"},{"floor":43,"key":"Replay:Bottled Steam"},{"floor":44,"key":"DemoMod:GundromedaStrain"},{"floor":45,"key":"InkBottle"},{"floor":46,"key":"TungstenRod"},{"floor":48,"key":"Replay:Bandana"}],"event_choices":[{"damage_healed":0,"gold_gain":275,"player_choice":"Desecrate","damage_taken":0,"max_hp_gain":0,"max_hp_loss":0,"event_name":"Golden Shrine","floor":2,"gold_loss":0,"cards_obtained":["Regret"]},{"damage_healed":0,"gold_gain":0,"player_choice":"Success","damage_taken":12,"relics_obtained":["DemoMod:Metronome"],"max_hp_gain":0,"max_hp_loss":0,"event_name":"Scrap Ooze","floor":5,"gold_loss":0},{"damage_healed":0,"gold_gain":0,"player_choice":"Fought Bandits","damage_taken":0,"max_hp_gain":0,"max_hp_loss":0,"event_name":"Masked Bandits","floor":21,"gold_loss":0},{"cards_removed":["hermit:Glare"],"damage_healed":0,"gold_gain":0,"player_choice":"Elegance","damage_taken":0,"max_hp_gain":0,"max_hp_loss":0,"event_name":"Back to Basics","floor":25,"gold_loss":0},{"damage_healed":0,"gold_gain":0,"player_choice":"Ignored","damage_taken":0,"max_hp_gain":0,"max_hp_loss":0,"event_name":"Ghosts","floor":29,"gold_loss":0},{"damage_healed":0,"gold_gain":0,"cards_transformed":["Languid"],"player_choice":"Transformed","damage_taken":0,"max_hp_gain":0,"max_hp_loss":0,"event_name":"Transmorgrifier","floor":38,"gold_loss":0,"cards_obtained":["Parasite"]},{"damage_healed":0,"gold_gain":0,"player_choice":"Relic","damage_taken":0,"max_hp_gain":0,"max_hp_loss":0,"event_name":"Wheel of Change","floor":46,"gold_loss":0}],"is_beta":false,"boss_relics":[{"not_picked":["Replay:Fungal Core","Ectoplasm"],"picked":"Abe\u0027s Treasure"},{"not_picked":["DemoMod:WaxWing","Runic Pyramid"],"picked":"Replay:Ancient Bell"},{"not_picked":["Akabeko","Nunchaku"],"picked":"DemoMod:WeirdEgg"},{"not_picked":["The Courier","DemoMod:JetPack"],"picked":"Frozen Egg 2"},{"not_picked":["DemoMod:NanoMachines","Counterbalance"],"picked":"Ice Cream"}],"items_purged_floors":[3,20,36,47],"is_endless":false,"potions_floor_spawned":[8,13,14,21,23,28,31,41,42,44,48],"ascension_level":0}}