{"host":"37dk0reb6x0du8wx","time":1609832407,"event":{"mods":["BaseMod","Colored Map","DeckTracker","Minty Spire (QoL Compilation)","Quick Restart","StSLib"],"gold_per_floor":[117,137,137,62,62,91,41,66,135,155,175,175,202,228,240,352,364,389,58,75,91,71,71,103,123,123,123,139,0,0,0,0],"floor_reached":31,"playtime":1122,"items_purged":["Strike_B","Strike_B"],"score":345,"play_id":"6905c278-612a-4dbf-8a53-c3596a47f78b","local_time":"20210105164007","is_ascension_mode":true,"campfire_choices":[{"floor":12,"key":"REST"},{"floor":15,"key":"REST"},{"floor":23,"key":"REST"},{"floor":27,"key":"REST"}],"circlet_count":0,"master_deck":["Strike_B+1","Defend_B","Defend_B","Defend_B+1","Defend_B","Zap+1","Dualcast","Conserve Battery+1","Defragment","Reinforced Body","Auto Shields","Capacitor","Ball Lightning","Electrodynamics","Loop","Conserve Battery","Redo","Loop"],"relics":["Cracked Core","NeowsBlessing","War Paint","Nunchaku","HornCleat","MawBank","Philosopher\u0027s Stone","Toy Ornithopter","Centennial Puzzle","Singing Bowl","MutagenicStrength"],"acts_visited":["Exordium","TheCity"],"potions_floor_usage":[13,16,21,24],"damage_taken":[{"damage":0,"enemies":"Cultist","floor":1,"turns":1},{"damage":0,"enemies":"Jaw Worm","floor":2,"turns":1},{"damage":0,"enemies":"3 Sentries","floor":6,"turns":2},{"damage":45,"enemies":"Gremlin Nob","floor":8,"turns":6},{"damage":0,"enemies":"Small Slimes","floor":10,"turns":4},{"damage":0,"enemies":"Looter","floor":11,"turns":3},{"damage":21,"enemies":"3 Sentries","floor":13,"turns":10},{"damage":5,"enemies":"Exordium Wildlife","floor":14,"turns":4},{"damage":14,"enemies":"Slime Boss","floor":16,"turns":9},{"damage":26,"enemies":"3 Byrds","floor":18,"turns":4},{"damage":14,"enemies":"Spheric Guardian","floor":20,"turns":4},{"damage":10,"enemies":"Cultist and Chosen","floor":21,"turns":5},{"damage":36,"enemies":"Gremlin Leader","floor":24,"turns":6},{"damage":18,"enemies":"Centurion and Healer","floor":25,"turns":5},{"damage":29,"enemies":"Shelled Parasite and Fungi","floor":28,"turns":7},{"damage":25,"enemies":"Slavers","floor":31,"turns":3}],"seed_played":"-4252873247015691274","potions_obtained":[{"floor":2,"key":"Ancient Potion"},{"floor":11,"key":"Block Potion"},{"floor":14,"key":"FocusPotion"},{"floor":20,"key":"EssenceOfDarkness"},{"floor":21,"key":"Regen Potion"},{"floor":22,"key":"Swift Potion"},{"floor":25,"key":"BlessingOfTheForge"}],"is_trial":false,"path_per_floor":["M","M","?","$","?","E","?","E","T","M","M","R","E","M","R","B",null,"M","$","M","M","?","R","E","M","T","R","M","?","?","E"],"character_chosen":"DEFECT","items_purchased":["Loop","Toy Ornithopter","Conserve Battery"],"campfire_rested":4,"item_purchase_floors":[19,19,19],"current_hp_per_floor":[75,75,60,60,65,65,65,20,20,20,20,44,23,18,42,28,80,54,54,40,35,35,59,40,22,22,46,19,19,19,0,0],"gold":0,"neow_bonus":"THREE_ENEMY_KILL","is_daily":false,"chose_seed":false,"campfire_upgraded":0,"win_rate":0.0,"timestamp":1609832407,"path_taken":["M","?","?","$","?","E","?","E","T","?","M","R","E","M","R","BOSS","M","$","M","M","?","R","E","?","T","R","M","?","?","E"],"items_purchased_type":["Card","Relic","Card"],"build_version":"2020-12-22","purchased_purges":2,"victory":false,"max_hp_per_floor":[75,75,75,75,80,80,80,80,80,80,80,80,80,80,80,80,80,80,80,80,80,80,80,80,80,80,80,82,82,82,82,82],"card_choices":[{"not_picked":["Steam","Coolheaded"],"picked":"Conserve Battery","floor":1},{"not_picked":["Beam Cell","Go for the Eyes"],"picked":"Defragment","floor":2},{"not_picked":["Steam","Hyperbeam"],"picked":"Reinforced Body","floor":6},{"not_picked":["Undo","Conserve Battery"],"picked":"Auto Shields","floor":8},{"not_picked":["Aggregate","Glacier","Gash"],"picked":"SKIP","floor":10},{"not_picked":["Chaos","Compile Driver","Streamline"],"picked":"SKIP","floor":11},{"not_picked":["BootSequence","Rebound"],"picked":"Capacitor","floor":13},{"not_picked":["Streamline","Beam Cell"],"picked":"Ball Lightning","floor":14},{"not_picked":["Biased Cognition","Machine Learning"],"picked":"Electrodynamics","floor":16},{"not_picked":["Gash","Storm","Heatsinks"],"picked":"SKIP","floor":18},{"not_picked":["Compile Driver","Ball Lightning"],"picked":"Redo","floor":20},{"not_picked":["Chill","Steam"],"picked":"Loop","floor":21},{"not_picked":["Cold Snap","Echo Form","Doom and Gloom"],"picked":"SKIP","floor":24},{"not_picked":["Cold Snap","Compile Driver","Sweeping Beam"],"picked":"SKIP","floor":25},{"not_picked":["Cold Snap","Redo","Gash"],"picked":"Singing Bowl","floor":28}],"player_experience":148016,"relics_obtained":[{"floor":6,"key":"War Paint"},{"floor":8,"key":"Nunchaku"},{"floor":9,"key":"HornCleat"},{"floor":13,"key":"MawBank"},{"floor":24,"key":"Centennial Puzzle"},{"floor":26,"key":"Singing Bowl"}],"event_choices":[{"damage_healed":0,"gold_gain":0,"player_choice":"Entered Light","damage_taken":15,"max_hp_gain":0,"max_hp_loss":0,"event_name":"Shining Light","floor":3,"gold_loss":0,"cards_upgraded":["Strike_B","Zap"]},{"damage_healed":0,"gold_gain":0,"player_choice":"Donut","damage_taken":0,"max_hp_gain":5,"max_hp_loss":0,"event_name":"Big Fish","floor":5,"gold_loss":0},{"cards_removed":["Strike_B"],"damage_healed":0,"gold_gain":0,"player_choice":"Card Removal","damage_taken":0,"max_hp_gain":0,"max_hp_loss":0,"event_name":"The Cleric","floor":7,"gold_loss":50},{"damage_healed":0,"gold_gain":0,"player_choice":"Bought 1 Potion","damage_taken":0,"max_hp_gain":0,"max_hp_loss":0,"event_name":"The Woman in Blue","floor":22,"gold_loss":0},{"damage_healed":0,"gold_gain":0,"player_choice":"Paid Fearfully","damage_taken":0,"max_hp_gain":0,"max_hp_loss":0,"event_name":"Masked Bandits","floor":29,"gold_loss":139},{"damage_healed":0,"gold_gain":0,"player_choice":"Inject Mutagens","damage_taken":0,"relics_obtained":["MutagenicStrength"],"max_hp_gain":0,"max_hp_loss":0,"event_name":"Drug Dealer","floor":30,"gold_loss":0}],"is_beta":false,"boss_relics":[{"not_picked":["Empty Cage","Runic Pyramid"],"picked":"Philosopher\u0027s Stone"}],"items_purged_floors":[4,19],"is_endless":false,"potions_floor_spawned":[2,11,14,20,21,25],"killed_by":"Slavers","ascension_level":3}}