{"host":"d2y4rmbezebiv8aj","time":1609836697,"event":{"mods":["AchievementEnabler","BaseMod","Bestiary","BetterRewards","Colored Map","Colored Powertips","Custom Start","Highlight Path","Minty Spire (QoL Compilation)","Quick Restart","Rare Cards Sparkle","Relic Sorter","Relic Stats","Shop Mod","Slay-I","StSLib","SuperFastMode"],"gold_per_floor":[109,109,109,124,141,166,166,178,205,223,234,250,20,50,50,50,50],"floor_reached":16,"playtime":726,"items_purged":[],"score":130,"play_id":"7290ef34-8395-4588-8c63-26b1bfe37426","local_time":"20210105095137","is_ascension_mode":true,"campfire_choices":[{"floor":7,"key":"REST"},{"data":"Magnetism","floor":15,"key":"SMITH"}],"circlet_count":0,"master_deck":["Strike_G","Strike_G","Strike_G","Strike_G","Strike_G","Defend_G","Defend_G","Defend_G","Defend_G","Defend_G","Survivor","Neutralize","Dagger Throw","Poisoned Stab","Cloak And Dagger","Dagger Throw","Flying Knee","Slice","Backflip","Poisoned Stab","Magnetism+1","Blade Dance"],"relics":["Ring of the Snake","Nunchaku","Bag of Preparation","Centennial Puzzle","Ornamental Fan","MealTicket","Orichalcum"],"acts_visited":["Exordium"],"potions_floor_usage":[16,16],"damage_taken":[{"damage":10,"enemies":"Jaw Worm","floor":1,"turns":8},{"damage":0,"enemies":"Cultist","floor":4,"turns":4},{"damage":0,"enemies":"Small Slimes","floor":5,"turns":6},{"damage":38,"enemies":"3 Sentries","floor":6,"turns":14},{"damage":3,"enemies":"2 Fungi Beasts","floor":8,"turns":3},{"damage":0,"enemies":"Large Slime","floor":10,"turns":7},{"damage":0,"enemies":"Blue Slaver","floor":11,"turns":4},{"damage":0,"enemies":"Looter","floor":12,"turns":3},{"damage":48,"enemies":"The Guardian","floor":16,"turns":11}],"seed_played":"-3866369367507640538","potions_obtained":[{"floor":1,"key":"Fire Potion"},{"floor":6,"key":"AttackPotion"},{"floor":10,"key":"PowerPotion"}],"is_trial":false,"path_per_floor":["M","?","?","M","M","E","R","M","T","M","M","M","$","?","R","B"],"character_chosen":"THE_SILENT","items_purchased":["Magnetism","Blade Dance"],"campfire_rested":1,"item_purchase_floors":[13,13],"current_hp_per_floor":[60,48,48,48,48,10,31,28,28,28,28,28,43,43,43,0,0],"gold":50,"neow_bonus":"RANDOM_COMMON_RELIC","is_daily":false,"chose_seed":false,"campfire_upgraded":1,"win_rate":0.0,"timestamp":1609836697,"path_taken":["M","?","?","M","M","E","R","M","T","M","?","M","$","?","R","BOSS"],"items_purchased_type":["Card","Card"],"build_version":"2020-12-22","purchased_purges":0,"victory":false,"max_hp_per_floor":[70,70,70,70,70,70,70,70,70,70,70,70,70,70,70,70,70],"relic_stats":{"Nunchaku":[11],"Centennial Puzzle":[9],"counters":[9,60],"Ornamental Fan":[64],"MealTicket":15,"Bag of Preparation":[16],"Orichalcum":[0],"obtain_stats":[{"Nunchaku":0,"Centennial Puzzle":3,"Ornamental Fan":6,"MealTicket":9,"Bag of Preparation":2,"Orichalcum":14,"Ring of the Snake":0},{"Nunchaku":0,"Centennial Puzzle":1,"Ornamental Fan":4,"MealTicket":5,"Bag of Preparation":1,"Orichalcum":8,"Ring of the Snake":0},{"Nunchaku":0,"Centennial Puzzle":8,"Ornamental Fan":32,"MealTicket":35,"Bag of Preparation":8,"Orichalcum":49,"Ring of the Snake":0}],"Ring of the Snake":[18]},"card_choices":[{"not_picked":["Masterful Stab","Slice"],"picked":"Dagger Throw","floor":1},{"not_picked":["Caltrops","Blur"],"picked":"Poisoned Stab","floor":4},{"not_picked":["Outmaneuver","Underhanded Strike"],"picked":"Cloak And Dagger","floor":5},{"not_picked":["Acrobatics","Leg Sweep"],"picked":"Dagger Throw","floor":6},{"not_picked":["Deflect","Riddle With Holes"],"picked":"Flying Knee","floor":8},{"not_picked":["Quick Slash","Outmaneuver"],"picked":"Slice","floor":10},{"not_picked":["Underhanded Strike","Deadly Poison"],"picked":"Backflip","floor":11},{"not_picked":["Underhanded Strike","Choke"],"picked":"Poisoned Stab","floor":12}],"player_experience":345770,"relics_obtained":[{"floor":6,"key":"Ornamental Fan"},{"floor":9,"key":"MealTicket"}],"event_choices":[{"damage_healed":0,"gold_gain":0,"player_choice":"Success","damage_taken":12,"relics_obtained":["Bag of Preparation"],"max_hp_gain":0,"max_hp_loss":0,"event_name":"Scrap Ooze","floor":2,"gold_loss":0},{"damage_healed":0,"gold_gain":0,"player_choice":"Gave Potion","damage_taken":0,"relics_obtained":["Centennial Puzzle"],"max_hp_gain":0,"max_hp_loss":0,"event_name":"WeMeetAgain","floor":3,"gold_loss":0},{"damage_healed":0,"gold_gain":30,"player_choice":"Searched \u00272\u0027 times","damage_taken":0,"relics_obtained":["Orichalcum"],"max_hp_gain":0,"max_hp_loss":0,"event_name":"Dead Adventurer","floor":14,"gold_loss":0}],"is_beta":false,"boss_relics":[],"items_purged_floors":[],"is_endless":false,"potions_floor_spawned":[1,6,10],"killed_by":"The Guardian","ascension_level":5}}