{"host":"acczert1kscx59ut","time":1609885937,"event":{"mods":["AchievementEnabler","Act Like it!","Aspiration","Astrologer","BaseMod","Beaked The Cultist","Bestiary","BetterRewards","Conspire","Decade(???)","Dio Mod","Downfall","Duelist Mod","Elementarium","Gensokyo","GifTheSpireLib","Glutton Mod","Gold Saver","Gremlin Mod","GungeonMod","Hallownest","Hermit","Hero for Fun","Hubris","Infinite Spire","Jorbs\u0027s Wanderer Trilogy","Koishi","Lobotomy","LobotomyExtend","Magitek Elite","Melee Mod","Minty Spire (QoL Compilation)","Quick Restart","Replay The Spire","Robot Space Explorer","Shade Mod","Shedinja","Shop Mod","Somnambulant","Spicy Shops","StSLib","Stuff the Spire","SuperFastMode","Td1madao Mod","The Animator","The Blackbeard","The Bug Knight","The Clintock","The Construct","The Cursed","The Disciple","The Dragon Tamer","The Exalted","The Factory","The Forsaken","The Gatherer","The Hayseed","The Hierophant","The Jungle","The Kombatant","The Necromancer","The Problem Sleuth","The Runesmith","The Showman","The Valiant","The Vixen","The Wild Card","TheFirefly","thorton","vexMod"],"gold_per_floor":[803,822,822,840,113,139,139,139,139,139,109,109,142,142,142,242,242,259,276,290,407,423,423,423,423,450,463,463,32,45,45,45],"floor_reached":31,"playtime":2874,"items_purged":[],"score":345,"play_id":"4800cf77-716f-42b6-b1a6-2ba413b697b6","local_time":"20210105173217","is_ascension_mode":false,"campfire_choices":[{"data":"thefirefly:PhotonBlast","floor":8,"key":"SMITH"},{"data":"ReplayTheSpireMod:Chaos Vortex","floor":15,"key":"SMITH"},{"data":"thefirefly:AccountUncertainty","floor":23,"key":"SMITH"},{"data":"Skewer","floor":25,"key":"SMITH"}],"circlet_count":0,"master_deck":["thefirefly:Strike","thefirefly:Strike","thefirefly:Strike","thefirefly:Strike","thefirefly:Defend","thefirefly:Defend","thefirefly:Defend","thefirefly:Defend","thefirefly:StealthMode","thefirefly:PhotonBlast+1","thefirefly:AccountUncertainty+1","thefirefly:FlareScreen","thefirefly:ArtillleryBeam+1","thefirefly:AutoTargeting","thefirefly:IonizedBarrier","ReplayTheSpireMod:Chaos Vortex+1","thefirefly:Preload","thefirefly:StoredPower","thefirefly:BoltzmannBrain","thefirefly:HyperFocus+1","thefirefly:MirrorShield","thefirefly:QuantumTunneling+1","StuffTheSpire:Repulse","Dodge and Roll","Skewer+1","thefirefly:IonizedBarrier","thefirefly:Strike","thefirefly:Strike","thefirefly:Strike","thefirefly:Strike","thefirefly:Defend","thefirefly:Defend","thefirefly:Defend","thefirefly:Defend","thefirefly:StealthMode","thefirefly:PhotonBlast+1","thefirefly:AccountUncertainty+1","thefirefly:FlareScreen","thefirefly:ArtillleryBeam+1","thefirefly:AutoTargeting","thefirefly:IonizedBarrier","ReplayTheSpireMod:Chaos Vortex+1","thefirefly:Preload","thefirefly:StoredPower","thefirefly:BoltzmannBrain","thefirefly:HyperFocus+1","thefirefly:MirrorShield","thefirefly:QuantumTunneling+1","StuffTheSpire:Repulse","Dodge and Roll","Skewer+1","thefirefly:IonizedBarrier","thefirefly:ArtillleryBeam","thefirefly:Ruminate+1"],"relics":["thefirefly:StealthSystem","LetterFromLob","conspire:Dentures","Chemical X","ReplayFunnel","StuffTheSpire:GrapeVine","Shuriken","hubris:KleinBottle","hubris:Icosahedron","Bromod:ArcaneConsequence","Replay:Fungal Core","Omamori","Bronze Scales","HollowMod:StagPassRelic"],"acts_visited":["Exordium","TheCity"],"potions_floor_usage":[6,22],"damage_taken":[{"damage":1,"enemies":"conspire:RoseBush","floor":1,"turns":4},{"damage":0,"enemies":"Cultist","floor":2,"turns":4},{"damage":2,"enemies":"Small Slimes","floor":4,"turns":4},{"damage":19,"enemies":"Replay:BlueRogue","floor":6,"turns":5},{"damage":0,"enemies":"Looter","floor":11,"turns":4},{"damage":10,"enemies":"HollowMod:MossKnight","floor":13,"turns":6},{"damage":13,"enemies":"The Guardian","floor":16,"turns":8},{"damage":4,"enemies":"Chosen","floor":18,"turns":8},{"damage":3,"enemies":"Spheric Guardian","floor":19,"turns":6},{"damage":11,"enemies":"3 Cultists","floor":20,"turns":6},{"damage":0,"enemies":"conspire:HollyBat","floor":21,"turns":10},{"damage":0,"enemies":"Chosen and Byrds","floor":22,"turns":6},{"damage":5,"enemies":"Snake Plant","floor":27,"turns":7},{"damage":0,"enemies":"Centurion and Healer","floor":30,"turns":7},{"damage":50,"enemies":"Slavers","floor":31,"turns":3}],"seed_played":"-6705959093065419059","potions_obtained":[{"floor":1,"key":"sneckomod:MuddlingPotion"},{"floor":2,"key":"Venom Potion"},{"floor":13,"key":"champ:CounterPotion"},{"floor":19,"key":"ColorlessPotion"},{"floor":22,"key":"PowerPotion"},{"floor":27,"key":"AttackPotion"},{"floor":30,"key":"LifebloodPotion"}],"is_trial":false,"path_per_floor":["M","M","?","M","$","E","?","R","T","$","M","?","E","?","R","B",null,"M","M","M","M","M","R","?","R","T","M","?","$","M","E"],"character_chosen":"THE_FIREFLY","items_purchased":["conspire:Dentures","Chemical X","ReplayFunnel","thefirefly:ArtillleryBeam+1","thefirefly:AutoTargeting","hubris:KleinBottle","Bronze Scales","HollowMod:StagPassRelic","thefirefly:ArtillleryBeam"],"campfire_rested":0,"item_purchase_floors":[5,5,5,5,5,10,29,29,29],"current_hp_per_floor":[54,54,54,52,52,33,33,33,33,14,14,14,4,55,55,42,55,51,55,44,44,44,44,44,44,44,39,39,39,39,0,0],"gold":45,"neow_bonus":"ONE_RANDOM_RARE_CARD","is_daily":false,"chose_seed":false,"campfire_upgraded":4,"win_rate":0.0,"timestamp":1609885937,"path_taken":["M","M","?","?","?","E","?","R","T","?","M","?","E","?","R","BOSS","M","?","M","M","M","R","?","R","T","M","?","$","M","E"],"items_purchased_type":["Relic","Relic","Relic","Card","Card","Relic","Relic","Relic","Card"],"build_version":"2020-12-22","purchased_purges":0,"victory":false,"max_hp_per_floor":[55,55,55,55,55,55,55,55,55,55,55,55,55,55,55,55,55,55,55,55,55,55,55,55,55,55,55,55,55,55,55,55],"card_choices":[{"not_picked":["thefirefly:Teleport","thefirefly:ArtillleryBeam"],"picked":"thefirefly:AccountUncertainty","floor":1},{"not_picked":["thefirefly:EnergyShield","thefirefly:Teleport"],"picked":"thefirefly:FlareScreen","floor":2},{"not_picked":["thefirefly:Teleport","thefirefly:Pacify"],"picked":"thefirefly:Nova","floor":4},{"not_picked":["thefirefly:FlakCannon","thefirefly:AutoTargeting"],"picked":"thefirefly:IonizedBarrier","floor":6},{"not_picked":["infinitespire:TheBestDefense","infinitespire:SevenWalls"],"picked":"ReplayTheSpireMod:Chaos Vortex","floor":10},{"not_picked":["thefirefly:Pacify","thefirefly:ShieldArray"],"picked":"thefirefly:Preload","floor":11},{"not_picked":["thefirefly:Dematerialize","thefirefly:ArtillleryBeam"],"picked":"thefirefly:StoredPower","floor":13},{"not_picked":["thefirefly:Cosmogenesis","thefirefly:Nova"],"picked":"thefirefly:BoltzmannBrain","floor":16},{"not_picked":["thefirefly:FlakCannon","thefirefly:Pacify"],"picked":"thefirefly:CoveringFire","floor":18},{"not_picked":["thefirefly:PotentAmmunition","thefirefly:ShieldArray"],"picked":"thefirefly:HyperFocus+1","floor":19},{"not_picked":["thefirefly:Reposition","thefirefly:SteadyAim"],"picked":"thefirefly:MirrorShield","floor":20},{"not_picked":["thefirefly:Boost","thefirefly:LifeSupport"],"picked":"thefirefly:QuantumTunneling","floor":21},{"not_picked":["thefirefly:HyperFocus+1","thefirefly:Boost"],"picked":"thefirefly:QuantumTunneling+1","floor":22},{"not_picked":["thefirefly:AccountUncertainty+1","thefirefly:Flight"],"picked":"thefirefly:IonizedBarrier","floor":27},{"not_picked":["thefirefly:ShieldArray","thefirefly:Flight"],"picked":"thefirefly:Ruminate+1","floor":30}],"player_experience":174188,"relics_obtained":[{"floor":1,"key":"LetterFromLob"},{"floor":6,"key":"StuffTheSpire:GrapeVine"},{"floor":9,"key":"Shuriken"},{"floor":13,"key":"Bromod:ArcaneConsequence"},{"floor":26,"key":"Omamori"}],"event_choices":[{"damage_healed":0,"gold_gain":0,"player_choice":"Disagree","damage_taken":0,"max_hp_gain":0,"max_hp_loss":0,"event_name":"conspire:LoneGhost","floor":7,"gold_loss":0},{"damage_healed":51,"gold_gain":0,"player_choice":"Full Heal","damage_taken":0,"max_hp_gain":0,"max_hp_loss":0,"event_name":"Wheel of Change","floor":14,"gold_loss":0}],"is_beta":false,"boss_relics":[{"not_picked":["conspire:RoyalGoblet","Velvet Choker"],"picked":"Replay:Fungal Core"}],"items_purged_floors":[],"is_endless":false,"potions_floor_spawned":[1,2,4,13,19,22,27,30],"killed_by":"Slavers","ascension_level":0}}