{"host":"hwdg34753f7m8ow2","time":1609868660,"event":{"mods":["AchievementEnabler","BaseMod","Koishi","Marisa????????","Minty Spire (QoL Compilation)","Permanent Neow","Quick Restart","Shop Mod","StSLib","The Senshi","The Servant 0.9.4"],"gold_per_floor":[111,125,125,141,141,141,179,195,240,240,254,17,35,60,60,60,60],"floor_reached":16,"playtime":425,"items_purged":[],"score":120,"play_id":"a8ccf723-e686-42d6-af23-d3ac5bb5492d","local_time":"20210105104420","is_ascension_mode":true,"campfire_choices":[{"data":"theSenshi:MoonPrismPowerMakeUp","floor":6.0,"key":"SMITH"},{"floor":15.0,"key":"REST"}],"circlet_count":0,"master_deck":["theSenshi:SailorKick","theSenshi:SailorKick","theSenshi:SailorKick","theSenshi:SailorKick","theSenshi:SailorBlock","theSenshi:SailorBlock","theSenshi:SailorBlock","theSenshi:SailorBlock","theSenshi:RoseThrow","theSenshi:MoonPrismPowerMakeUp+1","theSenshi:TuxedoSmokingBomber","theSenshi:SailorVenusAssists","Injury","theSenshi:MoonPrincessHalation","theSenshi:SupersonicWaves","theSenshi:SailorPlanetAttack","theSenshi:SailorNeptuneAssists","theSenshi:Sidestep","theSenshi:MoonTwilightFlash"],"relics":["theSenshi:TransformationBroochRelic","NeowsBlessing","Golden Idol","The Courier","Omamori","Nunchaku","theSenshi:RedHairPiecesRelic","Bag of Marbles"],"acts_visited":["Exordium"],"potions_floor_usage":[16],"damage_taken":[{"damage":0.0,"enemies":"Cultist","floor":1.0,"turns":1.0},{"damage":0.0,"enemies":"Small Slimes","floor":2.0,"turns":1.0},{"damage":0.0,"enemies":"2 Louse","floor":4.0,"turns":1.0},{"damage":50.0,"enemies":"Lagavulin","floor":7.0,"turns":8.0},{"damage":7.0,"enemies":"Exordium Thugs","floor":8.0,"turns":4.0},{"damage":8.0,"enemies":"3 Louse","floor":11.0,"turns":2.0},{"damage":0.0,"enemies":"Lots of Slimes","floor":13.0,"turns":1.0},{"damage":7.0,"enemies":"Looter","floor":14.0,"turns":3.0},{"damage":25,"enemies":"Hexaghost","floor":16,"turns":12}],"seed_played":"-2413874374570996960","potions_obtained":[{"floor":2.0,"key":"Block Potion"},{"floor":7.0,"key":"Fire Potion"},{"floor":11.0,"key":"SpeedPotion"}],"is_trial":false,"path_per_floor":["M","M","?","M","?","R","E","M","T","?","M","$","M","M","R","B"],"character_chosen":"THE_SENSHI","items_purchased":["theSenshi:RedHairPiecesRelic","Bag of Marbles"],"campfire_rested":1,"item_purchase_floors":[12,12],"current_hp_per_floor":[75,75,75,75,75,75,25,18,18,18,10,10,10,3,25,0,0],"gold":60,"neow_bonus":"THREE_ENEMY_KILL","is_daily":false,"chose_seed":false,"campfire_upgraded":1,"win_rate":0.0,"timestamp":1609868660,"path_taken":["M","?","?","M","?","R","E","?","T","?","M","$","M","?","R","BOSS"],"items_purchased_type":["Relic","Relic"],"build_version":"2020-12-22","purchased_purges":0,"victory":false,"max_hp_per_floor":[75,75,75,75,75,75,75,75,75,75,75,75,75,75,75,75,75],"card_choices":[{"not_picked":["theSenshi:SailorChibiMoonAssists","theSenshi:LateForSchool"],"picked":"theSenshi:TuxedoSmokingBomber","floor":1.0},{"not_picked":["theSenshi:TuxedoMaskAssists","theSenshi:Sidestep"],"picked":"theSenshi:SailorVenusAssists","floor":2.0},{"not_picked":["theSenshi:SchoolBag","theSenshi:Sidestep"],"picked":"theSenshi:MoonPrincessHalation","floor":4.0},{"not_picked":["theSenshi:SilverCrystal","theSenshi:LateForSchool"],"picked":"theSenshi:SupersonicWaves","floor":7.0},{"not_picked":["theSenshi:SailorUranusAssists","theSenshi:DramaticEntrance"],"picked":"theSenshi:SailorPlanetAttack","floor":8.0},{"not_picked":["theSenshi:UranusStrength","theSenshi:SchoolBag"],"picked":"theSenshi:SailorNeptuneAssists","floor":11.0},{"not_picked":["theSenshi:MoonPower","theSenshi:MoonKick"],"picked":"theSenshi:Sidestep","floor":13.0},{"not_picked":["theSenshi:SailorMercuryAssists","theSenshi:SailorCosmosAssists"],"picked":"theSenshi:MoonTwilightFlash","floor":14.0}],"player_experience":724641,"relics_obtained":[{"floor":7.0,"key":"Omamori"},{"floor":9.0,"key":"Nunchaku"}],"event_choices":[{"damage_healed":0.0,"max_hp_gain":0.0,"max_hp_loss":0.0,"gold_gain":0.0,"event_name":"Golden Idol","player_choice":"Take Wound","floor":3.0,"gold_loss":0.0,"damage_taken":0.0,"relics_obtained":["Golden Idol"],"cards_obtained":["Injury"]},{"damage_healed":0.0,"max_hp_gain":0.0,"max_hp_loss":0.0,"gold_gain":0.0,"event_name":"WeMeetAgain","player_choice":"Gave Potion","floor":5.0,"gold_loss":0.0,"damage_taken":0.0,"relics_obtained":["The Courier"]},{"damage_healed":0.0,"max_hp_gain":0.0,"max_hp_loss":0.0,"gold_gain":0.0,"event_name":"Match and Keep!","player_choice":"0 cards matched","floor":10.0,"gold_loss":0.0,"damage_taken":0.0,"cards_obtained":[]}],"is_beta":false,"boss_relics":[],"items_purged_floors":[],"is_endless":false,"potions_floor_spawned":[2,7,11],"killed_by":"Hexaghost","ascension_level":3}}