{"host":"Ceyx","time":1609819781,"event":{"mods":["BaseMod","Beaked The Cultist","BetterRewards","Conspire","Downfall","Hermit","Lobotomy","Minty Spire (QoL Compilation)","Shop Mod","StSLib","The Jungle","The Poker Player"],"gold_per_floor":[115,126,142,142,161,196,196,224,292,312,312,331,331,348,348,443,443,457,470,497,510,521,521,521,521,521],"floor_reached":24,"playtime":3424,"items_purged":[],"score":237,"play_id":"8675c220-3f74-4002-8753-6ec6684b0e48","local_time":"20210105110941","is_ascension_mode":false,"metric_token":786,"campfire_choices":[{"data":"PokerPlayerMod:Diamond5","floor":7.0,"key":"SMITH"},{"data":"PokerPlayerMod:TrumpStrike","floor":11.0,"key":"SMITH"},{"data":"PokerPlayerMod:WildCard","floor":15.0,"key":"SMITH"},{"data":"PokerPlayerMod:SecretDealer","floor":23,"key":"SMITH"}],"circlet_count":0,"master_deck":["PokerPlayerMod:Diamond2","PokerPlayerMod:Diamond3","PokerPlayerMod:Diamond4","PokerPlayerMod:Diamond6","PokerPlayerMod:Spade1","PokerPlayerMod:Spade2","PokerPlayerMod:Spade3","PokerPlayerMod:Spade4","PokerPlayerMod:Club1","PokerPlayerMod:Club2","PokerPlayerMod:Heart2","PokerPlayerMod:TrumpStrike+1","PokerPlayerMod:BadJoker","PokerPlayerMod:Mulligan","conspire:Banana","PokerPlayerMod:Diamond5","PokerPlayerMod:MagicTrick","PokerPlayerMod:DiamondStrike","PokerPlayerMod:Diamond7","PokerPlayerMod:SecretDealer+1","PokerPlayerMod:Raise","PokerPlayerMod:WildCard+1","PokerPlayerMod:Club5","PokerPlayerMod:DiamondStrike","PokerPlayerMod:CardBurn","PokerPlayerMod:ChangeRules","Well Laid Plans","PokerPlayerMod:Extraction","PokerPlayerMod:Diamond3","PokerPlayerMod:SpadeStrike+1","PokerPlayerMod:Harden","PokerPlayerMod:SpadeStrike+1"],"relics":["PokerPlayerMod:DeckCase","conspire:GiftBox","Torii","conspire:Dentures","NlothsMask","beaked:SacredDeck","Happy Flower"],"acts_visited":["Exordium","TheCity"],"potions_floor_usage":[],"damage_taken":[{"damage":5.0,"enemies":"Small Slimes","floor":1.0,"turns":4.0},{"damage":2.0,"enemies":"Cultist","floor":2.0,"turns":3.0},{"damage":0.0,"enemies":"2 Louse","floor":3.0,"turns":1.0},{"damage":3.0,"enemies":"Red Slaver","floor":5.0,"turns":3.0},{"damage":27.0,"enemies":"Lagavulin","floor":6.0,"turns":4.0},{"damage":28.0,"enemies":"3 Sentries","floor":8.0,"turns":5.0},{"damage":0.0,"enemies":"Large Slime","floor":10.0,"turns":3.0},{"damage":0.0,"enemies":"Exordium Wildlife","floor":12.0,"turns":1.0},{"damage":1.0,"enemies":"Gremlin Gang","floor":14.0,"turns":2.0},{"damage":10.0,"enemies":"Slime Boss","floor":16.0,"turns":5.0},{"damage":5.0,"enemies":"3 Byrds","floor":18.0,"turns":2.0},{"damage":2,"enemies":"Chosen","floor":19,"turns":3},{"damage":21,"enemies":"conspire:MimicChest","floor":20,"turns":5},{"damage":21,"enemies":"Snake Plant","floor":21,"turns":4},{"damage":11,"enemies":"conspire:HollyBat","floor":22,"turns":7},{"damage":21,"enemies":"Centurion and Healer","floor":24,"turns":3}],"seed_played":"6928237031845896609","potions_obtained":[{"floor":2.0,"key":"SpeedPotion"},{"floor":8.0,"key":"SpeedPotion"},{"floor":10.0,"key":"EssenceOfSteel"},{"floor":12.0,"key":"DuplicationPotion"},{"floor":16.0,"key":"SkillPotion"},{"floor":20,"key":"SteroidPotion"},{"floor":21,"key":"SteroidPotion"}],"is_trial":false,"path_per_floor":["M","M","M","?","M","E","R","E","T","M","R","M","?","M","R","B",null,"M","M","?","M","M","R","M"],"character_chosen":"THE_POKER_PLAYER","items_purchased":[],"campfire_rested":0,"item_purchase_floors":[],"current_hp_per_floor":[53,54,55,55,55,31,31,6,6,11,11,15,15,15,15,6,61,57,61,45,25,17,17,0,0,0],"gold":521,"neow_bonus":"RANDOM_COLORLESS","is_daily":false,"chose_seed":false,"campfire_upgraded":4,"win_rate":0.0,"timestamp":1609819781,"path_taken":["M","M","M","?","?","E","R","E","T","?","R","M","?","?","R","BOSS","M","M","?","M","?","R","?"],"items_purchased_type":[],"build_version":"2020-12-18","purchased_purges":0,"victory":false,"max_hp_per_floor":[53,54,55,55,56,57,57,58,58,59,59,59,59,60,60,61,61,62,63,64,65,66,66,67,67,67],"card_choices":[{"not_picked":["Discovery","expansioncontent:DefensiveMode"],"picked":"conspire:Banana","floor":0.0},{"not_picked":["PokerPlayerMod:CardBurn","PokerPlayerMod:Heart4"],"picked":"PokerPlayerMod:Diamond5","floor":1.0},{"not_picked":["PokerPlayerMod:Club4","PokerPlayerMod:Spade1"],"picked":"PokerPlayerMod:MagicTrick","floor":2.0},{"not_picked":["PokerPlayerMod:Spade6","PokerPlayerMod:SpadeStrike"],"picked":"PokerPlayerMod:DiamondStrike","floor":3.0},{"not_picked":["PokerPlayerMod:Diamond3","PokerPlayerMod:CloakAndDiamond"],"picked":"PokerPlayerMod:Diamond7","floor":5.0},{"not_picked":["PokerPlayerMod:VarietyAttack","PokerPlayerMod:RoyalStrike"],"picked":"PokerPlayerMod:SecretDealer","floor":6.0},{"not_picked":["PokerPlayerMod:Fold","PokerPlayerMod:Spade5"],"picked":"PokerPlayerMod:Raise","floor":6.0},{"not_picked":["PokerPlayerMod:ClubsClub","PokerPlayerMod:Diamond1"],"picked":"PokerPlayerMod:WildCard","floor":8.0},{"not_picked":["PokerPlayerMod:Club2","PokerPlayerMod:Raise"],"picked":"PokerPlayerMod:Club5","floor":10.0},{"not_picked":["PokerPlayerMod:Spade1","PokerPlayerMod:JackOfSpades"],"picked":"PokerPlayerMod:DiamondStrike","floor":12.0},{"not_picked":["PokerPlayerMod:Spade3","PokerPlayerMod:Heart1"],"picked":"PokerPlayerMod:CardBurn","floor":14.0},{"not_picked":["PokerPlayerMod:Spade7","PokerPlayerMod:Diamond9"],"picked":"PokerPlayerMod:ChangeRules","floor":16.0},{"not_picked":["PokerPlayerMod:Spade2","PokerPlayerMod:CloakAndDiamond+1"],"picked":"PokerPlayerMod:Extraction","floor":18.0},{"not_picked":["PokerPlayerMod:Fold","PokerPlayerMod:Club1"],"picked":"PokerPlayerMod:Diamond3","floor":19},{"not_picked":["PokerPlayerMod:MagicTrick","PokerPlayerMod:ClubStrike"],"picked":"PokerPlayerMod:SpadeStrike+1","floor":20},{"not_picked":["PokerPlayerMod:Fold+1","PokerPlayerMod:Heart4"],"picked":"PokerPlayerMod:Harden","floor":21},{"not_picked":["PokerPlayerMod:ClubsClub","PokerPlayerMod:DartThrow+1"],"picked":"PokerPlayerMod:SpadeStrike+1","floor":22}],"player_experience":512719,"relics_obtained":[{"floor":6.0,"key":"conspire:GiftBox"},{"floor":8.0,"key":"Torii"},{"floor":9.0,"key":"conspire:Dentures"},{"floor":20,"key":"Happy Flower"}],"event_choices":[{"cards_removed":["PokerPlayerMod:Diamond1"],"damage_healed":0.0,"max_hp_gain":0.0,"max_hp_loss":0.0,"gold_gain":0.0,"event_name":"Purifier","player_choice":"Purged","floor":4.0,"gold_loss":0.0,"damage_taken":0.0},{"damage_healed":0.0,"max_hp_gain":0.0,"max_hp_loss":0.0,"gold_gain":0.0,"event_name":"FaceTrader","player_choice":"Trade","floor":13.0,"gold_loss":0.0,"damage_taken":0.0,"relics_obtained":["NlothsMask"]}],"is_beta":true,"boss_relics":[{"not_picked":["Black Star","Fusion Hammer"],"picked":"beaked:SacredDeck"}],"items_purged_floors":[],"is_endless":false,"potions_floor_spawned":[2,8,10,12,16,20,21],"killed_by":"Centurion and Healer","ascension_level":0}}