{"host":"fn5w42qzz69x191g","time":1609878158,"event":{"mods":["Ascension Reborn","BaseMod","Friendly Minions","Lobotomy","Minty Spire (QoL Compilation)","RRrroohrrRGHHhhh!!","Replay The Spire","StSLib","SuperFastMode","Td1madao Mod","The Jungle"],"gold_per_floor":[116,116,128,142,158,193,203,217,292,292,311,311,311,324,324,428,428,440,456,456,456,456],"floor_reached":21,"playtime":1573,"items_purged":[],"score":185,"play_id":"368170ea-638a-4cdc-94b3-d28454bf8de0","local_time":"20210106052238","is_ascension_mode":true,"campfire_choices":[{"floor":10,"key":"REST"},{"floor":12,"key":"REST"}],"circlet_count":0,"master_deck":["Strike_P","Strike_P","Strike_P","Strike_P","Defend_P","Defend_P","Defend_P","Defend_P","Eruption","Vigilance","rorgmod:Follow-Up","Swivel","Indignation","Replay:ManipulateFuture","Prostrate+1","SashWhip","CarveReality","FlurryOfBlows","Amnesia","Swivel","Judgement","Replay:DivineShield","Evaluate","FlurryOfBlows"],"relics":["PureWater","Pen Nib","Blue Doll","Replay:WaspNest","ReplayTheSpireMod:Ring of Addiction","Toy Ornithopter","Chameleon Ring","Ring of Fangs","rorgmod:Crimson Lotus"],"acts_visited":["Exordium","TheCity"],"potions_floor_usage":[14,16,16,16,19],"damage_taken":[{"damage":0,"enemies":"Cultist","floor":1,"turns":4},{"damage":3,"enemies":"2 Louse","floor":3,"turns":2},{"damage":0,"enemies":"Small Slimes","floor":4,"turns":2},{"damage":7,"enemies":"3 Louse","floor":5,"turns":2},{"damage":30,"enemies":"Replay:BlueRogue","floor":6,"turns":6},{"damage":14,"enemies":"Exordium Wildlife","floor":7,"turns":5},{"damage":12,"enemies":"Exordium Thugs","floor":8,"turns":5},{"damage":0,"enemies":"Large Slime","floor":11,"turns":3},{"damage":14,"enemies":"Lots of Slimes","floor":14,"turns":3},{"damage":60,"enemies":"Slime Boss","floor":16,"turns":6},{"damage":0,"enemies":"Spheric Guardian","floor":18,"turns":2},{"damage":31,"enemies":"2 Thieves","floor":19,"turns":5},{"damage":48,"enemies":"Shelled Parasite and Fungi","floor":21,"turns":4}],"seed_played":"-8336705303871874023","potions_obtained":[{"floor":3,"key":"Swift Potion"},{"floor":11,"key":"Elixir"},{"floor":13,"key":"ColorlessPotion"},{"floor":13,"key":"Explosive Potion"},{"floor":14,"key":"Energy Potion"},{"floor":19,"key":"Weak Potion"}],"is_trial":false,"path_per_floor":["M","$","M","M","M","E","M","M","T","R","M","R","?","M","R","B",null,"M","M","?","M"],"character_chosen":"WATCHER","items_purchased":[],"campfire_rested":2,"item_purchase_floors":[],"current_hp_per_floor":[72,72,69,69,62,32,18,6,6,27,27,48,48,39,60,15,72,72,46,46,0,0],"gold":456,"neow_bonus":"RANDOM_COMMON_RELIC","is_daily":false,"chose_seed":false,"campfire_upgraded":0,"win_rate":0.0,"timestamp":1609878158,"path_taken":["M","$","M","M","M","E","M","M","T","R","M","R","?","M","R","BOSS","M","M","?","M"],"items_purchased_type":[],"build_version":"2020-12-22","purchased_purges":0,"victory":false,"max_hp_per_floor":[72,72,72,72,72,72,72,72,72,72,72,72,72,72,72,72,72,72,72,72,72,72],"card_choices":[{"not_picked":["ThirdEye","Consecrate"],"picked":"rorgmod:Follow-Up","floor":1},{"not_picked":["EmptyBody","Evaluate"],"picked":"Swivel","floor":3},{"not_picked":["InnerPeace","LikeWater"],"picked":"Indignation","floor":4},{"not_picked":["Nirvana","Pray"],"picked":"Replay:ManipulateFuture","floor":5},{"not_picked":["Nirvana","ClearTheMind"],"picked":"Prostrate","floor":6},{"not_picked":["SpiritShield","Weave"],"picked":"SashWhip","floor":7},{"not_picked":["Evaluate","Crescendo"],"picked":"CarveReality","floor":8},{"not_picked":["TalkToTheHand","EmptyFist"],"picked":"FlurryOfBlows","floor":11},{"not_picked":["CrushJoints","PathToVictory"],"picked":"Swivel","floor":14},{"not_picked":["Vault","MasterReality"],"picked":"Judgement","floor":16},{"not_picked":["JustLucky","BowlingBash+1"],"picked":"Replay:DivineShield","floor":18},{"not_picked":["Crescendo","Replay:ManipulateFuture+1"],"picked":"Evaluate","floor":19}],"player_experience":502436,"relics_obtained":[{"floor":6,"key":"Blue Doll"},{"floor":9,"key":"Replay:WaspNest"},{"floor":13,"key":"ReplayTheSpireMod:Ring of Addiction"},{"floor":13,"key":"Toy Ornithopter"},{"floor":13,"key":"Chameleon Ring"},{"floor":13,"key":"Ring of Fangs"}],"event_choices":[{"damage_healed":0,"gold_gain":0,"player_choice":"Read","damage_taken":0,"max_hp_gain":0,"max_hp_loss":0,"event_name":"The Library","floor":20,"gold_loss":0,"cards_obtained":["FlurryOfBlows"]}],"is_beta":false,"boss_relics":[{"not_picked":["Fusion Hammer","Honey Jar"],"picked":"rorgmod:Crimson Lotus"}],"items_purged_floors":[],"is_endless":false,"potions_floor_spawned":[3,11,14,16,19],"killed_by":"Shelled Parasite and Fungi","ascension_level":0}}