{"host":"qfskrnw3pl1q86j0","time":1609859540,"event":{"mods":["BaseMod","Block Reminder","Hermit","Marisa????????","Minty Spire (QoL Compilation)","Quick Restart","Random Character Button","Relic Stats","StSLib","The Poker Player","slay the spire mod where everything is the same but ironclad has a cowboy hat"],"gold_per_floor":[111,111,128,128,128,128,148,148,172,172,211,211,226,259,259,385,385,408,429,429,429,261,261,300,300,349,389,432,450,450,466,466,586,586,606,627,527,550,565,565,565,580,604,635,635,635,649,680,680,680],"floor_reached":51,"playtime":1629,"items_purged":["Weave","Defend_P"],"score":828,"play_id":"9f188dc2-6989-4fd9-8fc6-80e7ee36fffe","local_time":"20210105161220","is_ascension_mode":false,"campfire_choices":[{"data":"Eruption","floor":6,"key":"SMITH"},{"data":"WindmillStrike","floor":8,"key":"SMITH"},{"data":"Consecrate","floor":10,"key":"SMITH"},{"data":"Vigilance","floor":15,"key":"SMITH"},{"data":"Blasphemy","floor":23,"key":"SMITH"},{"data":"SandsOfTime","floor":25,"key":"SMITH"},{"data":"Evaluate","floor":30,"key":"SMITH"},{"data":"Evaluate","floor":32,"key":"SMITH"},{"data":"Vault","floor":40,"key":"SMITH"},{"data":"Protect","floor":41,"key":"SMITH"},{"data":"FollowUp","floor":46,"key":"SMITH"},{"data":"MentalFortress","floor":49,"key":"SMITH"}],"circlet_count":0,"master_deck":["Strike_P","Strike_P","Defend_P","Defend_P","Defend_P","Eruption+1","Vigilance+1","Protect+1","Consecrate+1","WindmillStrike+1","FollowUp+1","Evaluate+1","SandsOfTime+1","Blasphemy+1","Evaluate+1","MentalFortress+1","Flash of Steel","Tantrum","EmptyFist+1","EmptyBody+1","FlurryOfBlows+1","Vault+1","Halt+1","FollowUp+1","Perseverance+1","Doubt"],"relics":["PureWater","WingedGreaves","Vajra","Golden Idol","Toy Ornithopter","Oddly Smooth Stone","PreservedInsect","Centennial Puzzle","SlaversCollar","Anchor","Lantern","Prayer Wheel","Red Mask","Runic Pyramid","Smiling Mask","Bag of Marbles","Regal Pillow"],"acts_visited":["Exordium","TheCity","TheBeyond"],"potions_floor_usage":[11,24,24,28,33,33,38,48,50,50],"damage_taken":[{"damage":0,"enemies":"Cultist","floor":1,"turns":2},{"damage":1,"enemies":"Jaw Worm","floor":3,"turns":3},{"damage":0,"enemies":"2 Louse","floor":7,"turns":2},{"damage":14,"enemies":"Gremlin Nob","floor":11,"turns":3},{"damage":3,"enemies":"Exordium Wildlife","floor":13,"turns":4},{"damage":0,"enemies":"3 Sentries","floor":14,"turns":3},{"damage":24,"enemies":"Hexaghost","floor":16,"turns":6},{"damage":5,"enemies":"Shell Parasite","floor":18,"turns":4},{"damage":0,"enemies":"Chosen","floor":19,"turns":4},{"damage":1,"enemies":"Slavers","floor":24,"turns":2},{"damage":0,"enemies":"Book of Stabbing","floor":27,"turns":2},{"damage":0,"enemies":"Masked Bandits","floor":28,"turns":2},{"damage":2,"enemies":"Snecko","floor":29,"turns":3},{"damage":6,"enemies":"Cultist and Chosen","floor":31,"turns":3},{"damage":51,"enemies":"Collector","floor":33,"turns":6},{"damage":0,"enemies":"3 Darklings","floor":35,"turns":4},{"damage":0,"enemies":"3 Shapes","floor":36,"turns":4},{"damage":0,"enemies":"Maw","floor":38,"turns":5},{"damage":30,"enemies":"3 Darklings","floor":39,"turns":5},{"damage":0,"enemies":"4 Shapes","floor":42,"turns":5},{"damage":7,"enemies":"Nemesis","floor":44,"turns":4},{"damage":0,"enemies":"Sphere and 2 Shapes","floor":47,"turns":3},{"damage":4,"enemies":"Reptomancer","floor":48,"turns":3},{"damage":18,"enemies":"Donu and Deca","floor":50,"turns":10}],"seed_played":"7869171984099316707","potions_obtained":[{"floor":3,"key":"DuplicationPotion"},{"floor":7,"key":"Fire Potion"},{"floor":14,"key":"Fire Potion"},{"floor":18,"key":"DuplicationPotion"},{"floor":29,"key":"Regen Potion"},{"floor":31,"key":"Ancient Potion"},{"floor":33,"key":"SteroidPotion"},{"floor":35,"key":"SkillPotion"},{"floor":39,"key":"Energy Potion"},{"floor":47,"key":"DuplicationPotion"}],"is_trial":false,"path_per_floor":["M","T","M","?","?","R","M","R","T","R","E","?","M","E","R","B",null,"M","M","?","?","$","R","E","R","T","E","?","M","R","M","R","B",null,"M","M","$","M","M","R","R","M","T","E","?","R","M","E","R","B",null],"character_chosen":"WATCHER","items_purchased":["Flash of Steel"],"campfire_rested":0,"item_purchase_floors":[22],"current_hp_per_floor":[65,65,64,64,60,60,60,60,60,60,51,51,48,48,48,24,60,55,55,55,55,55,55,59,59,59,59,60,58,58,52,52,18,60,60,60,60,60,30,30,30,30,30,23,60,60,60,60,60,45],"gold":680,"neow_bonus":"ONE_RARE_RELIC","is_daily":false,"chose_seed":false,"campfire_upgraded":12,"win_rate":0.0,"timestamp":1609859540,"path_taken":["M","?","M","?","?","R","M","R","T","R","E","?","M","E","R","BOSS","M","M","?","?","$","R","E","R","T","E","?","M","R","?","R","BOSS","M","M","$","M","M","R","R","M","T","E","?","R","M","E","R","BOSS"],"items_purchased_type":["Card"],"build_version":"2020-12-22","purchased_purges":2,"victory":true,"max_hp_per_floor":[65,65,65,65,60,60,60,60,60,60,60,60,60,60,60,60,60,60,60,60,60,60,60,60,60,60,60,60,60,60,60,60,60,60,60,60,60,60,60,60,60,60,60,60,60,60,60,60,60,60],"relic_stats":{"Centennial Puzzle":[30],"Regal Pillow":0,"counters":[24,92],"Golden Idol":172,"Prayer Wheel":8,"PreservedInsect":218,"Smiling Mask":0,"obtain_stats":[{"Lantern":26,"Regal Pillow":48,"Golden Idol":5,"Vajra":2,"Oddly Smooth Stone":11,"PreservedInsect":12,"Smiling Mask":43,"SlaversCollar":17,"Centennial Puzzle":14,"Anchor":24,"Prayer Wheel":27,"WingedGreaves":0,"Red Mask":28,"Bag of Marbles":44,"PureWater":0,"Toy Ornithopter":9,"Runic Pyramid":34},{"Lantern":10,"Regal Pillow":23,"Golden Idol":2,"Vajra":1,"Oddly Smooth Stone":4,"PreservedInsect":4,"Smiling Mask":20,"SlaversCollar":7,"Centennial Puzzle":6,"Anchor":10,"Prayer Wheel":11,"WingedGreaves":0,"Red Mask":12,"Bag of Marbles":21,"PureWater":0,"Toy Ornithopter":3,"Runic Pyramid":15},{"Lantern":33,"Regal Pillow":82,"Golden Idol":5,"Vajra":2,"Oddly Smooth Stone":10,"PreservedInsect":10,"Smiling Mask":72,"SlaversCollar":23,"Centennial Puzzle":17,"Anchor":33,"Prayer Wheel":35,"WingedGreaves":0,"Red Mask":37,"Bag of Marbles":76,"PureWater":0,"Toy Ornithopter":7,"Runic Pyramid":49}],"Toy Ornithopter":26},"card_choices":[{"not_picked":["CrushJoints","Prostrate"],"picked":"Protect","floor":1},{"not_picked":["WreathOfFlame","FlyingSleeves"],"picked":"Consecrate","floor":3},{"not_picked":["WreathOfFlame","Protect"],"picked":"WindmillStrike","floor":7},{"not_picked":["Protect","Collect"],"picked":"FollowUp","floor":11},{"not_picked":["Indignation","FearNoEvil"],"picked":"Evaluate","floor":13},{"not_picked":["WaveOfTheHand","ClearTheMind"],"picked":"SandsOfTime","floor":14},{"not_picked":["Brilliance","LessonLearned"],"picked":"Blasphemy","floor":16},{"not_picked":["CutThroughFate","EmptyFist"],"picked":"Evaluate","floor":18},{"not_picked":["Evaluate","Tantrum","ClearTheMind"],"picked":"SKIP","floor":19},{"not_picked":["EmptyBody","Halt"],"picked":"Tantrum","floor":24},{"not_picked":["FollowUp","Establishment"],"picked":"EmptyFist+1","floor":27},{"not_picked":["Crescendo","BowlingBash","Prostrate"],"picked":"SKIP","floor":29},{"not_picked":["FlurryOfBlows+1","Judgement","PathToVictory+1"],"picked":"SKIP","floor":29},{"not_picked":["BowlingBash","Crescendo"],"picked":"EmptyBody+1","floor":31},{"not_picked":["Evaluate+1","Pray"],"picked":"FlurryOfBlows+1","floor":31},{"not_picked":["SpiritShield","Alpha"],"picked":"Vault","floor":33},{"not_picked":["PathToVictory","SandsOfTime"],"picked":"Halt+1","floor":35},{"not_picked":["Evaluate+1","ThirdEye+1","Collect+1"],"picked":"SKIP","floor":35},{"not_picked":["WaveOfTheHand","ThirdEye","ClearTheMind+1"],"picked":"SKIP","floor":36},{"not_picked":["Devotion","Study+1","FollowUp+1"],"picked":"SKIP","floor":36},{"not_picked":["Devotion","Study+1"],"picked":"FollowUp+1","floor":36},{"not_picked":["WaveOfTheHand","ThirdEye","ClearTheMind+1"],"picked":"SKIP","floor":36},{"not_picked":["PathToVictory+1","Crescendo","FlyingSleeves"],"picked":"SKIP","floor":38},{"not_picked":["FlurryOfBlows","EmptyFist","Vengeance+1"],"picked":"SKIP","floor":38},{"not_picked":["Crescendo","Conclude+1","SashWhip"],"picked":"SKIP","floor":39},{"not_picked":["SignatureMove+1","FearNoEvil","ClearTheMind+1"],"picked":"SKIP","floor":39},{"not_picked":["TalkToTheHand","Pray+1"],"picked":"Perseverance+1","floor":42},{"not_picked":["ClearTheMind","Weave","EmptyFist+1"],"picked":"SKIP","floor":42},{"not_picked":["ClearTheMind","Weave","EmptyFist+1"],"picked":"SKIP","floor":42},{"not_picked":["Tantrum","EmptyFist+1","Crescendo+1"],"picked":"SKIP","floor":44},{"not_picked":["ClearTheMind","EmptyFist","JustLucky+1"],"picked":"SKIP","floor":47},{"not_picked":["WindmillStrike","PathToVictory+1","Prostrate"],"picked":"SKIP","floor":47},{"not_picked":["BowlingBash","EmptyBody","JustLucky"],"picked":"SKIP","floor":48}],"player_experience":920875,"relics_obtained":[{"floor":2,"key":"Vajra"},{"floor":9,"key":"Toy Ornithopter"},{"floor":11,"key":"Oddly Smooth Stone"},{"floor":14,"key":"Centennial Puzzle"},{"floor":24,"key":"Anchor"},{"floor":26,"key":"Lantern"},{"floor":27,"key":"Prayer Wheel"},{"floor":28,"key":"Red Mask"},{"floor":43,"key":"Smiling Mask"},{"floor":44,"key":"Bag of Marbles"},{"floor":48,"key":"Regal Pillow"}],"event_choices":[{"damage_healed":0,"gold_gain":0,"player_choice":"Ignored","damage_taken":0,"max_hp_gain":0,"max_hp_loss":0,"event_name":"Liars Game","floor":4,"gold_loss":0},{"damage_healed":0,"gold_gain":0,"player_choice":"Lose Max HP","damage_taken":0,"relics_obtained":["Golden Idol"],"max_hp_gain":0,"max_hp_loss":5,"event_name":"Golden Idol","floor":5,"gold_loss":0},{"damage_healed":0,"gold_gain":0,"player_choice":"Searched \u00271\u0027 times","damage_taken":0,"relics_obtained":["PreservedInsect"],"max_hp_gain":0,"max_hp_loss":0,"event_name":"Dead Adventurer","floor":12,"gold_loss":0},{"damage_healed":0,"gold_gain":0,"player_choice":"Ignored","damage_taken":0,"max_hp_gain":0,"max_hp_loss":0,"event_name":"Ghosts","floor":20,"gold_loss":0},{"damage_healed":0,"gold_gain":0,"cards_transformed":["Strike_P","Strike_P"],"player_choice":"Became Test Subject","damage_taken":0,"max_hp_gain":0,"max_hp_loss":0,"event_name":"Drug Dealer","floor":21,"gold_loss":0,"cards_obtained":["Weave","MentalFortress"]},{"damage_healed":0,"gold_gain":0,"player_choice":"Fought Bandits","damage_taken":0,"max_hp_gain":0,"max_hp_loss":0,"event_name":"Masked Bandits","floor":28,"gold_loss":0},{"damage_healed":37,"gold_gain":0,"player_choice":"Heal","damage_taken":0,"max_hp_gain":0,"max_hp_loss":0,"event_name":"MindBloom","floor":45,"gold_loss":0,"cards_obtained":["Doubt"]}],"is_beta":false,"boss_relics":[{"not_picked":["Calling Bell","Pandora\u0027s Box"],"picked":"SlaversCollar"},{"not_picked":["Fusion Hammer","Snecko Eye"],"picked":"Runic Pyramid"}],"items_purged_floors":[22,37],"is_endless":false,"potions_floor_spawned":[3,7,14,18,29,31,33,35,39,47],"ascension_level":0}}