{"host":"jpcy2bclvs7juczu","time":1609843997,"event":{"mods":["AchievementEnabler","Alarm Clock","BaseMod","Block Reminder","Colored Map","Colored Powertips","Curses Come First","Minty Spire (QoL Compilation)","Quick Restart","RNG Fix","Relic Stats","StSLib","ojb\u0027s Better Paths Mod","ojb\u0027s Info Mod","slay the spire mod where everything is the same but ironclad has a cowboy hat"],"gold_per_floor":[119,137,151,171,171,171,171,215,240,273,320,320,47,68,68,68,68],"floor_reached":16,"playtime":739,"items_purged":[],"score":224,"play_id":"2c042f7f-3e43-4eac-982f-4baaf39983a3","local_time":"20210105105317","is_ascension_mode":true,"campfire_choices":[{"data":"Wild Strike","floor":6.0,"key":"SMITH"},{"data":"Immolate","floor":12.0,"key":"SMITH"},{"data":"Armaments","floor":15.0,"key":"SMITH"}],"circlet_count":0,"master_deck":["AscendersBane","Strike_R","Strike_R","Strike_R","Strike_R","Strike_R","Defend_R","Defend_R","Defend_R","Defend_R","Bash","Disarm","Feel No Pain","Wild Strike+1","Sever Soul","Perfected Strike","Immolate+1","Armaments+1"],"relics":["Burning Blood","NeowsBlessing","Golden Idol","CeramicFish","Strawberry","Bronze Scales"],"acts_visited":[],"potions_floor_usage":[16],"damage_taken":[{"damage":0.0,"enemies":"Jaw Worm","floor":1.0,"turns":1.0},{"damage":0.0,"enemies":"2 Louse","floor":2.0,"turns":1.0},{"damage":0.0,"enemies":"Small Slimes","floor":3.0,"turns":1.0},{"damage":10.0,"enemies":"3 Louse","floor":4.0,"turns":6.0},{"damage":41.0,"enemies":"Gremlin Nob","floor":8.0,"turns":5.0},{"damage":18.0,"enemies":"Large Slime","floor":10.0,"turns":7.0},{"damage":19.0,"enemies":"3 Sentries","floor":11.0,"turns":8.0},{"damage":8.0,"enemies":"Looter","floor":14.0,"turns":2.0},{"damage":16,"enemies":"Hexaghost","floor":16,"turns":8}],"seed_played":"-6196245185676736348","potions_obtained":[{"floor":2.0,"key":"Weak Potion"},{"floor":3.0,"key":"Block Potion"},{"floor":4.0,"key":"LiquidBronze"},{"floor":8.0,"key":"LiquidBronze"},{"floor":14.0,"key":"Ancient Potion"}],"is_trial":false,"path_per_floor":["M","M","M","M","?","R","?","E","T","M","E","R","$","M","R","B"],"character_chosen":"IRONCLAD","items_purchased":["Bronze Scales","PowerPotion","Armaments"],"campfire_rested":0,"item_purchase_floors":[13,13,13],"current_hp_per_floor":[74,75,75,71,68,68,68,33,33,21,15,15,15,13,13,0,0],"gold":68,"neow_bonus":"THREE_ENEMY_KILL","is_daily":false,"chose_seed":false,"campfire_upgraded":3,"win_rate":0.0,"timestamp":1609843997,"path_taken":["M","M","M","M","?","R","?","E","T","?","E","R","$","M","R","BOSS"],"items_purchased_type":["Relic","Potion","Card"],"build_version":"2020-12-22","purchased_purges":0,"victory":false,"max_hp_per_floor":[75,75,75,75,68,68,68,68,68,68,75,75,75,75,75,75,75],"relic_stats":{"counters":[9,39],"Golden Idol":24,"CeramicFish":36,"Bronze Scales":[39],"obtain_stats":[{"NeowsBlessing":0,"Golden Idol":5,"CeramicFish":8,"Strawberry":11,"Bronze Scales":13,"Burning Blood":0},{"NeowsBlessing":0,"Golden Idol":4,"CeramicFish":5,"Strawberry":7,"Bronze Scales":7,"Burning Blood":0},{"NeowsBlessing":0,"Golden Idol":9,"CeramicFish":14,"Strawberry":29,"Bronze Scales":29,"Burning Blood":0}],"Burning Blood":37},"card_choices":[{"not_picked":["Wild Strike","Heavy Blade"],"picked":"Disarm","floor":1.0},{"not_picked":["Infernal Blade","True Grit","Armaments"],"picked":"SKIP","floor":2.0},{"not_picked":["Searing Blow","Sever Soul"],"picked":"Feel No Pain","floor":3.0},{"not_picked":["Pommel Strike","Shockwave"],"picked":"Wild Strike","floor":4.0},{"not_picked":["Limit Break","Clash"],"picked":"Sever Soul","floor":8.0},{"not_picked":["Sentinel","Heavy Blade"],"picked":"Perfected Strike","floor":10.0},{"not_picked":["Flex","Body Slam"],"picked":"Immolate","floor":11.0},{"not_picked":["Sentinel","Bloodletting","Flex"],"picked":"SKIP","floor":14.0}],"player_experience":365247,"relics_obtained":[{"floor":8.0,"key":"CeramicFish"},{"floor":11.0,"key":"Strawberry"}],"event_choices":[{"damage_healed":0.0,"max_hp_gain":0.0,"max_hp_loss":7.0,"gold_gain":0.0,"event_name":"Golden Idol","player_choice":"Lose Max HP","floor":5.0,"gold_loss":0.0,"damage_taken":0.0,"relics_obtained":["Golden Idol"]},{"damage_healed":0.0,"max_hp_gain":0.0,"max_hp_loss":0.0,"gold_gain":0.0,"event_name":"Liars Game","player_choice":"Ignored","floor":7.0,"gold_loss":0.0,"damage_taken":0.0}],"is_beta":false,"boss_relics":[],"items_purged_floors":[],"is_endless":false,"potions_floor_spawned":[2,3,4,8,14],"killed_by":"Hexaghost","ascension_level":20}}