{"host":"3498uni0c31c9bdm","time":1609862827,"event":{"mods":["BaseMod","Better Third Choice","Minty Spire (QoL Compilation)","Replay The Spire","StSLib"],"gold_per_floor":[119,44,44,44,64,64,105,129,154,195,195,195,210,225,225,225,225],"floor_reached":16,"playtime":878,"items_purged":["Regret"],"score":149,"play_id":"3b1abc37-9314-432a-bcde-e474723a7107","local_time":"20210106030707","is_ascension_mode":true,"campfire_choices":[{"floor":6,"key":"RECALL"},{"floor":15,"key":"REST"}],"circlet_count":0,"master_deck":["Strike_R","Strike_R","Strike_R","Strike_R","Strike_R","Defend_R","Defend_R","Defend_R","Defend_R","Bash","Armaments+1","Injury","Replay:Undeath\u0027s Touch","Shockwave","Flex","Armaments","Replay:Undeath\u0027s Touch","Flex"],"relics":["Burning Blood","Lantern","Golden Idol","ReplayTheSpireMod:Ring of Addiction","White Beast Statue","SacredBark","Ring of Panic","Ice Cream","Turnip"],"acts_visited":["Exordium"],"potions_floor_usage":[7,7,10,13,16,16],"damage_taken":[{"damage":7,"enemies":"Jaw Worm","floor":1,"turns":4},{"damage":11,"enemies":"2 Louse","floor":5,"turns":4},{"damage":15,"enemies":"3 Sentries","floor":7,"turns":10},{"damage":3,"enemies":"Small Slimes","floor":8,"turns":4},{"damage":10,"enemies":"Lagavulin","floor":10,"turns":5},{"damage":4,"enemies":"2 Fungi Beasts","floor":13,"turns":3},{"damage":27,"enemies":"Lots of Slimes","floor":14,"turns":7},{"damage":80,"enemies":"Fading Forest","floor":16,"turns":11}],"seed_played":"-3347358287095719230","potions_obtained":[{"floor":1,"key":"DistilledChaos"},{"floor":4,"key":"DistilledChaos"},{"floor":4,"key":"BloodPotion"},{"floor":4,"key":"ColorlessPotion"},{"floor":7,"key":"SkillPotion"},{"floor":8,"key":"DuplicationPotion"},{"floor":10,"key":"HeartOfIron"},{"floor":13,"key":"AttackPotion"}],"is_trial":false,"path_per_floor":["M","$","?","?","M","R","E","M","T","E","?","?","M","M","R","B"],"character_chosen":"IRONCLAD","items_purchased":[],"campfire_rested":1,"item_purchase_floors":[],"current_hp_per_floor":[71,71,71,71,66,66,57,60,60,56,56,56,74,53,77,0,0],"gold":225,"neow_bonus":"RANDOM_EVENT","is_daily":false,"chose_seed":false,"campfire_upgraded":0,"win_rate":0.0,"timestamp":1609862827,"path_taken":["M","$","?","?","M","R","E","M","T","E","?","?","?","M","R","BOSS"],"items_purchased_type":[],"build_version":"2020-12-22","purchased_purges":1,"victory":false,"max_hp_per_floor":[80,80,80,80,80,80,80,80,80,80,80,80,80,80,80,80,80],"card_choices":[{"not_picked":["Inflame","Flex"],"picked":"Armaments","floor":1},{"not_picked":["ReplayTheSpireMod:Strike From Hell","Run Through"],"picked":"Replay:Undeath\u0027s Touch","floor":5},{"not_picked":["Brutality","Thunderclap"],"picked":"Shockwave","floor":7},{"not_picked":["Thunderclap","Sword Boomerang"],"picked":"Flex","floor":8},{"not_picked":["Heavy Blade","Flex"],"picked":"Armaments","floor":10},{"not_picked":["Thunderclap","True Grit"],"picked":"Replay:Undeath\u0027s Touch","floor":13},{"not_picked":["Dark Embrace","Shrug It Off"],"picked":"Flex","floor":14}],"player_experience":658354,"relics_obtained":[{"floor":4,"key":"ReplayTheSpireMod:Ring of Addiction"},{"floor":4,"key":"White Beast Statue"},{"floor":4,"key":"SacredBark"},{"floor":4,"key":"Ring of Panic"},{"floor":7,"key":"Ice Cream"},{"floor":10,"key":"Turnip"}],"event_choices":[{"damage_healed":0,"gold_gain":0,"player_choice":"Box","damage_taken":0,"relics_obtained":["Lantern"],"max_hp_gain":0,"max_hp_loss":0,"event_name":"Big Fish","floor":0,"gold_loss":0,"cards_obtained":["Regret"]},{"damage_healed":0,"gold_gain":0,"player_choice":"Take Wound","damage_taken":0,"relics_obtained":["Golden Idol"],"max_hp_gain":0,"max_hp_loss":0,"event_name":"Golden Idol","floor":3,"gold_loss":0,"cards_obtained":["Injury"]},{"damage_healed":0,"gold_gain":0,"player_choice":"Ignored","damage_taken":0,"max_hp_gain":0,"max_hp_loss":0,"event_name":"Fountain of Cleansing","floor":12,"gold_loss":0}],"is_beta":false,"boss_relics":[],"items_purged_floors":[2],"is_endless":false,"potions_floor_spawned":[1,5,7,8,10,13,14],"killed_by":"Fading Forest","ascension_level":7}}