{"host":"Ian","time":1609888050,"event":{"mods":["BaseMod","Bestiary","Block Reminder","Colored Map","Highlight Path","Key Reminder","Minty Spire (QoL Compilation)","Relic Stats"],"gold_per_floor":[114,129,148,148,163,163,195,195,249,276,286,304,314,333,333,406,406,383,393,156,167,6,6,39,39,39,39,57,357,373,373,373,447,447,466,481,8,8,19,19,32,57,81,81,91,106,106,26,26,26,26,26,26,26,51,51,51],"floor_reached":56,"playtime":2775,"items_purged":["Strike_R","Strike_R"],"score":1951,"play_id":"4bd2a0fb-9e04-443b-bc11-2c1cbaaa066d","local_time":"20210105230730","is_ascension_mode":true,"campfire_choices":[{"floor":6.0,"key":"REST"},{"floor":8.0,"key":"REST"},{"data":"True Grit","floor":15.0,"key":"SMITH"},{"data":"Immolate","floor":23.0,"key":"SMITH"},{"data":"Fire Breathing","floor":25.0,"key":"SMITH"},{"data":"Combust","floor":27.0,"key":"SMITH"},{"data":"Fire Breathing","floor":32.0,"key":"SMITH"},{"floor":40.0,"key":"REST"},{"floor":44,"key":"REST"},{"floor":47,"key":"REST"},{"floor":49,"key":"RECALL"},{"floor":53,"key":"REST"}],"circlet_count":0,"master_deck":["AscendersBane","Strike_R","Defend_R","Defend_R","Defend_R","Defend_R","Bash","CurseOfTheBell","Burning Pact","Combust+1","Armaments","Fire Breathing+1","True Grit+1","Wild Strike","Power Through","Immolate+1","Reckless Charge","Disarm","Feel No Pain","Shrug It Off","Offering","Sever Soul+1","Shame","Evolve","Fire Breathing+1","Brutality","Corruption","Barricade","Dark Embrace","Rupture","Flame Barrier","Battle Trance","Apotheosis","Writhe","Power Through","Reaper","Entrench","Juggernaut"],"relics":["Calling Bell","Dream Catcher","Mercury Hourglass","Prayer Wheel","Singing Bowl","Potion Belt","Toy Ornithopter","Runic Dome","Bag of Preparation","PreservedInsect","Blue Candle","Mummified Hand","Old Coin","SlaversCollar","Bottled Tornado","The Courier","Bag of Marbles"],"acts_visited":["Exordium","TheCity","TheBeyond","TheEnding"],"potions_floor_usage":[50,51],"damage_taken":[{"damage":6.0,"enemies":"2 Louse","floor":1.0,"turns":2.0},{"damage":15.0,"enemies":"Jaw Worm","floor":2.0,"turns":4.0},{"damage":4.0,"enemies":"Small Slimes","floor":3.0,"turns":3.0},{"damage":25.0,"enemies":"Exordium Wildlife","floor":5.0,"turns":4.0},{"damage":24.0,"enemies":"Lagavulin","floor":7.0,"turns":8.0},{"damage":0.0,"enemies":"3 Sentries","floor":10.0,"turns":2.0},{"damage":1.0,"enemies":"3 Louse","floor":11.0,"turns":2.0},{"damage":0.0,"enemies":"2 Fungi Beasts","floor":12.0,"turns":2.0},{"damage":1.0,"enemies":"Red Slaver","floor":13.0,"turns":3.0},{"damage":7.0,"enemies":"Large Slime","floor":14.0,"turns":3.0},{"damage":10.0,"enemies":"The Guardian","floor":16.0,"turns":13.0},{"damage":22.0,"enemies":"2 Thieves","floor":18.0,"turns":4.0},{"damage":0.0,"enemies":"Chosen","floor":19.0,"turns":3.0},{"damage":1.0,"enemies":"Centurion and Healer","floor":21.0,"turns":6.0},{"damage":8.0,"enemies":"Gremlin Leader","floor":24.0,"turns":4.0},{"damage":6.0,"enemies":"Snake Plant","floor":28.0,"turns":2.0},{"damage":27.0,"enemies":"Shelled Parasite and Fungi","floor":30.0,"turns":5.0},{"damage":55.0,"enemies":"Collector","floor":33.0,"turns":7.0},{"damage":10.0,"enemies":"3 Darklings","floor":35.0,"turns":4.0},{"damage":32.0,"enemies":"Orb Walker","floor":36.0,"turns":4.0},{"damage":48.0,"enemies":"3 Darklings","floor":39.0,"turns":4.0},{"damage":29,"enemies":"Transient","floor":41,"turns":6},{"damage":15,"enemies":"Nemesis","floor":42,"turns":5},{"damage":17,"enemies":"4 Shapes","floor":45,"turns":5},{"damage":7,"enemies":"Maw","floor":46,"turns":6},{"damage":47,"enemies":"Awakened One","floor":50,"turns":7},{"damage":35,"enemies":"Time Eater","floor":51,"turns":7},{"damage":63,"enemies":"Shield and Spear","floor":55,"turns":5},{"damage":71,"enemies":"The Heart","floor":56,"turns":3}],"seed_played":"-101247812665839399","potions_obtained":[{"floor":3.0,"key":"Fire Potion"},{"floor":7.0,"key":"DuplicationPotion"},{"floor":11.0,"key":"Fire Potion"},{"floor":12.0,"key":"Regen Potion"},{"floor":13.0,"key":"SteroidPotion"},{"floor":18.0,"key":"Block Potion"},{"floor":19.0,"key":"Energy Potion"},{"floor":39.0,"key":"Ancient Potion"},{"floor":46,"key":"GamblersBrew"}],"is_trial":false,"path_per_floor":["M","M","M","?","M","R","E","R","T","E","M","M","M","M","R","B",null,"M","M","$","M","$","R","E","R","T","R","M","?","M","?","R","B",null,"M","M","$","?","M","R","M","E","T","R","M","M","R","$","R","B","B",null,"R","$","E","B"],"character_chosen":"IRONCLAD","items_purchased":["Bag of Preparation","PreservedInsect","Bottled Tornado","Apotheosis"],"campfire_rested":6,"item_purchase_floors":[20,22,37,37],"current_hp_per_floor":[62,47,43,43,18,40,18,41,41,41,44,46,49,46,46,41,79,61,68,68,71,71,71,65,65,65,65,63,63,36,36,36,11,83,73,41,41,62,16,50,25,10,10,44,31,28,64,64,64,29,3,93,125,125,70,0,0],"gold":51,"neow_bonus":"BOSS_RELIC","is_daily":false,"chose_seed":false,"campfire_upgraded":5,"win_rate":0.0,"timestamp":1609888050,"path_taken":["M","M","M","?","M","R","E","R","T","E","M","M","M","M","R","BOSS","M","M","$","M","$","R","E","R","T","R","M","?","M","?","R","BOSS","M","M","$","?","M","R","M","E","T","R","M","M","R","$","R","BOSS","BOSS","R","$","E","BOSS"],"items_purchased_type":["Relic","Relic","Relic","Card"],"build_version":"2020-12-18","purchased_purges":2,"victory":false,"max_hp_per_floor":[75,75,75,75,75,75,77,77,77,77,81,83,87,91,91,91,91,95,97,97,101,101,101,103,103,103,103,107,107,107,107,107,107,107,107,107,107,107,109,111,115,115,115,115,119,123,123,123,123,123,123,123,125,125,127,127,127],"relic_stats":{"Dream Catcher":6,"Singing Bowl":52,"counters":[29,132],"Mummified Hand":[114],"Blue Candle":[13],"Prayer Wheel":19,"PreservedInsect":173,"Bag of Preparation":[32],"obtain_stats":[{"Potion Belt":9,"Singing Bowl":7,"Blue Candle":24,"PreservedInsect":22,"The Courier":42,"Bag of Preparation":20,"Bottled Tornado":37,"Burning Blood":0,"Mercury Hourglass":0,"Old Coin":29,"Calling Bell":0,"keyreminder:keyreminder":42,"Runic Dome":17,"SlaversCollar":34,"Dream Catcher":0,"Mummified Hand":26,"Prayer Wheel":0,"Bag of Marbles":55,"Toy Ornithopter":10},{"Potion Belt":5,"Singing Bowl":5,"Blue Candle":15,"PreservedInsect":14,"The Courier":23,"Bag of Preparation":13,"Bottled Tornado":20,"Burning Blood":0,"Mercury Hourglass":0,"Old Coin":16,"Calling Bell":0,"keyreminder:keyreminder":23,"Runic Dome":11,"SlaversCollar":18,"Dream Catcher":0,"Mummified Hand":15,"Prayer Wheel":0,"Bag of Marbles":28,"Toy Ornithopter":6},{"Potion Belt":21,"Singing Bowl":21,"Blue Candle":63,"PreservedInsect":59,"The Courier":99,"Bag of Preparation":53,"Bottled Tornado":85,"Burning Blood":0,"Mercury Hourglass":0,"Old Coin":65,"Calling Bell":0,"keyreminder:keyreminder":99,"Runic Dome":46,"SlaversCollar":77,"Dream Catcher":0,"Mummified Hand":63,"Prayer Wheel":0,"Bag of Marbles":129,"Toy Ornithopter":23}],"Toy Ornithopter":35,"Mercury Hourglass":[514]},"card_choices":[{"not_picked":["Thunderclap","Perfected Strike"],"picked":"Burning Pact","floor":1.0},{"not_picked":["Wild Strike","Cleave"],"picked":"Combust","floor":1.0},{"not_picked":["Juggernaut","Warcry"],"picked":"Armaments","floor":2.0},{"not_picked":["Warcry","Evolve"],"picked":"Fire Breathing","floor":2.0},{"not_picked":["Thunderclap","Headbutt"],"picked":"True Grit","floor":3.0},{"not_picked":["True Grit","Anger"],"picked":"Wild Strike","floor":3.0},{"not_picked":["Pommel Strike","Metallicize"],"picked":"Power Through","floor":5.0},{"not_picked":["True Grit","Bloodletting"],"picked":"Immolate","floor":5.0},{"not_picked":["Headbutt","Perfected Strike"],"picked":"Reckless Charge","floor":6.0},{"not_picked":["Havoc","Demon Form","Armaments"],"picked":"Singing Bowl","floor":7.0},{"not_picked":["Reckless Charge","Thunderclap"],"picked":"Disarm","floor":8.0},{"not_picked":["Warcry","Combust"],"picked":"Feel No Pain","floor":10.0},{"not_picked":["Shockwave","Dual Wield","Clash"],"picked":"Singing Bowl","floor":11.0},{"not_picked":["Clothesline","Rage","Sentinel"],"picked":"Singing Bowl","floor":11.0},{"not_picked":["Whirlwind","Immolate","Sword Boomerang"],"picked":"Singing Bowl","floor":12.0},{"not_picked":["Flex","Warcry"],"picked":"Shrug It Off","floor":12.0},{"not_picked":["Pummel","Spot Weakness","Cleave"],"picked":"Singing Bowl","floor":13.0},{"not_picked":["Armaments","Cleave","Sword Boomerang"],"picked":"Singing Bowl","floor":13.0},{"not_picked":["Armaments","Spot Weakness","Immolate"],"picked":"Singing Bowl","floor":14.0},{"not_picked":["Perfected Strike","Pommel Strike","Rampage"],"picked":"Singing Bowl","floor":14.0},{"not_picked":["Feed","Impervious"],"picked":"Offering","floor":16.0},{"not_picked":["Shrug It Off","Clothesline","Warcry"],"picked":"Singing Bowl","floor":18.0},{"not_picked":["Wild Strike","Reckless Charge","Flex"],"picked":"Singing Bowl","floor":18.0},{"not_picked":["Clash","Clothesline","Headbutt"],"picked":"Singing Bowl","floor":19.0},{"not_picked":["Combust+1","Armaments+1"],"picked":"Sever Soul+1","floor":19.0},{"not_picked":["Cleave","Clash","Anger"],"picked":"Singing Bowl","floor":21.0},{"not_picked":["Inflame","Iron Wave","Armaments"],"picked":"Singing Bowl","floor":21.0},{"not_picked":["Shrug It Off","Metallicize","Infernal Blade"],"picked":"Singing Bowl","floor":24.0},{"not_picked":["Sever Soul+1","Infernal Blade","Wild Strike"],"picked":"Singing Bowl","floor":28.0},{"not_picked":["Clash+1","Pommel Strike","Immolate"],"picked":"Singing Bowl","floor":28.0},{"not_picked":["Wild Strike","Thunderclap"],"picked":"Evolve","floor":30.0},{"not_picked":["Flex","Cleave"],"picked":"Fire Breathing","floor":30.0},{"not_picked":["Juggernaut","Impervious"],"picked":"Barricade","floor":33.0},{"not_picked":["Armaments","Shrug It Off"],"picked":"Dark Embrace","floor":35.0},{"not_picked":["Cleave+1","Blood for Blood"],"picked":"Rupture","floor":35.0},{"not_picked":["True Grit","Fire Breathing"],"picked":"Flame Barrier","floor":36.0},{"not_picked":["Evolve+1","Pummel+1"],"picked":"Battle Trance","floor":36.0},{"not_picked":["Cleave","Clothesline"],"picked":"Power Through","floor":39.0},{"not_picked":["True Grit","Anger+1","Cleave"],"picked":"Singing Bowl","floor":39.0},{"not_picked":["Clash","Carnage","Pummel"],"picked":"Singing Bowl","floor":40.0},{"not_picked":["Evolve","Headbutt","Cleave+1"],"picked":"Singing Bowl","floor":41},{"not_picked":["Anger+1","Shrug It Off","Pommel Strike"],"picked":"Singing Bowl","floor":41},{"not_picked":["Exhume","Combust"],"picked":"Reaper","floor":42},{"not_picked":["Spot Weakness","Metallicize+1"],"picked":"Entrench","floor":44},{"not_picked":["Pommel Strike+1","Shrug It Off","Flex+1"],"picked":"Singing Bowl","floor":45},{"not_picked":["Clothesline","Headbutt+1","Iron Wave"],"picked":"Singing Bowl","floor":45},{"not_picked":["Wild Strike+1","Thunderclap","Infernal Blade"],"picked":"Singing Bowl","floor":46},{"not_picked":["Flex+1","Combust","Warcry"],"picked":"Singing Bowl","floor":46},{"not_picked":["Havoc","Warcry"],"picked":"Juggernaut","floor":47},{"not_picked":["True Grit","Flex+1","Clash"],"picked":"Singing Bowl","floor":53},{"not_picked":["Warcry","Armaments","Ghostly Armor+1"],"picked":"Singing Bowl","floor":55}],"player_experience":2631122,"relics_obtained":[{"floor":0.0,"key":"Dream Catcher"},{"floor":0.0,"key":"Mercury Hourglass"},{"floor":0.0,"key":"Prayer Wheel"},{"floor":7.0,"key":"Singing Bowl"},{"floor":9.0,"key":"Potion Belt"},{"floor":10.0,"key":"Toy Ornithopter"},{"floor":24.0,"key":"Blue Candle"},{"floor":26.0,"key":"Mummified Hand"},{"floor":42,"key":"The Courier"},{"floor":55,"key":"Bag of Marbles"}],"event_choices":[{"damage_healed":0.0,"max_hp_gain":0.0,"max_hp_loss":0.0,"gold_gain":0.0,"event_name":"Scrap Ooze","player_choice":"Fled","floor":4.0,"gold_loss":0.0,"damage_taken":0.0},{"damage_healed":0.0,"max_hp_gain":0.0,"max_hp_loss":0.0,"gold_gain":0.0,"event_name":"Addict","player_choice":"Stole Relic","floor":29.0,"gold_loss":0.0,"damage_taken":0.0,"relics_obtained":["Old Coin"],"cards_obtained":["Shame"]},{"damage_healed":0.0,"max_hp_gain":0.0,"max_hp_loss":0.0,"gold_gain":0.0,"cards_transformed":["Strike_R","Strike_R"],"event_name":"Drug Dealer","player_choice":"Became Test Subject","floor":31.0,"gold_loss":0.0,"damage_taken":0.0,"cards_obtained":["Brutality","Corruption"]},{"damage_healed":21.0,"max_hp_gain":0.0,"max_hp_loss":0.0,"gold_gain":0.0,"event_name":"Winding Halls","player_choice":"Writhe","floor":38.0,"gold_loss":0.0,"damage_taken":0.0,"cards_obtained":["Writhe"]}],"is_beta":true,"boss_relics":[{"not_picked":["Empty Cage","Astrolabe"],"picked":"Runic Dome"},{"not_picked":["Tiny House","Fusion Hammer"],"picked":"SlaversCollar"}],"items_purged_floors":[20,48],"is_endless":false,"potions_floor_spawned":[3,7,11,12,13,18,19,21,24,39,46],"killed_by":"The Heart","ascension_level":20}}