{"host":"dgf4n6lo35jtjz0c","time":1609830428,"event":{"mods":["AchievementEnabler","BaseMod","Bestiary","Colored Powertips","Minty Spire (QoL Compilation)"],"gold_per_floor":[119,119,135,135,145,145,163,163,188,95,95,95,114,134,134,230,230,249,249,268,300,300,300,317,317,366,385,405,4,18,18,18,18,18],"floor_reached":33,"playtime":1993,"items_purged":[],"score":314,"play_id":"7c299ff9-fde4-4b32-acaf-f5423428846f","local_time":"20210105180708","is_ascension_mode":false,"campfire_choices":[{"data":"Poisoned Stab","floor":6,"key":"SMITH"},{"data":"Neutralize","floor":8,"key":"SMITH"},{"data":"Dodge and Roll","floor":12,"key":"SMITH"},{"data":"Leg Sweep","floor":15,"key":"SMITH"},{"data":"Corpse Explosion","floor":23,"key":"SMITH"},{"floor":32,"key":"REST"}],"circlet_count":0,"master_deck":["Survivor","Neutralize+1","Blur","Poisoned Stab+1","Backflip","Deflect","Leg Sweep+1","Dodge and Roll+1","Regret","Escape Plan","Corpse Explosion","Reflex","Prepared","Flechettes","Doppelganger","Envenom","Backflip","Malaise","Backflip","Tactician","All Out Attack","Crippling Poison","Corpse Explosion+1","Catalyst","Blur+1","Bite","Bite","Bite","Bite","Bite","Noxious Fumes","Blur","Apotheosis","Enlightenment","Slice+1"],"relics":["Runic Dome","Snake Skull","Orichalcum","Pandora\u0027s Box","Red Mask","Ancient Tea Set","Pen Nib","Anchor"],"acts_visited":["Exordium","TheCity"],"potions_floor_usage":[16,16,16,21,33,33,33],"damage_taken":[{"damage":0,"enemies":"Small Slimes","floor":1,"turns":5},{"damage":2,"enemies":"Cultist","floor":3,"turns":5},{"damage":0,"enemies":"2 Louse","floor":5,"turns":3},{"damage":9,"enemies":"Blue Slaver","floor":7,"turns":2},{"damage":7,"enemies":"Exordium Wildlife","floor":13,"turns":8},{"damage":2,"enemies":"Red Slaver","floor":14,"turns":4},{"damage":43,"enemies":"Slime Boss","floor":16,"turns":19},{"damage":0,"enemies":"Shell Parasite","floor":18,"turns":6},{"damage":19,"enemies":"Chosen","floor":20,"turns":7},{"damage":19,"enemies":"Masked Bandits","floor":21,"turns":3},{"damage":3,"enemies":"Snake Plant","floor":24,"turns":5},{"damage":25,"enemies":"3 Cultists","floor":27,"turns":5},{"damage":6,"enemies":"Centurion and Healer","floor":28,"turns":6},{"damage":15,"enemies":"Shelled Parasite and Fungi","floor":30,"turns":6},{"damage":57,"enemies":"Collector","floor":33,"turns":5}],"seed_played":"-5735027541843953268","potions_obtained":[{"floor":1,"key":"Poison Potion"},{"floor":2,"key":"Strength Potion"},{"floor":2,"key":"Poison Potion"},{"floor":7,"key":"LiquidBronze"},{"floor":21,"key":"Fruit Juice"},{"floor":24,"key":"PowerPotion"},{"floor":27,"key":"Fire Potion"},{"floor":30,"key":"EssenceOfSteel"}],"is_trial":false,"path_per_floor":["M","?","M","$","M","R","M","R","T","$","?","R","M","M","R","B",null,"M","?","M","?","?","R","M","T","T","M","M","$","M","$","R","B"],"character_chosen":"THE_SILENT","items_purchased":["Leg Sweep","Dodge and Roll","Apotheosis","Enlightenment","Anchor"],"campfire_rested":1,"item_purchase_floors":[10,10,29,29,29],"current_hp_per_floor":[70,70,68,68,68,68,59,59,59,59,59,59,52,50,50,7,70,70,70,51,37,37,37,42,42,42,27,27,27,21,21,36,0,0],"gold":18,"neow_bonus":"BOSS_RELIC","is_daily":false,"chose_seed":false,"campfire_upgraded":5,"win_rate":0.0,"timestamp":1609830428,"path_taken":["M","?","M","$","M","R","M","R","T","?","?","R","M","M","R","BOSS","M","?","?","?","?","R","M","?","T","?","M","$","M","$","R","BOSS"],"items_purchased_type":["Card","Card","Card","Card","Relic"],"build_version":"2020-12-22","purchased_purges":0,"victory":false,"max_hp_per_floor":[70,70,70,70,70,70,70,70,70,70,70,70,70,70,70,70,70,70,70,70,75,52,52,52,52,52,52,52,52,52,52,52,52,52],"card_choices":[{"not_picked":["Quick Slash","Acrobatics"],"picked":"Blur","floor":1},{"not_picked":["Flying Knee","Dagger Throw"],"picked":"Poisoned Stab","floor":3},{"not_picked":["Outmaneuver","Well Laid Plans"],"picked":"Backflip","floor":5},{"not_picked":["Heel Hook","Sucker Punch"],"picked":"Deflect","floor":7},{"not_picked":["Expertise","Quick Slash","Calculated Gamble"],"picked":"SKIP","floor":13},{"not_picked":["Sucker Punch","Outmaneuver"],"picked":"Escape Plan","floor":14},{"not_picked":["After Image","Doppelganger"],"picked":"Corpse Explosion","floor":16},{"not_picked":["Sucker Punch+1","Reflex"],"picked":"Crippling Poison","floor":18},{"not_picked":["Deflect","Sucker Punch+1"],"picked":"Catalyst","floor":20},{"not_picked":["Sucker Punch","Dodge and Roll"],"picked":"Blur+1","floor":21},{"not_picked":["Deflect+1","Riddle With Holes+1"],"picked":"Noxious Fumes","floor":24},{"not_picked":["Skewer","Masterful Stab","Outmaneuver"],"picked":"SKIP","floor":27},{"not_picked":["Prepared","Finisher+1"],"picked":"Blur","floor":28},{"not_picked":["Bane","Quick Slash"],"picked":"Slice+1","floor":30}],"player_experience":66645,"relics_obtained":[{"floor":9,"key":"Snake Skull"},{"floor":21,"key":"Red Mask"},{"floor":25,"key":"Ancient Tea Set"},{"floor":26,"key":"Pen Nib"}],"event_choices":[{"damage_healed":0,"gold_gain":0,"player_choice":"Got Potions","damage_taken":0,"max_hp_gain":0,"max_hp_loss":0,"event_name":"Lab","floor":2,"gold_loss":0},{"damage_healed":0,"gold_gain":0,"player_choice":"Box","damage_taken":0,"relics_obtained":["Orichalcum"],"max_hp_gain":0,"max_hp_loss":0,"event_name":"Big Fish","floor":11,"gold_loss":0,"cards_obtained":["Regret"]},{"damage_healed":0,"gold_gain":0,"player_choice":"Copied","damage_taken":0,"max_hp_gain":0,"max_hp_loss":0,"event_name":"Duplicator","floor":19,"gold_loss":0,"cards_obtained":["Corpse Explosion"]},{"damage_healed":0,"gold_gain":0,"player_choice":"Fought Bandits","damage_taken":0,"max_hp_gain":0,"max_hp_loss":0,"event_name":"Masked Bandits","floor":21,"gold_loss":0},{"damage_healed":0,"gold_gain":0,"player_choice":"Became a vampire","damage_taken":0,"max_hp_gain":0,"max_hp_loss":23,"event_name":"Vampires","floor":22,"gold_loss":0,"cards_obtained":["Bite","Bite","Bite","Bite","Bite"]}],"is_beta":false,"boss_relics":[{"not_picked":["Astrolabe","Cursed Key"],"picked":"Pandora\u0027s Box"}],"items_purged_floors":[],"is_endless":false,"potions_floor_spawned":[1,7,21,24,27,30],"killed_by":"Collector","ascension_level":0}}