{"host":"Qube","time":1609839380,"event":{"mods":["AchievementEnabler","BaseMod","Colored Map","Colored Powertips","Minty Spire (QoL Compilation)","Quick Restart","Random Character Button","StSLib"],"gold_per_floor":[218,218,232,249,268,268,268,268,268,193,218,218,368,384,384,459,459,478,498,423,1,0,0,15,15,15,15,49,64,64,64,64],"floor_reached":31,"playtime":1181,"items_purged":[],"score":610,"play_id":"303c0b30-4da6-4ecd-8bf5-7423bd04d106","local_time":"20210105013620","is_ascension_mode":true,"campfire_choices":[{"floor":7.0,"key":"REST"},{"data":"Rainbow","floor":12.0,"key":"SMITH"},{"data":"Chaos","floor":15.0,"key":"SMITH"},{"floor":23,"key":"REST"},{"floor":25,"key":"REST"}],"circlet_count":0,"master_deck":["AscendersBane","Zap","Dualcast","Steam","Rainbow+1","Auto Shields","Coolheaded","Compile Driver","Chaos+1","White Noise","Electrodynamics","Reinforced Body","Gash","Rip and Tear","Creative AI","Chill","Leap+1","Madness","Capacitor","Leap+1"],"relics":["Cracked Core","Shuriken","FossilizedHelix","StoneCalendar","Sundial","Toxic Egg 2","MealTicket","Nloth\u0027s Gift"],"acts_visited":["Exordium","TheCity"],"potions_floor_usage":[19,28,29],"damage_taken":[{"damage":4.0,"enemies":"2 Louse","floor":1.0,"turns":3.0},{"damage":4.0,"enemies":"Cultist","floor":3.0,"turns":4.0},{"damage":5.0,"enemies":"Jaw Worm","floor":4.0,"turns":4.0},{"damage":9.0,"enemies":"Large Slime","floor":5.0,"turns":6.0},{"damage":0.0,"enemies":"Gremlin Nob","floor":6.0,"turns":2.0},{"damage":18.0,"enemies":"3 Sentries","floor":11.0,"turns":7.0},{"damage":0.0,"enemies":"2 Fungi Beasts","floor":14.0,"turns":3.0},{"damage":0.0,"enemies":"The Guardian","floor":16.0,"turns":12.0},{"damage":27.0,"enemies":"Spheric Guardian","floor":18.0,"turns":6.0},{"damage":6,"enemies":"3 Byrds","floor":19,"turns":3},{"damage":12,"enemies":"Snake Plant","floor":24,"turns":5},{"damage":33,"enemies":"Gremlin Leader","floor":28,"turns":6},{"damage":16,"enemies":"Centurion and Healer","floor":29,"turns":6},{"damage":13,"enemies":"Book of Stabbing","floor":31,"turns":4}],"seed_played":"3288725835102722461","potions_obtained":[{"floor":4.0,"key":"Fruit Juice"},{"floor":5.0,"key":"SmokeBomb"},{"floor":14.0,"key":"GamblersBrew"},{"floor":19,"key":"Strength Potion"},{"floor":28,"key":"ColorlessPotion"}],"is_trial":false,"path_per_floor":["M","?","M","M","M","E","R","?","T","?","E","R","?","M","R","B",null,"M","M","?","$","?","R","M","R","T","T","E","M","?","E"],"character_chosen":"DEFECT","items_purchased":["StoneCalendar","Madness"],"campfire_rested":3,"item_purchase_floors":[21,21],"current_hp_per_floor":[60,60,56,51,42,42,63,56,56,56,38,38,38,38,38,38,63,36,30,30,30,30,51,39,60,60,60,27,11,11,0,0],"gold":64,"neow_bonus":"HUNDRED_GOLD","is_daily":false,"chose_seed":false,"campfire_upgraded":2,"win_rate":0.0,"timestamp":1609839380,"path_taken":["M","?","M","M","?","E","R","?","T","?","E","R","?","M","R","BOSS","M","M","?","$","?","R","M","R","T","?","E","M","?","E"],"items_purchased_type":["Relic","Card"],"build_version":"2020-12-18","purchased_purges":0,"victory":false,"max_hp_per_floor":[71,71,71,71,71,71,71,71,71,71,71,71,71,71,71,71,71,71,71,71,71,71,71,71,71,71,71,71,71,71,71,71],"card_choices":[{"not_picked":["Go for the Eyes","Redo"],"picked":"Steam","floor":1.0},{"not_picked":["Gash","Redo"],"picked":"Auto Shields","floor":3.0},{"not_picked":["Turbo","Beam Cell"],"picked":"Coolheaded","floor":4.0},{"not_picked":["Self Repair","Hello World"],"picked":"Compile Driver","floor":5.0},{"not_picked":["Reboot","BootSequence"],"picked":"Chaos","floor":11.0},{"not_picked":["BootSequence","Stack"],"picked":"White Noise","floor":14.0},{"not_picked":["Thunder Strike","Seek"],"picked":"Electrodynamics","floor":16.0},{"not_picked":["Turbo","Go for the Eyes"],"picked":"Leap+1","floor":18.0},{"not_picked":["Steam Power","Compile Driver","Aggregate"],"picked":"SKIP","floor":19},{"not_picked":["Go for the Eyes","Streamline","Tempest"],"picked":"SKIP","floor":24},{"not_picked":["Aggregate+1","Beam Cell"],"picked":"Capacitor","floor":28},{"not_picked":["Go for the Eyes","Sunder"],"picked":"Leap+1","floor":29}],"player_experience":779485,"relics_obtained":[{"floor":9.0,"key":"Shuriken"},{"floor":11.0,"key":"FossilizedHelix"},{"floor":26,"key":"Sundial"},{"floor":27,"key":"Toxic Egg 2"},{"floor":28,"key":"MealTicket"}],"event_choices":[{"damage_healed":0.0,"max_hp_gain":0.0,"max_hp_loss":0.0,"gold_gain":0.0,"cards_transformed":["Defend_B"],"event_name":"Transmorgrifier","player_choice":"Transformed","floor":2.0,"gold_loss":0.0,"damage_taken":0.0,"cards_obtained":["Rainbow"]},{"cards_removed":["Strike_B"],"damage_healed":0.0,"max_hp_gain":0.0,"max_hp_loss":0.0,"gold_gain":0.0,"event_name":"Golden Wing","player_choice":"Card Removal","floor":8.0,"gold_loss":0.0,"damage_taken":7.0},{"cards_removed":["Defend_B"],"damage_healed":0.0,"max_hp_gain":0.0,"max_hp_loss":0.0,"gold_gain":0.0,"event_name":"The Cleric","player_choice":"Card Removal","floor":10.0,"gold_loss":75.0,"damage_taken":0.0},{"damage_healed":0.0,"max_hp_gain":0.0,"max_hp_loss":0.0,"gold_gain":150.0,"event_name":"Liars Game","player_choice":"AGREE","floor":13.0,"gold_loss":0.0,"damage_taken":0.0,"cards_obtained":["Doubt"]},{"cards_removed":["Doubt"],"damage_healed":0,"gold_gain":0,"player_choice":"Gave Gold","damage_taken":0,"max_hp_gain":0,"max_hp_loss":0,"event_name":"Beggar","floor":20,"gold_loss":75},{"damage_healed":0,"gold_gain":0,"player_choice":"Paid Fearfully","damage_taken":0,"max_hp_gain":0,"max_hp_loss":0,"event_name":"Masked Bandits","floor":22,"gold_loss":1},{"damage_healed":0,"gold_gain":0,"player_choice":"Traded Relic","damage_taken":0,"relics_obtained":["Nloth\u0027s Gift"],"max_hp_gain":0,"max_hp_loss":0,"event_name":"N\u0027loth","floor":30,"relics_lost":["Pandora\u0027s Box"],"gold_loss":0}],"is_beta":true,"boss_relics":[{"not_picked":["Sozu","Busted Crown"],"picked":"Pandora\u0027s Box"}],"items_purged_floors":[],"is_endless":false,"potions_floor_spawned":[4,5,14,19,28],"killed_by":"Book of Stabbing","ascension_level":19}}