{"host":"uxx7prhn9zlu6i2v","time":1609887595,"event":{"mods":["100% Spire Juice","2.2 Compatiblity","AchievementEnabler","Act Like it!","Bard","BaseMod","Better Altar","Better Match","Better Note","Better Sensory Stone","Better Skull","Better Third Choice","CapriCore","ChefMod","Colored Powertips","Conspire","Faster Ascension Climbing","Gensokyo","GifTheSpireLib","Hermit","Hubris","KomeijiMod","Lobotomy","LobotomyExtend","Marisa????????","Minty Spire (QoL Compilation)","Permanent Neow","Quick Restart","RNG Fix","Rare Cards Sparkle","Reimu??????","Relic Filter","Relic Sorter","Relic Stats","Replay The Spire","Reworked Bosses","Spicy Shops","StSLib","Stuff the Spire","The Administrix","The Blue Laboratory","The Bug Knight","The Immortal","Yakumo Yukari mod","??????REMEMod"],"gold_per_floor":[111,130,5,44,63,63,291,51,51,51,51,51,51,364,364,468,568,588,604,484,452,462,487,502,502,573,583,583,803,596,611,611,708,708,727,652,985,1000,1000,1034,1079,620,620,620,646,659,691,691,691,741],"floor_reached":51,"playtime":4651,"items_purged":["Moonworks:Strike"],"score":925,"play_id":"0b74c450-df48-450a-a55d-ff970747a486","local_time":"20210105165955","is_ascension_mode":false,"campfire_choices":[{"data":"Moonworks:Ambush","floor":6.0,"key":"SMITH"},{"data":"Moonworks:LeapThroughSpace","floor":8.0,"key":"SMITH"},{"data":"Moonworks:WindyEnchantment","floor":10.0,"key":"SMITH"},{"data":"Moonworks:IndiscriminateFireSupport","floor":15.0,"key":"SMITH"},{"data":"Moonworks:CrystalBarrier","floor":25,"key":"SMITH"},{"data":"ReplayUltimateDefense","floor":49,"key":"SMITH"}],"circlet_count":1,"master_deck":["Moonworks:Strike","Moonworks:Defend","Moonworks:Defend","Moonworks:Defend","Moonworks:Defend","Moonworks:Ambush+1","Moonworks:WindyEnchantment+1","Moonworks:DevilHand","Moonworks:EvilSpyWorkPreparation+1","Moonworks:Dash","UniverseFragment","Moonworks:LeapThroughSpace+1","Moonworks:IndiscriminateFireSupport+1","Moonworks:CrystalBarrier+1","Moonworks:LulusLuckyEgg+1","Moonworks:AngelHand+1","PunishingBird","Moonworks:FullSpeedAlicianrone+1","BodiesMountain","Moonworks:ReproductionOfRecords+1","Moonworks:HolyNight+1","Moonworks:WindyEnchantment+1","Moonworks:AwakeningOfTalent","Moonworks:MeltingMemories","Moonworks:TreasureThief+1","Moonworks:NicePresent+1","ReplayUltimateDefense+1","Moonworks:Poppoformation+1","Moonworks:BeyondHell","Moonworks:UnluckyCharm+1","HeartBreak_Remiria"],"relics":["Moonworks:BrokenBomb","Moonworks:Homemark","REME_ComplimentaryCards","CogitoBucket","RabbitCall","LetterFromLob","hubris:GlazedTorus","PreservedInsect","Replay:Bottled Flurry","Happy Flower","Toxic Egg 2","HellTrain","Circlet","Replay:Wanted Poster","Gensokyo:FoxMask","HollowMod:LifeEnderRelic","TreeSap","conspire:Dentures","RuthlessExorcism:ReiMu","RedLine:ReiMu","ChangeAnything","AtMidnight","StuffTheSpire:Tea","Replay:Towering Pillar of Hats","StuffTheSpire:CocoNut","Ice Cream","Lizard Tail","Ancient Tea Set","hubris:Icosahedron"],"acts_visited":["Gensokyo:Gensokyo","Gensokyo:Gensokyoer","Gensokyo:Gensokyoest"],"potions_floor_usage":[30,41,45,45],"damage_taken":[{"damage":4.0,"enemies":"Gensokyo:2_Kodama","floor":1.0,"turns":3.0},{"damage":2.0,"enemies":"Gensokyo:Gryphon","floor":2.0,"turns":3.0},{"damage":28.0,"enemies":"conspire:MimicChest","floor":4.0,"turns":7.0},{"damage":0.0,"enemies":"Gensokyo:Python","floor":5.0,"turns":3.0},{"damage":4.0,"enemies":"Gensokyo:Aya","floor":7.0,"turns":4.0},{"damage":6.0,"enemies":"Gensokyo:Gryphon_and_Rabbit","floor":14.0,"turns":3.0},{"damage":11.0,"enemies":"Gensokyo:Reimu","floor":16.0,"turns":5.0},{"damage":15.0,"enemies":"Gensokyo:AngelMirror","floor":18.0,"turns":4.0},{"damage":0.0,"enemies":"Gensokyo:Chomper","floor":19.0,"turns":3.0},{"damage":12.0,"enemies":"Gensokyo:Slime_Group","floor":22.0,"turns":2.0},{"damage":27.0,"enemies":"Gensokyo:Tenshi","floor":23.0,"turns":4.0},{"damage":0,"enemies":"Gensokyo:Wraith","floor":24,"turns":1},{"damage":0,"enemies":"Gensokyo:3_Gloops","floor":27,"turns":2},{"damage":7,"enemies":"Gensokyo:Monolith_and_Dog","floor":29,"turns":4},{"damage":2,"enemies":"Gensokyo:Koishi","floor":30,"turns":4},{"damage":4,"enemies":"Gensokyo:Slime_Group","floor":31,"turns":4},{"damage":21,"enemies":"Gensokyo:Eiki","floor":33,"turns":6},{"damage":1,"enemies":"Gensokyo:AncientGuardian","floor":35,"turns":11},{"damage":11,"enemies":"Gensokyo:3_Bats","floor":38,"turns":3},{"damage":1,"enemies":"Gensokyo:Doremy","floor":40,"turns":4},{"damage":12,"enemies":"Gensokyo:Sharpion","floor":41,"turns":5},{"damage":4,"enemies":"Gensokyo:Kasen","floor":45,"turns":4},{"damage":1,"enemies":"Gensokyo:3_Boulders","floor":46,"turns":4},{"damage":1,"enemies":"Gensokyo:Doremy","floor":47,"turns":4},{"damage":6,"enemies":"Gensokyo:Yuyuko","floor":50,"turns":5},{"damage":12,"enemies":"Malkuth","floor":51,"turns":9},{"damage":0,"enemies":"Hod","floor":51,"turns":11},{"damage":0,"enemies":"Geburah","floor":51,"turns":18},{"damage":29,"enemies":"Binah","floor":51,"turns":14}],"seed_played":"-5676032080040503538","potions_obtained":[{"floor":4.0,"key":"Energy Potion"},{"floor":16.0,"key":"SteroidPotion"},{"floor":22.0,"key":"blueLaboratory:HorrorPotion"},{"floor":23,"key":"blueLaboratory:EnragingPotion"},{"floor":29,"key":"blueLaboratory:CorrosionFlask"},{"floor":30,"key":"blueLaboratory:BottledHope"},{"floor":33,"key":"Milkshake"},{"floor":40,"key":"REME_GoldPotion"},{"floor":41,"key":"EssenceOfSteel"},{"floor":45,"key":"blueLaboratory:NullPotion"}],"is_trial":false,"path_per_floor":["M","M","COS","?","M","R","E","R","T","R","?","?","T","M","R","B",null,"M","M","?","COS","M","E","M","R","T","M","?","M","E","M","R","B",null,"M","?","?","M","?","E","M","$","T","?","E","M","E","?","R","B",null],"character_chosen":"THE_STARBREAKER","items_purchased":["Moonworks:BeyondHell","Replay:Towering Pillar of Hats"],"campfire_rested":0,"item_purchase_floors":[42,42],"current_hp_per_floor":[56,54,54,26,26,26,22,22,22,22,22,22,22,16,16,23,60,55,55,55,55,43,38,38,38,38,38,38,33,33,31,49,29,60,60,60,33,25,25,26,42,42,49,23,44,52,60,60,60,60],"gold":741,"neow_bonus":"","is_daily":false,"chose_seed":false,"campfire_upgraded":6,"win_rate":0.0,"timestamp":1609887595,"path_taken":["M","M","COS","?","M","R","E","R","T","R","?","?","?","?","R","BOSS","M","M","?","COS","?","E","M","R","T","M","?","?","E","M","R","BOSS","M","?","?","?","?","E","M","$","T","?","E","M","E","?","R","BOSS"],"items_purchased_type":["Card","Relic"],"build_version":"2020-12-22","purchased_purges":1,"victory":true,"max_hp_per_floor":[60,60,60,60,60,60,60,60,60,60,60,60,60,60,60,60,60,60,60,60,60,60,60,60,60,60,60,60,60,60,60,60,60,60,60,60,60,60,60,60,60,60,67,67,67,67,67,67,67,67],"relic_stats":{"Lizard Tail":18,"Happy Flower":[47],"counters":[33,163],"PreservedInsect":311,"obtain_stats":[{"Ice Cream":44,"RabbitCall":0,"Ancient Tea Set":47,"RedLine:ReiMu":34,"Replay:Wanted Poster":17,"BranchBurnRelic":15,"Frozen Eye":30,"CogitoBucket":0,"Lizard Tail":45,"hubris:Icosahedron":48,"TreeSap":24,"Replay:Bottled Flurry":9,"Toxic Egg 2":13,"hubris:GlazedTorus":4,"StuffTheSpire:Tea":40,"conspire:Dentures":26,"HollowMod:LifeEnderRelic":23,"Happy Flower":12,"Replay:Towering Pillar of Hats":42,"Dead Branch":14,"Circlet":0,"PreservedInsect":7,"Moonworks:Homemark":0,"AtMidnight":35,"StuffTheSpire:CocoNut":43,"Gensokyo:FoxMask":20,"LetterFromLob":1,"HellTrain":14,"ChangeAnything":35,"Moonworks:BrokenBomb":0,"REME_ComplimentaryCards":0,"RuthlessExorcism:ReiMu":30},{"Ice Cream":24,"RabbitCall":0,"Ancient Tea Set":27,"RedLine:ReiMu":19,"Replay:Wanted Poster":8,"BranchBurnRelic":7,"Frozen Eye":16,"CogitoBucket":0,"Lizard Tail":25,"hubris:Icosahedron":27,"TreeSap":14,"Replay:Bottled Flurry":5,"Toxic Egg 2":5,"hubris:GlazedTorus":3,"StuffTheSpire:Tea":23,"conspire:Dentures":14,"HollowMod:LifeEnderRelic":12,"Happy Flower":5,"Replay:Towering Pillar of Hats":24,"Dead Branch":7,"Circlet":0,"PreservedInsect":5,"Moonworks:Homemark":0,"AtMidnight":21,"StuffTheSpire:CocoNut":24,"Gensokyo:FoxMask":10,"LetterFromLob":1,"HellTrain":7,"ChangeAnything":21,"Moonworks:BrokenBomb":0,"REME_ComplimentaryCards":0,"RuthlessExorcism:ReiMu":17},{"Ice Cream":88,"RabbitCall":0,"Ancient Tea Set":100,"RedLine:ReiMu":64,"Replay:Wanted Poster":29,"BranchBurnRelic":24,"Frozen Eye":50,"CogitoBucket":0,"Lizard Tail":92,"hubris:Icosahedron":100,"TreeSap":44,"Replay:Bottled Flurry":20,"Toxic Egg 2":20,"hubris:GlazedTorus":13,"StuffTheSpire:Tea":83,"conspire:Dentures":44,"HollowMod:LifeEnderRelic":42,"Happy Flower":20,"Replay:Towering Pillar of Hats":88,"Dead Branch":24,"Circlet":0,"PreservedInsect":20,"Moonworks:Homemark":0,"AtMidnight":76,"StuffTheSpire:CocoNut":88,"Gensokyo:FoxMask":36,"LetterFromLob":3,"HellTrain":24,"ChangeAnything":76,"Moonworks:BrokenBomb":0,"REME_ComplimentaryCards":0,"RuthlessExorcism:ReiMu":54}]},"card_choices":[{"not_picked":["Scorched","MeatLantern","VoidDream"],"picked":"Singing Bowl","floor":1.0},{"not_picked":["Moonworks:LulusLuckyEgg","Moonworks:ImOnFire"],"picked":"Moonworks:WindyEnchantment","floor":1.0},{"not_picked":["DespairKnight","OSAHOGD","ShyLook"],"picked":"Singing Bowl","floor":2.0},{"not_picked":["Moonworks:Assault","Moonworks:IndiscriminateFireSupport"],"picked":"Moonworks:DevilHand","floor":2.0},{"not_picked":["OSAHOGD","MHz","WhitesApple"],"picked":"Singing Bowl","floor":4.0},{"not_picked":["Moonworks:IntelligenceOfficer","Moonworks:Assault"],"picked":"Moonworks:EvilSpyWorkPreparation","floor":4.0},{"not_picked":["Scorched","BigBadWolf","HeroicMonk"],"picked":"Singing Bowl","floor":5.0},{"not_picked":["Moonworks:IndiscriminateFireSupport","Moonworks:ImOnFire"],"picked":"Moonworks:Dash","floor":5.0},{"not_picked":["DespairKnight","WhitesApple"],"picked":"UniverseFragment","floor":7.0},{"not_picked":["Moonworks:LulusLuckyEgg","Moonworks:Dash"],"picked":"Moonworks:LeapThroughSpace","floor":7.0},{"not_picked":["Bloodbath","BlueStar","LaLuna"],"picked":"Singing Bowl","floor":14.0},{"not_picked":["Moonworks:ExtendedPhotonRifle","Moonworks:CompletionReward"],"picked":"Moonworks:IndiscriminateFireSupport","floor":14.0},{"not_picked":["MHz","Wellcheers","OldLady"],"picked":"Singing Bowl","floor":16.0},{"not_picked":["Moonworks:Wanted+1","Moonworks:MeltingMemories"],"picked":"Moonworks:CrystalBarrier","floor":16.0},{"not_picked":["Moonworks:JonathanRush+1","Moonworks:SakisCookie+1"],"picked":"Moonworks:LulusLuckyEgg+1","floor":18.0},{"not_picked":["FieryBird","OldLady","Bloodbath"],"picked":"Singing Bowl","floor":19.0},{"not_picked":["Moonworks:DeployBits+1","Moonworks:Assault"],"picked":"Moonworks:AngelHand+1","floor":19.0},{"not_picked":["OldLady","Scorched","BeautyBeast"],"picked":"Singing Bowl","floor":22.0},{"not_picked":["Woodsman","GreedKing"],"picked":"PunishingBird","floor":22.0},{"not_picked":["Moonworks:DeployBits+1","Moonworks:CookingTime"],"picked":"Moonworks:FullSpeedAlicianrone+1","floor":22.0},{"not_picked":["Moonworks:SakisCookie+1","Moonworks:EvilSpyWorkPreparation+1"],"picked":"Moonworks:DeployBits+1","floor":23},{"not_picked":["BlueStar","RedShoes"],"picked":"BodiesMountain","floor":24},{"not_picked":["Moonworks:MixPhenomenon+1","Moonworks:JonathanRush+1"],"picked":"Moonworks:ReproductionOfRecords+1","floor":24},{"not_picked":["BeautyBeast","BigBird","Porccubus"],"picked":"Singing Bowl","floor":27},{"not_picked":["Moonworks:Dinner+1","Moonworks:Assault"],"picked":"Moonworks:HolyNight","floor":27},{"not_picked":["BeautyBeast","SpiderBud","Laetitia"],"picked":"Singing Bowl","floor":29},{"not_picked":["Moonworks:IndiscriminateFireSupport","Moonworks:DeployBits+1"],"picked":"Moonworks:WindyEnchantment+1","floor":29},{"not_picked":["SingingMachine","VoidDream","Mercenary"],"picked":"Singing Bowl","floor":30},{"not_picked":["Moonworks:CloudOfSeagulls","Moonworks:DeployBits+1"],"picked":"Moonworks:AwakeningOfTalent","floor":30},{"not_picked":["Funeral","BigBadWolf","GalaxyChild"],"picked":"Singing Bowl","floor":31},{"not_picked":["Moonworks:WindyEnchantment+1","Moonworks:CloudOfSeagulls","Moonworks:EvilSpyWorkPreparation+1"],"picked":"SKIP","floor":31},{"not_picked":["Rudolta","QueenOfHatred","HappyTeddy"],"picked":"Singing Bowl","floor":33},{"not_picked":["Moonworks:PlushieMaster+1","Moonworks:Wanted+1"],"picked":"Moonworks:MeltingMemories","floor":33},{"not_picked":["LaLuna","CherryBlossoms","Alriune"],"picked":"Singing Bowl","floor":35},{"not_picked":["Moonworks:ImOnFire+1","Moonworks:WindyEnchantment+1","Moonworks:ImmovableObject+1"],"picked":"SKIP","floor":35},{"not_picked":["Moonworks:UnpaidWork+1","Moonworks:BigBangBell+1"],"picked":"Moonworks:TreasureThief+1","floor":36},{"not_picked":["CENSORED","CherryBlossoms","Yin"],"picked":"Singing Bowl","floor":38},{"not_picked":["Moonworks:Heat300Percent+1","Moonworks:Assault+1"],"picked":"Moonworks:NicePresent+1","floor":38},{"not_picked":["Enlightenment+1","Replay:Sssssssssshield+1"],"picked":"ReplayUltimateDefense","floor":39},{"not_picked":["BlueStar","MeltingLove","SilentOrchestra"],"picked":"Singing Bowl","floor":40},{"not_picked":["Moonworks:CloudOfSeagulls","Moonworks:JonathanRush"],"picked":"Moonworks:Poppoformation+1","floor":40},{"not_picked":["MeatLantern","Laetitia","BigBird"],"picked":"Singing Bowl","floor":41},{"not_picked":["Moonworks:SakisCookie+1","Moonworks:ForcedRevival+1","Moonworks:FinalBattle"],"picked":"SKIP","floor":41},{"not_picked":["Variant","DreamingCurrent","LittlePrince"],"picked":"Singing Bowl","floor":45},{"not_picked":["Moonworks:SakisCookie+1","Moonworks:Dash+1"],"picked":"Moonworks:UnluckyCharm+1","floor":45},{"not_picked":["NakedNest","Bloodbath","SingingMachine"],"picked":"Singing Bowl","floor":46},{"not_picked":["Moonworks:CastOff+1","Moonworks:JonathanRush+1","Moonworks:WindyEnchantment+1"],"picked":"SKIP","floor":46},{"not_picked":["Mercenary","SpiderBud","Woodsman"],"picked":"Singing Bowl","floor":47},{"not_picked":["Moonworks:EvilSpyWorkPreparation+1","Moonworks:ImOnFire+1","Moonworks:BeyondHell"],"picked":"SKIP","floor":47}],"player_experience":1835707,"relics_obtained":[{"floor":1.0,"key":"LetterFromLob"},{"floor":4.0,"key":"hubris:GlazedTorus"},{"floor":7.0,"key":"PreservedInsect"},{"floor":9.0,"key":"Replay:Bottled Flurry"},{"floor":13.0,"key":"Toxic Egg 2"},{"floor":23,"key":"HollowMod:LifeEnderRelic"},{"floor":26,"key":"conspire:Dentures"},{"floor":30,"key":"RuthlessExorcism:ReiMu"},{"floor":35,"key":"AtMidnight"},{"floor":40,"key":"StuffTheSpire:Tea"},{"floor":43,"key":"StuffTheSpire:CocoNut"},{"floor":45,"key":"Lizard Tail"},{"floor":47,"key":"Ancient Tea Set"}],"event_choices":[{"damage_healed":0,"gold_gain":0,"player_choice":"2","damage_taken":0,"max_hp_gain":0,"max_hp_loss":0,"event_name":"betterMatch:BetterMatch","floor":36,"gold_loss":0,"cards_obtained":["betterMatch:UncommonCard"]},{"damage_healed":0,"gold_gain":453,"player_choice":"GO GO GO GO ","damage_taken":31,"relics_obtained":[],"max_hp_gain":0,"max_hp_loss":0,"event_name":"betterSkull:BetterSkull","floor":37,"gold_loss":0,"cards_upgraded":[]},{"damage_healed":0,"gold_gain":3,"player_choice":"1","damage_taken":0,"max_hp_gain":0,"max_hp_loss":0,"event_name":"betterStone:BetterStone","floor":39,"gold_loss":0}],"is_beta":false,"boss_relics":[{"not_picked":["REME_DuelDisc","KyoryuNoHagoromo"],"picked":"Replay:Wanted Poster"},{"not_picked":["hubris:Backtick","Snecko Eye"],"picked":"RedLine:ReiMu"}],"items_purged_floors":[42],"is_endless":false,"potions_floor_spawned":[4,16,22,23,29,30,33,40,41,45],"ascension_level":0}}