{"host":"raaimkojny05jekw","time":1609839043,"event":{"mods":["AchievementEnabler","BaseMod","Colored Map","Colored Powertips","DeckTracker","Minty Spire (QoL Compilation)","Quick Restart","Rare Cards Sparkle","everything is the same but u backflip on backflip"],"gold_per_floor":[367,381,381,397,7,7,17,17,17,44,59,86,86,121,121,224,224,242,242,255,255,255,255,280,42,42,52,72,72,99,24,24,124,124,144,155,48,97,147,147,180,160,231,231,243,7,26,26,26,26],"floor_reached":51,"playtime":1541,"items_purged":["Strike_R","Shame"],"score":928,"play_id":"38cc5bee-9ee0-47ba-89ed-0bbec75f0919","local_time":"20210105183043","is_ascension_mode":true,"campfire_choices":[{"data":"Bludgeon","floor":6,"key":"SMITH"},{"data":"Clothesline","floor":8,"key":"SMITH"},{"data":"Bludgeon","floor":13,"key":"SMITH"},{"data":"Fire Breathing","floor":15,"key":"SMITH"},{"data":"Double Tap","floor":23,"key":"SMITH"},{"data":"Heavy Blade","floor":29,"key":"SMITH"},{"floor":32,"key":"REST"},{"data":"Berserk","floor":40,"key":"SMITH"},{"data":"Evolve","floor":44,"key":"SMITH"},{"data":"Battle Trance","floor":49,"key":"SMITH"}],"circlet_count":0,"master_deck":["Strike_R","Strike_R","Strike_R","Strike_R","Defend_R","Defend_R","Defend_R","Defend_R","Bash+1","Pommel Strike","Clothesline+1","Cleave","Bludgeon+1","Fire Breathing+1","Wild Strike","Bludgeon+1","Ghostly Armor","Double Tap+1","Inflame+1","Writhe","Headbutt+1","Flame Barrier","Shrug It Off+1","Heavy Blade+1","Reaper","Berserk+1","CurseOfTheBell","Metallicize","Evolve+1","Battle Trance+1","Immolate","Battle Trance+1","Ghostly Armor"],"relics":["Burning Blood","Spirit Poop","HandDrill","Darkstone Periapt","Bottled Tornado","Ornamental Fan","Red Skull","Cursed Key","Paper Frog","Mummified Hand","HornCleat","Singing Bowl","PreservedInsect","Calling Bell","Happy Flower","Self Forming Clay","TungstenRod","Incense Burner","Thread and Needle","Bottled Lightning","Gremlin Horn"],"acts_visited":["Exordium","TheCity","TheBeyond"],"potions_floor_usage":[10,12,24,24,28,38,45,50,50,50,50],"damage_taken":[{"damage":2,"enemies":"Small Slimes","floor":1,"turns":5},{"damage":1,"enemies":"Cultist","floor":2,"turns":3},{"damage":8,"enemies":"2 Louse","floor":4,"turns":3},{"damage":3,"enemies":"Looter","floor":7,"turns":2},{"damage":0,"enemies":"Lagavulin","floor":10,"turns":2},{"damage":31,"enemies":"Exordium Thugs","floor":11,"turns":3},{"damage":0,"enemies":"Gremlin Nob","floor":12,"turns":2},{"damage":18,"enemies":"Lagavulin","floor":14,"turns":3},{"damage":45,"enemies":"The Guardian","floor":16,"turns":9},{"damage":11,"enemies":"Spheric Guardian","floor":18,"turns":3},{"damage":2,"enemies":"3 Byrds","floor":20,"turns":4},{"damage":46,"enemies":"Slavers","floor":24,"turns":4},{"damage":9,"enemies":"Shelled Parasite and Fungi","floor":27,"turns":4},{"damage":17,"enemies":"Centurion and Healer","floor":28,"turns":3},{"damage":23,"enemies":"Book of Stabbing","floor":30,"turns":5},{"damage":89,"enemies":"Collector","floor":33,"turns":10},{"damage":2,"enemies":"3 Shapes","floor":35,"turns":4},{"damage":16,"enemies":"3 Darklings","floor":36,"turns":5},{"damage":28,"enemies":"2 Orb Walkers","floor":38,"turns":3},{"damage":0,"enemies":"Mind Bloom Boss Battle","floor":39,"turns":6},{"damage":2,"enemies":"Reptomancer","floor":41,"turns":4},{"damage":36,"enemies":"Transient","floor":45,"turns":5},{"damage":2,"enemies":"Sphere and 2 Shapes","floor":47,"turns":3},{"damage":39,"enemies":"Donu and Deca","floor":50,"turns":6}],"seed_played":"9069261004484835343","potions_obtained":[{"floor":2,"key":"BloodPotion"},{"floor":4,"key":"DuplicationPotion"},{"floor":11,"key":"DuplicationPotion"},{"floor":18,"key":"LiquidBronze"},{"floor":27,"key":"FairyPotion"},{"floor":28,"key":"Fruit Juice"},{"floor":35,"key":"SpeedPotion"},{"floor":36,"key":"HeartOfIron"},{"floor":42,"key":"Swift Potion"}],"is_trial":false,"path_per_floor":["M","M","?","M","$","R","M","R","T","E","M","E","R","E","R","B",null,"M","?","M","?","?","R","E","$","T","M","M","R","E","?","R","B",null,"M","M","$","?","?","R","E","?","T","R","M","$","M","?","R","B",null],"character_chosen":"IRONCLAD","items_purchased":["Bludgeon","HandDrill","HornCleat","Evolve","Battle Trance","EntropicBrew","Ghostly Armor"],"campfire_rested":1,"item_purchase_floors":[5,5,25,37,37,46,46],"current_hp_per_floor":[80,80,80,78,78,78,80,80,80,80,55,61,61,49,49,10,80,75,81,85,68,68,68,46,46,52,49,43,43,26,26,56,22,108,108,106,106,86,100,100,106,106,112,112,89,89,111,111,111,92],"gold":26,"neow_bonus":"TWO_FIFTY_GOLD","is_daily":false,"chose_seed":false,"campfire_upgraded":9,"win_rate":0.0,"timestamp":1609839043,"path_taken":["M","M","?","M","$","R","M","R","T","E","?","E","R","E","R","BOSS","M","?","M","?","?","R","E","$","T","?","M","R","E","?","R","BOSS","M","M","$","?","?","R","E","?","T","R","?","$","?","?","R","BOSS"],"items_purchased_type":["Card","Relic","Relic","Card","Card","Potion","Card"],"build_version":"2020-12-22","purchased_purges":2,"victory":true,"max_hp_per_floor":[80,80,80,80,80,80,80,80,80,80,80,80,80,80,80,80,80,80,86,86,91,91,91,91,91,97,97,102,102,102,102,102,102,108,108,110,110,112,112,112,114,114,120,120,120,120,122,122,122,122],"card_choices":[{"not_picked":["Warcry","True Grit"],"picked":"Pommel Strike","floor":1},{"not_picked":["Sentinel","Armaments"],"picked":"Clothesline","floor":2},{"not_picked":["Reckless Charge","Iron Wave"],"picked":"Cleave","floor":4},{"not_picked":["Flex","Clash"],"picked":"Fire Breathing","floor":7},{"not_picked":["Dark Embrace","Metallicize"],"picked":"Wild Strike","floor":10},{"not_picked":["Twin Strike","Anger","Pommel Strike"],"picked":"SKIP","floor":11},{"not_picked":["Pommel Strike","Disarm"],"picked":"Bludgeon","floor":12},{"not_picked":["Infernal Blade","Combust"],"picked":"Ghostly Armor","floor":14},{"not_picked":["Fiend Fire","Bludgeon"],"picked":"Double Tap","floor":16},{"not_picked":["Sword Boomerang","Blood for Blood"],"picked":"Inflame+1","floor":18},{"not_picked":["Pommel Strike+1","Ghostly Armor+1"],"picked":"Headbutt+1","floor":20},{"not_picked":["Reckless Charge+1","Perfected Strike"],"picked":"Flame Barrier","floor":24},{"not_picked":["Clothesline","True Grit"],"picked":"Shrug It Off+1","floor":27},{"not_picked":["Clash","Rupture"],"picked":"Heavy Blade","floor":28},{"not_picked":["Inflame+1","Heavy Blade"],"picked":"Reaper","floor":30},{"not_picked":["Brutality","Demon Form"],"picked":"Berserk","floor":33},{"not_picked":["Carnage+1","Dropkick"],"picked":"Metallicize","floor":35},{"not_picked":["Body Slam","Headbutt","Twin Strike"],"picked":"Singing Bowl","floor":36},{"not_picked":["Havoc","Clothesline","Armaments"],"picked":"Singing Bowl","floor":38},{"not_picked":["Headbutt+1","Cleave+1"],"picked":"Immolate","floor":39},{"not_picked":["Warcry","Spot Weakness","Blood for Blood+1"],"picked":"Singing Bowl","floor":41},{"not_picked":["Armaments+1","Uppercut"],"picked":"Battle Trance","floor":45},{"not_picked":["Flex","Sever Soul+1","Entrench+1"],"picked":"Singing Bowl","floor":47}],"player_experience":711717,"relics_obtained":[{"floor":9,"key":"Darkstone Periapt"},{"floor":10,"key":"Bottled Tornado"},{"floor":12,"key":"Ornamental Fan"},{"floor":14,"key":"Red Skull"},{"floor":24,"key":"Mummified Hand"},{"floor":26,"key":"Singing Bowl"},{"floor":30,"key":"PreservedInsect"},{"floor":34,"key":"Happy Flower"},{"floor":34,"key":"Self Forming Clay"},{"floor":34,"key":"TungstenRod"},{"floor":38,"key":"Incense Burner"},{"floor":39,"key":"Thread and Needle"},{"floor":41,"key":"Bottled Lightning"},{"floor":43,"key":"Gremlin Horn"}],"event_choices":[{"cards_removed":["Doubt"],"damage_healed":0,"gold_gain":0,"player_choice":"Offered Curse","damage_taken":0,"relics_obtained":["Spirit Poop"],"max_hp_gain":0,"max_hp_loss":0,"event_name":"Bonfire Elementals","floor":3,"gold_loss":0},{"damage_healed":0,"gold_gain":0,"player_choice":"Opened","damage_taken":0,"relics_obtained":["Paper Frog"],"max_hp_gain":0,"max_hp_loss":0,"event_name":"The Mausoleum","floor":19,"gold_loss":0,"cards_obtained":["Writhe"]},{"damage_healed":0,"gold_gain":0,"player_choice":"Shed Blood","damage_taken":22,"max_hp_gain":5,"max_hp_loss":0,"event_name":"Forgotten Altar","floor":21,"gold_loss":0},{"damage_healed":0,"gold_gain":0,"player_choice":"Forge","damage_taken":0,"max_hp_gain":0,"max_hp_loss":0,"event_name":"Accursed Blacksmith","floor":22,"gold_loss":0,"cards_upgraded":["Bash"]},{"cards_removed":["Regret"],"damage_healed":0,"gold_gain":0,"player_choice":"Gave Gold","damage_taken":0,"max_hp_gain":0,"max_hp_loss":0,"event_name":"Beggar","floor":31,"gold_loss":75},{"damage_healed":0,"gold_gain":0,"player_choice":"Fight","damage_taken":0,"max_hp_gain":0,"max_hp_loss":0,"event_name":"Mysterious Sphere","floor":38,"gold_loss":0},{"damage_healed":0,"gold_gain":0,"player_choice":"Fight","damage_taken":0,"max_hp_gain":0,"max_hp_loss":0,"event_name":"MindBloom","floor":39,"gold_loss":0},{"damage_healed":0,"gold_gain":0,"player_choice":"Bought 1 Potion","damage_taken":0,"max_hp_gain":0,"max_hp_loss":0,"event_name":"The Woman in Blue","floor":42,"gold_loss":0},{"damage_healed":0,"gold_gain":0,"player_choice":"Upgraded","damage_taken":0,"max_hp_gain":0,"max_hp_loss":0,"event_name":"Upgrade Shrine","floor":48,"gold_loss":0,"cards_upgraded":["Battle Trance"]}],"is_beta":false,"boss_relics":[{"not_picked":["Coffee Dripper","Fusion Hammer"],"picked":"Cursed Key"},{"not_picked":["Velvet Choker","Tiny House"],"picked":"Calling Bell"}],"items_purged_floors":[5,46],"is_endless":false,"potions_floor_spawned":[2,4,11,18,27,28,35,36],"ascension_level":2}}