{"host":"u7lm8z2rvb4dg2oo","time":1609879115,"event":{"mods":["AchievementEnabler","BaseMod","Colored Map","Colored Powertips","Curses Come First","Googly Eyes","Highlight Path","Minty Spire (QoL Compilation)","Quick Restart","StSLib"],"gold_per_floor":[119,84,84,100,112,112,138,138,184,203,230,254,38,38,38,137,137,147,147,35,49,10,10,45,45,45,65,85,85,114,131,131,226,226,236,255,28,48,0,33,33,57,81,81,7,7,27,47,47,47,47,47,47,47,47],"floor_reached":54,"playtime":5526,"items_purged":["Writhe","Strike_P"],"score":1002,"play_id":"f06724b7-2222-4523-9995-ef3afca26de1","local_time":"20210105153835","is_ascension_mode":true,"campfire_choices":[{"data":"TalkToTheHand","floor":6.0,"key":"SMITH"},{"data":"Eruption","floor":8.0,"key":"SMITH"},{"floor":15.0,"key":"REST"},{"floor":23.0,"key":"REST"},{"floor":25.0,"key":"REST"},{"floor":29.0,"key":"REST"},{"floor":32.0,"key":"REST"},{"floor":41.0,"key":"REST"},{"floor":44.0,"key":"REST"},{"floor":46.0,"key":"RECALL"},{"floor":49.0,"key":"REST"},{"floor":52.0,"key":"REST"}],"circlet_count":0,"master_deck":["Strike_P","Strike_P+1","Strike_P","Defend_P","Defend_P","Defend_P+1","Defend_P","Eruption+1","Vigilance","TalkToTheHand+1","Wireheading","SandsOfTime+1","Protect","FearNoEvil+1","CutThroughFate","LessonLearned+1","Jack Of All Trades+1","Scrawl","WindmillStrike+1","BattleHymn","Conclude","Vengeance","Nirvana","TalkToTheHand+1","SandsOfTime+1","Wallop+1","Devotion","SandsOfTime","Weave","SpiritShield","DevaForm","Parasite","MentalFortress"],"relics":["PureWater","NeowsBlessing","Strawberry","Dream Catcher","MawBank","Bronze Scales","VioletLotus","Pantograph","Ornamental Fan","Shuriken","Pocketwatch","Philosopher\u0027s Stone","Du-Vu Doll","Vajra"],"acts_visited":["Exordium","TheCity","TheBeyond","TheEnding"],"potions_floor_usage":[],"damage_taken":[{"damage":0.0,"enemies":"Cultist","floor":1.0,"turns":1.0},{"damage":0.0,"enemies":"Jaw Worm","floor":4.0,"turns":1.0},{"damage":0.0,"enemies":"Small Slimes","floor":5.0,"turns":1.0},{"damage":6.0,"enemies":"Gremlin Nob","floor":7.0,"turns":4.0},{"damage":2.0,"enemies":"Red Slaver","floor":10.0,"turns":3.0},{"damage":0.0,"enemies":"Lagavulin","floor":11.0,"turns":3.0},{"damage":7.0,"enemies":"2 Fungi Beasts","floor":12.0,"turns":3.0},{"damage":2.0,"enemies":"Exordium Thugs","floor":14.0,"turns":6.0},{"damage":34.0,"enemies":"Hexaghost","floor":16.0,"turns":8.0},{"damage":15.0,"enemies":"Spheric Guardian","floor":18.0,"turns":5.0},{"damage":27.0,"enemies":"2 Thieves","floor":21.0,"turns":4.0},{"damage":0.0,"enemies":"Slavers","floor":24.0,"turns":1.0},{"damage":0.0,"enemies":"Snake Plant","floor":27.0,"turns":2.0},{"damage":39.0,"enemies":"Snecko","floor":28.0,"turns":4.0},{"damage":39.0,"enemies":"Gremlin Leader","floor":30.0,"turns":6.0},{"damage":10.0,"enemies":"Centurion and Healer","floor":31.0,"turns":6.0},{"damage":25.0,"enemies":"Collector","floor":33.0,"turns":7.0},{"damage":24.0,"enemies":"3 Shapes","floor":35.0,"turns":3.0},{"damage":14.0,"enemies":"Orb Walker","floor":36.0,"turns":4.0},{"damage":2.0,"enemies":"Transient","floor":38.0,"turns":5.0},{"damage":7.0,"enemies":"Nemesis","floor":40.0,"turns":5.0},{"damage":16.0,"enemies":"3 Darklings","floor":47.0,"turns":5.0},{"damage":10.0,"enemies":"Writhing Mass","floor":48.0,"turns":6.0},{"damage":78.0,"enemies":"Donu and Deca","floor":50.0,"turns":7.0},{"damage":89,"enemies":"Shield and Spear","floor":54,"turns":3}],"seed_played":"7798603356875026267","potions_obtained":[{"floor":1.0,"key":"DuplicationPotion"},{"floor":3.0,"key":"LiquidBronze"},{"floor":3.0,"key":"EssenceOfSteel"},{"floor":7.0,"key":"Fire Potion"},{"floor":10.0,"key":"Swift Potion"},{"floor":21.0,"key":"Ambrosia"},{"floor":27.0,"key":"Weak Potion"},{"floor":31.0,"key":"StancePotion"},{"floor":33.0,"key":"Fire Potion"},{"floor":40.0,"key":"Regen Potion"},{"floor":47.0,"key":"LiquidMemories"}],"is_trial":false,"path_per_floor":["M","$","?","M","M","R","E","R","T","M","E","M","$","M","R","B",null,"M","?","$","M","$","R","E","R","T","M","M","R","E","M","R","B",null,"M","M","$","M","$","E","R","T","T","R","$","R","M","M","R","B",null,"R","$","E"],"character_chosen":"WATCHER","items_purchased":["Wireheading","Bronze Scales","Jack Of All Trades","BattleHymn","Conclude","Weave","PowerPotion","Block Potion","DistilledChaos"],"campfire_rested":9,"item_purchase_floors":[2,13,13,20,22,37,37,39,45],"current_hp_per_floor":[65,65,65,65,65,65,66,66,66,64,64,57,57,55,78,44,70,55,55,55,28,28,51,51,74,74,74,35,58,19,9,32,32,67,43,29,29,27,27,20,43,43,43,66,66,66,64,54,77,1,60,79,79,0,0],"gold":47,"neow_bonus":"THREE_ENEMY_KILL","is_daily":false,"chose_seed":false,"campfire_upgraded":2,"win_rate":0.0,"timestamp":1609879115,"path_taken":["M","?","?","?","M","R","E","R","T","M","E","M","$","M","R","BOSS","M","?","$","M","?","R","E","R","T","M","?","R","E","M","R","BOSS","M","M","?","?","$","E","R","?","T","R","?","R","M","M","R","BOSS","R","$","E"],"items_purchased_type":["Card","Relic","Card","Card","Card","Card","Potion","Potion","Potion"],"build_version":"2020-12-22","purchased_purges":2,"victory":false,"max_hp_per_floor":[72,72,72,72,72,72,79,79,79,79,79,79,79,79,79,79,79,79,79,79,79,79,79,79,79,79,79,79,79,79,79,79,79,79,79,79,79,79,79,79,79,79,79,79,79,79,79,79,79,79,79,79,79,79,79],"card_choices":[{"not_picked":["Halt","ThirdEye"],"picked":"TalkToTheHand","floor":1.0},{"not_picked":["Protect","Crescendo"],"picked":"SandsOfTime","floor":4.0},{"not_picked":["ThirdEye","Crescendo"],"picked":"Protect","floor":5.0},{"not_picked":["PathToVictory","DeceiveReality","CrushJoints"],"picked":"SKIP","floor":7.0},{"not_picked":["WaveOfTheHand","Study"],"picked":"FearNoEvil","floor":10.0},{"not_picked":["FlyingSleeves","CrushJoints"],"picked":"CutThroughFate","floor":11.0},{"not_picked":["ClearTheMind","FlurryOfBlows"],"picked":"LessonLearned","floor":12.0},{"not_picked":["SashWhip","BattleHymn","Prostrate"],"picked":"SKIP","floor":14.0},{"not_picked":["Omniscience","ConjureBlade"],"picked":"Scrawl","floor":16.0},{"not_picked":["CutThroughFate+1","MentalFortress"],"picked":"WindmillStrike","floor":18.0},{"not_picked":["Indignation+1","SashWhip","WindmillStrike"],"picked":"SKIP","floor":21.0},{"not_picked":["Evaluate","ConjureBlade"],"picked":"Vengeance","floor":24.0},{"not_picked":["Conclude","Evaluate","Swivel"],"picked":"SKIP","floor":27.0},{"not_picked":["CrushJoints","JustLucky"],"picked":"Nirvana","floor":28.0},{"not_picked":["LikeWater","ThirdEye"],"picked":"TalkToTheHand+1","floor":29.0},{"not_picked":["SashWhip+1","FollowUp"],"picked":"SandsOfTime+1","floor":30.0},{"not_picked":["PathToVictory","Protect"],"picked":"Wallop","floor":31.0},{"not_picked":["Judgement","Wish"],"picked":"Devotion","floor":33.0},{"not_picked":["EmptyBody+1","Protect+1"],"picked":"SandsOfTime","floor":35.0},{"not_picked":["Evaluate+1","SashWhip+1","Crescendo"],"picked":"SKIP","floor":36.0},{"not_picked":["Conclude+1","EmptyFist","FlyingSleeves+1"],"picked":"SKIP","floor":38.0},{"not_picked":["JustLucky","CrushJoints+1"],"picked":"SpiritShield","floor":40.0},{"not_picked":["FollowUp","Evaluate+1"],"picked":"DevaForm","floor":44.0},{"not_picked":["Prostrate","Protect+1","PathToVictory+1"],"picked":"SKIP","floor":47.0},{"not_picked":["Sanctity","Halt","Protect"],"picked":"SKIP","floor":48.0},{"not_picked":["Consecrate+1","BattleHymn"],"picked":"MentalFortress","floor":49.0}],"player_experience":1080328,"relics_obtained":[{"floor":7.0,"key":"Strawberry"},{"floor":9.0,"key":"Dream Catcher"},{"floor":11.0,"key":"MawBank"},{"floor":24.0,"key":"Ornamental Fan"},{"floor":26.0,"key":"Shuriken"},{"floor":30.0,"key":"Pocketwatch"},{"floor":40.0,"key":"Du-Vu Doll"},{"floor":42.0,"key":"Vajra"}],"event_choices":[{"damage_healed":0.0,"max_hp_gain":0.0,"max_hp_loss":0.0,"gold_gain":0.0,"event_name":"Lab","player_choice":"Got Potions","floor":3.0,"gold_loss":0.0,"damage_taken":0.0},{"damage_healed":0.0,"max_hp_gain":0.0,"max_hp_loss":0.0,"gold_gain":0.0,"event_name":"The Mausoleum","player_choice":"Opened","floor":19.0,"gold_loss":0.0,"damage_taken":0.0,"relics_obtained":["Pantograph"],"cards_obtained":["Writhe"]}],"is_beta":false,"boss_relics":[{"not_picked":["SacredBark","Runic Dome"],"picked":"VioletLotus"},{"not_picked":["Velvet Choker","HolyWater"],"picked":"Philosopher\u0027s Stone"}],"items_purged_floors":[20,37],"is_endless":false,"potions_floor_spawned":[1,5,7,10,21,27,31,33,40,47],"killed_by":"Shield and Spear","ascension_level":7}}