{"host":"1a3cjta80tad0aqj","time":1609824959,"event":{"mods":["2.2 Compatiblity","AchievementEnabler","BaseMod","Colored Map","DeckTracker","KOR Keyword Fix","Keyboard Shortcuts","Minty Spire (QoL Compilation)","Permanent Neow","Quick Restart","Random Character Button","StSLib","SuperFastMode","everything is the same but u backflip on backflip"],"gold_per_floor":[114,129,54,69,69,69,69,69,69,88,88,163,182,32,32,157,157,201,201,235,254,54,54,54,73,148,167,167,17,17,36,36,161,161,180,199,199,218,237,12,31,50,100,100,119,119,138,138,138,138],"floor_reached":51,"playtime":2300,"items_purged":["Alpha","Establishment","Devotion","MasterReality","Barricade"],"score":866,"play_id":"9dfbdf91-abe2-41c1-8213-e0ce94ff5399","local_time":"20210105143559","daily_mods":["Shiny","Red Cards","Night Terrors"],"is_ascension_mode":false,"campfire_choices":[{"data":"Immolate","floor":6.0,"key":"SMITH"},{"data":"Bludgeon","floor":8.0,"key":"SMITH"},{"data":"Corruption","floor":11.0,"key":"SMITH"},{"data":"Fiend Fire","floor":15.0,"key":"SMITH"},{"data":"Blasphemy","floor":23.0,"key":"SMITH"},{"data":"Omniscience","floor":28.0,"key":"SMITH"},{"data":"Vault","floor":30.0,"key":"SMITH"},{"data":"Brilliance","floor":32.0,"key":"SMITH"},{"data":"Scrawl","floor":44.0,"key":"SMITH"},{"data":"Double Tap","floor":46.0,"key":"SMITH"},{"data":"Impervious","floor":49.0,"key":"SMITH"}],"circlet_count":0,"master_deck":["Double Tap+1","Demon Form","Bludgeon+1","Feed","Limit Break","Corruption+1","Fiend Fire+1","Berserk+1","Impervious+1","Brutality","Reaper","Exhume","Offering","Immolate+1","Judgement+1","Brilliance+1","Blasphemy+1","Ragnarok+1","LessonLearned","Scrawl+1","Vault+1","Wish","Omniscience+1","SpiritShield","DevaForm","DeusExMachina+1","Offering","Conclude+1","Bludgeon+1","Warcry+1","Writhe"],"relics":["PureWater","Golden Idol","Kunai","Ornamental Fan","Philosopher\u0027s Stone","MealTicket","Red Mask","Molten Egg 2","Empty Cage","Bag of Preparation"],"acts_visited":["Exordium","TheCity","TheBeyond"],"potions_floor_usage":[50,50],"damage_taken":[{"damage":0.0,"enemies":"Small Slimes","floor":1.0,"turns":1.0},{"damage":0.0,"enemies":"Jaw Worm","floor":2.0,"turns":1.0},{"damage":0.0,"enemies":"2 Louse","floor":4.0,"turns":1.0},{"damage":11.0,"enemies":"Exordium Wildlife","floor":10.0,"turns":2.0},{"damage":0.0,"enemies":"3 Louse","floor":13.0,"turns":1.0},{"damage":0.0,"enemies":"Slime Boss","floor":16.0,"turns":3.0},{"damage":30.0,"enemies":"2 Thieves","floor":18.0,"turns":4.0},{"damage":0.0,"enemies":"Masked Bandits","floor":20.0,"turns":1.0},{"damage":1.0,"enemies":"Shell Parasite","floor":21.0,"turns":2.0},{"damage":8.0,"enemies":"Cultist and Chosen","floor":25.0,"turns":2.0},{"damage":17.0,"enemies":"Centurion and Healer","floor":27.0,"turns":2.0},{"damage":6.0,"enemies":"Sentry and Sphere","floor":31.0,"turns":1.0},{"damage":12.0,"enemies":"Automaton","floor":33.0,"turns":3.0},{"damage":6.0,"enemies":"Orb Walker","floor":35.0,"turns":1.0},{"damage":16.0,"enemies":"3 Shapes","floor":36.0,"turns":2.0},{"damage":0.0,"enemies":"Spire Growth","floor":38.0,"turns":2.0},{"damage":0.0,"enemies":"3 Darklings","floor":39.0,"turns":1.0},{"damage":0.0,"enemies":"Sphere and 2 Shapes","floor":41.0,"turns":1.0},{"damage":0.0,"enemies":"Writhing Mass","floor":42.0,"turns":1.0},{"damage":0.0,"enemies":"3 Darklings","floor":45.0,"turns":1.0},{"damage":16.0,"enemies":"4 Shapes","floor":47.0,"turns":3.0},{"damage":6,"enemies":"Time Eater","floor":50,"turns":1}],"seed_played":"-8136925521176778862","potions_obtained":[{"floor":10.0,"key":"Ancient Potion"},{"floor":16.0,"key":"EntropicBrew"},{"floor":36.0,"key":"Dexterity Potion"},{"floor":41.0,"key":"Ancient Potion"}],"is_trial":false,"path_per_floor":["M","M","$","M","?","R","?","R","T","M","R","T","M","$","R","B",null,"M","?","?","M","$","R","?","M","T","M","R","$","R","M","R","B",null,"M","M","?","M","M","$","M","M","T","R","M","R","M","?","R","B",null],"character_chosen":"WATCHER","items_purchased":["SteroidPotion","DuplicationPotion","Swift Potion"],"campfire_rested":0,"item_purchase_floors":[14,22,40],"current_hp_per_floor":[72,72,72,72,54,54,54,54,54,43,43,43,43,43,43,43,72,46,46,46,45,60,60,60,52,52,39,39,54,54,51,51,39,75,69,53,53,53,53,68,68,68,68,68,68,68,59,75,75,69],"gold":138,"neow_bonus":"","is_daily":true,"chose_seed":false,"campfire_upgraded":11,"win_rate":0.0,"timestamp":1609824959,"path_taken":["M","M","$","M","?","R","?","R","T","M","R","?","M","$","R","BOSS","M","?","?","M","?","R","?","M","T","?","R","?","R","M","R","BOSS","M","M","?","M","M","$","?","?","T","R","M","R","M","?","R","BOSS"],"items_purchased_type":["Potion","Potion","Potion"],"build_version":"2020-12-22","purchased_purges":5,"victory":true,"max_hp_per_floor":[72,72,72,72,72,72,72,72,72,72,72,72,72,72,72,72,72,72,72,72,72,72,72,72,72,72,72,72,72,72,75,75,75,75,75,75,75,75,75,75,75,75,75,75,75,75,75,75,75,75],"card_choices":[{"not_picked":["Headbutt","Armaments","Clothesline"],"picked":"SKIP","floor":1.0},{"not_picked":["Conclude","JustLucky","MasterReality"],"picked":"SKIP","floor":2.0},{"not_picked":["Pray","MentalFortress","WheelKick"],"picked":"SKIP","floor":4.0},{"not_picked":["FlyingSleeves","Havoc","Bloodletting"],"picked":"SKIP","floor":10.0},{"not_picked":["Indignation","FlyingSleeves","Whirlwind"],"picked":"SKIP","floor":13.0},{"not_picked":["Feed","Bludgeon"],"picked":"Offering","floor":16.0},{"not_picked":["EmptyFist+1","TalkToTheHand","Clash"],"picked":"SKIP","floor":18.0},{"not_picked":["Blood for Blood","Entrench","Reckless Charge"],"picked":"SKIP","floor":21.0},{"not_picked":["SashWhip","Blood for Blood","Prostrate"],"picked":"SKIP","floor":25.0},{"not_picked":["Worship","Cleave+1"],"picked":"Conclude+1","floor":27.0},{"not_picked":["Meditate","Armaments","Power Through+1"],"picked":"SKIP","floor":31.0},{"not_picked":["SandsOfTime+1","Heavy Blade+1","Havoc"],"picked":"SKIP","floor":35.0},{"not_picked":["BowlingBash+1","Body Slam+1","Flex+1"],"picked":"SKIP","floor":36.0},{"not_picked":["Body Slam+1","Twin Strike+1"],"picked":"Warcry+1","floor":38.0},{"not_picked":["Crescendo","Twin Strike+1","Corruption"],"picked":"SKIP","floor":39.0},{"not_picked":["Thunderclap+1","Crescendo+1","Twin Strike+1"],"picked":"SKIP","floor":41.0},{"not_picked":["Disarm","Sever Soul+1","Shockwave"],"picked":"SKIP","floor":42.0},{"not_picked":["Perfected Strike+1","Crescendo+1","Dark Embrace"],"picked":"SKIP","floor":45.0},{"not_picked":["ThirdEye","FearNoEvil+1","BowlingBash+1"],"picked":"SKIP","floor":47.0}],"player_experience":115423,"relics_obtained":[{"floor":9.0,"key":"Kunai"},{"floor":12.0,"key":"Ornamental Fan"},{"floor":20.0,"key":"Red Mask"},{"floor":26.0,"key":"Molten Egg 2"},{"floor":43.0,"key":"Bag of Preparation"}],"event_choices":[{"damage_healed":0.0,"max_hp_gain":0.0,"max_hp_loss":0.0,"gold_gain":0.0,"event_name":"Golden Idol","player_choice":"Take Damage","floor":5.0,"gold_loss":0.0,"damage_taken":18.0,"relics_obtained":["Golden Idol"]},{"damage_healed":0.0,"max_hp_gain":0.0,"max_hp_loss":0.0,"gold_gain":0.0,"event_name":"Liars Game","player_choice":"Ignored","floor":7.0,"gold_loss":0.0,"damage_taken":0.0},{"damage_healed":0.0,"max_hp_gain":0.0,"max_hp_loss":0.0,"gold_gain":0.0,"event_name":"The Mausoleum","player_choice":"Opened","floor":19.0,"gold_loss":0.0,"damage_taken":0.0,"relics_obtained":["MealTicket"]},{"damage_healed":0.0,"max_hp_gain":0.0,"max_hp_loss":0.0,"gold_gain":0.0,"event_name":"Masked Bandits","player_choice":"Fought Bandits","floor":20.0,"gold_loss":0.0,"damage_taken":0.0},{"damage_healed":0.0,"max_hp_gain":0.0,"max_hp_loss":0.0,"gold_gain":0.0,"event_name":"Upgrade Shrine","player_choice":"Upgraded","floor":24.0,"gold_loss":0.0,"damage_taken":0.0,"cards_upgraded":["Ragnarok"]},{"damage_healed":0.0,"max_hp_gain":0.0,"max_hp_loss":0.0,"gold_gain":0.0,"event_name":"Duplicator","player_choice":"Copied","floor":37.0,"gold_loss":0.0,"damage_taken":0.0,"cards_obtained":["Bludgeon"]},{"damage_healed":19.0,"max_hp_gain":0.0,"max_hp_loss":0.0,"gold_gain":0.0,"event_name":"Winding Halls","player_choice":"Writhe","floor":48.0,"gold_loss":0.0,"damage_taken":0.0,"cards_obtained":["Writhe"]}],"is_beta":false,"boss_relics":[{"not_picked":["Astrolabe","Snecko Eye"],"picked":"Philosopher\u0027s Stone"},{"not_picked":["Runic Pyramid","Black Star"],"picked":"Empty Cage"}],"items_purged_floors":[3,14,22,29,40],"is_endless":false,"potions_floor_spawned":[10,16,18,21,25,36,41,42],"ascension_level":0}}