{"host":"x7n7968bn9ekn290","time":1609876654,"event":{"mods":["AchievementEnabler","BaseMod","Colored Map","Minty Spire (QoL Compilation)","Relic Stats"],"gold_per_floor":[209,223,235,252,207,233,233,233,233,247,267,267,282,297,297,394,394,407,439,450,31,49,49,49],"floor_reached":23,"playtime":1140,"items_purged":[],"score":197,"play_id":"1e8fdb7e-429c-4478-8c6e-a242718fc687","local_time":"20210105115734","is_ascension_mode":false,"campfire_choices":[{"floor":8,"key":"REST"},{"floor":15,"key":"REST"}],"circlet_count":0,"master_deck":["Strike_G","Strike_G","Strike_G","Strike_G","Strike_G","Defend_G","Defend_G","Defend_G","Defend_G","Defend_G","Survivor","Neutralize","Infinite Blades","Finisher","Deflect","Backstab","Blade Dance","Dash","PiercingWail","Backstab","Backflip","Dagger Throw","CurseOfTheBell","Slice","Blur","Trip","Infinite Blades","Backstab"],"relics":["Ring of the Snake","Nunchaku","Orichalcum","Calling Bell","Vajra","Letter Opener","Bird Faced Urn","Red Mask","Bottled Tornado"],"acts_visited":["Exordium","TheCity"],"potions_floor_usage":[16,23],"damage_taken":[{"damage":4,"enemies":"Cultist","floor":1,"turns":5},{"damage":0,"enemies":"2 Louse","floor":2,"turns":3},{"damage":0,"enemies":"Small Slimes","floor":3,"turns":5},{"damage":5,"enemies":"Blue Slaver","floor":4,"turns":3},{"damage":24,"enemies":"Gremlin Nob","floor":6,"turns":4},{"damage":0,"enemies":"Exordium Wildlife","floor":10,"turns":3},{"damage":6,"enemies":"Exordium Thugs","floor":11,"turns":4},{"damage":4,"enemies":"Gremlin Gang","floor":13,"turns":6},{"damage":1,"enemies":"Exordium Wildlife","floor":14,"turns":3},{"damage":47,"enemies":"Hexaghost","floor":16,"turns":12},{"damage":2,"enemies":"Chosen","floor":18,"turns":2},{"damage":22,"enemies":"Masked Bandits","floor":19,"turns":5},{"damage":8,"enemies":"2 Thieves","floor":20,"turns":2},{"damage":9,"enemies":"Snake Plant","floor":22,"turns":5},{"damage":40,"enemies":"Slavers","floor":23,"turns":7}],"seed_played":"-233601884908307155","potions_obtained":[{"floor":3,"key":"Swift Potion"},{"floor":6,"key":"SteroidPotion"},{"floor":7,"key":"Ancient Potion"},{"floor":7,"key":"FearPotion"},{"floor":16,"key":"Poison Potion"}],"is_trial":false,"path_per_floor":["M","M","M","M","$","E","?","R","T","M","M","?","M","M","R","B",null,"M","?","M","$","M","E"],"character_chosen":"THE_SILENT","items_purchased":["Blade Dance","Trip","Infinite Blades","Bottled Tornado"],"campfire_rested":2,"item_purchase_floors":[5,21,21,21],"current_hp_per_floor":[66,66,66,61,61,37,37,58,58,58,52,49,45,44,65,18,70,68,48,42,42,35,0,0],"gold":49,"neow_bonus":"HUNDRED_GOLD","is_daily":false,"chose_seed":false,"campfire_upgraded":0,"win_rate":0.0,"timestamp":1609876654,"path_taken":["M","?","M","M","$","E","?","R","T","?","M","?","M","M","R","BOSS","M","?","M","$","M","E"],"items_purchased_type":["Card","Card","Card","Relic"],"build_version":"2020-12-22","purchased_purges":0,"victory":false,"max_hp_per_floor":[70,70,70,70,70,70,70,70,70,70,70,70,70,70,70,70,70,70,70,70,70,70,70,70],"relic_stats":{"Nunchaku":[15],"counters":[15,69],"Bird Faced Urn":[10],"Letter Opener":[42],"Orichalcum":[72],"obtain_stats":[{"Calling Bell":17,"Nunchaku":6,"Bird Faced Urn":17,"Vajra":17,"Red Mask":19,"Letter Opener":17,"Orichalcum":9,"Bottled Tornado":21,"Ring of the Snake":0},{"Calling Bell":10,"Nunchaku":5,"Bird Faced Urn":10,"Vajra":10,"Red Mask":12,"Letter Opener":10,"Orichalcum":5,"Bottled Tornado":13,"Ring of the Snake":0},{"Calling Bell":48,"Nunchaku":20,"Bird Faced Urn":48,"Vajra":48,"Red Mask":55,"Letter Opener":48,"Orichalcum":20,"Bottled Tornado":57,"Ring of the Snake":0}],"Ring of the Snake":[30]},"card_choices":[{"not_picked":["Flying Knee","Calculated Gamble"],"picked":"Infinite Blades","floor":1},{"not_picked":["Well Laid Plans","Bouncing Flask"],"picked":"Finisher","floor":2},{"not_picked":["Dagger Throw","Eviscerate"],"picked":"Deflect","floor":3},{"not_picked":["Deadly Poison","Bouncing Flask"],"picked":"Backstab","floor":4},{"not_picked":["Escape Plan","PiercingWail"],"picked":"Dash","floor":6},{"not_picked":["Underhanded Strike","Expertise"],"picked":"PiercingWail","floor":10},{"not_picked":["Finisher","Infinite Blades"],"picked":"Backstab","floor":11},{"not_picked":["Heel Hook","Expertise"],"picked":"Backflip","floor":13},{"not_picked":["Crippling Poison","Catalyst"],"picked":"Dagger Throw","floor":14},{"not_picked":["Quick Slash","Caltrops"],"picked":"Slice","floor":18},{"not_picked":["Tactician","Underhanded Strike+1"],"picked":"Blur","floor":20},{"not_picked":["Dagger Spray","Bane"],"picked":"Backstab","floor":22}],"player_experience":10164,"relics_obtained":[{"floor":6,"key":"Nunchaku"},{"floor":9,"key":"Orichalcum"},{"floor":17,"key":"Vajra"},{"floor":17,"key":"Letter Opener"},{"floor":17,"key":"Bird Faced Urn"},{"floor":19,"key":"Red Mask"}],"event_choices":[{"damage_healed":0,"gold_gain":0,"player_choice":"Got Potions","damage_taken":0,"max_hp_gain":0,"max_hp_loss":0,"event_name":"Lab","floor":7,"gold_loss":0},{"damage_healed":0,"gold_gain":0,"player_choice":"Fled","damage_taken":3,"max_hp_gain":0,"max_hp_loss":0,"event_name":"Scrap Ooze","floor":12,"gold_loss":0},{"damage_healed":0,"gold_gain":0,"player_choice":"Fought Bandits","damage_taken":0,"max_hp_gain":0,"max_hp_loss":0,"event_name":"Masked Bandits","floor":19,"gold_loss":0}],"is_beta":false,"boss_relics":[{"not_picked":["Snecko Eye","Ectoplasm"],"picked":"Calling Bell"}],"items_purged_floors":[],"is_endless":false,"potions_floor_spawned":[3,6,11,14,16,20,22],"killed_by":"Slavers","ascension_level":0}}