{"host":"q79spna8ofw6hj3r","time":1609840648,"event":{"mods":["Aspiration","BaseMod","Bestiary","Better Altar","Better Match","Better Note","Better Sensory Stone","Better Skull","Better Third Choice","Better Vampires","BetterRewards","Block Reminder","Card Filter","Challenge The Spire","Colored Map","Colored Powertips","Conspire","Custom Start","Energized Spire","Halation","Hubris","Infinite Spire","Jedi Mod","Mimic Mod","Minty Spire (QoL Compilation)","Permanent Neow","Quick Restart","Relic Filter","Relic Sorter","Replay The Spire","Shop Mod","StSLib","SuperFastMode","Synergy Search","The Servant 0.9.4","vexMod"],"gold_per_floor":[116,116,133,148,148,148,165,165,165,175,190,223,223,258,258,355,355,367,367,377,403,403],"floor_reached":21,"playtime":645,"items_purged":[],"score":190,"play_id":"e74b4d5e-c51e-4aae-9acb-299fa8599d11","local_time":"20210105115728","is_ascension_mode":true,"campfire_choices":[{"data":"Deny","floor":6,"key":"SMITH"},{"data":"ShatteredReality","floor":8,"key":"SMITH"},{"floor":15,"key":"REST"}],"circlet_count":0,"master_deck":["Strike_S","Strike_S","Strike_S","Defend_S+1","Defend_S","Defend_S+1","Defend_S","KidneyShot","Exchange","Deny+1","ShatteredReality+1","Injury","Potential","Potential","ShatteredReality","Contraction+1","ShatteredReality","Luminosity+1"],"relics":["Uniform","halation:PinkSoulGem","NeowsBlessing","Toxic Egg 2","War Paint","Regal Pillow","PreservedInsect","energizedSpire:NeverEndingSparkler"],"acts_visited":["Exordium","TheCity"],"potions_floor_usage":[12,16],"damage_taken":[{"damage":0,"enemies":"2 Louse","floor":1,"turns":1},{"damage":0,"enemies":"Cultist","floor":3,"turns":1},{"damage":0,"enemies":"Small Slimes","floor":4,"turns":1},{"damage":27,"enemies":"Exordium Wildlife","floor":7,"turns":5},{"damage":0,"enemies":"Gremlin Gang","floor":10,"turns":1},{"damage":7,"enemies":"Looter","floor":11,"turns":2},{"damage":21,"enemies":"Lagavulin","floor":12,"turns":6},{"damage":0,"enemies":"Large Slime","floor":14,"turns":6},{"damage":35,"enemies":"Slime Boss","floor":16,"turns":12},{"damage":3,"enemies":"Shell Parasite","floor":18,"turns":7},{"damage":17,"enemies":"2 Thieves","floor":20,"turns":5},{"damage":49,"enemies":"conspire:MimicChest","floor":21,"turns":9}],"seed_played":"7620056152759270801","potions_obtained":[{"floor":7,"key":"SteroidPotion"},{"floor":10,"key":"CultistPotion"},{"floor":12,"key":"Block Potion"},{"floor":16,"key":"SpeedPotion"}],"is_trial":false,"path_per_floor":["M","?","M","M","?","R","M","R","T","M","M","E","?","MIM","R","B",null,"M","?","M","?"],"character_chosen":"THE_SERVANT","items_purchased":[],"campfire_rested":1,"item_purchase_floors":[],"current_hp_per_floor":[65,65,65,65,65,65,38,38,38,38,31,10,10,10,44,9,65,62,62,45,0,0],"gold":403,"neow_bonus":"THREE_ENEMY_KILL","is_daily":false,"chose_seed":false,"campfire_upgraded":2,"win_rate":0.0,"timestamp":1609840648,"path_taken":["M","?","?","M","?","R","?","R","T","M","?","E","?","?","R","BOSS","M","?","M","?"],"items_purchased_type":[],"build_version":"2020-12-22","purchased_purges":0,"victory":false,"max_hp_per_floor":[65,65,65,65,65,65,65,65,65,65,65,65,65,65,65,65,65,65,65,65,65,65],"card_choices":[{"not_picked":["TimeTheft","Rewind","Alleviate"],"picked":"SKIP","floor":1},{"not_picked":["Spin","Foresight"],"picked":"ShatteredReality","floor":3},{"not_picked":["Alleviate","Shuttle","Rearm"],"picked":"SKIP","floor":4},{"not_picked":["RealityMarble","FloweringNight"],"picked":"Potential","floor":7},{"not_picked":["TimeWarp","TimeTheft+1","Defy+1"],"picked":"SKIP","floor":10},{"not_picked":["Luminosity","TimeWarp"],"picked":"Potential","floor":11},{"not_picked":["SilverBlades","Alleviate+1"],"picked":"ShatteredReality","floor":12},{"not_picked":["TimeWarp","Defy+1"],"picked":"ShatteredReality","floor":14},{"not_picked":["Unruled","Luminosity+1","Deadline+1"],"picked":"SKIP","floor":18},{"not_picked":["Unruled","Deadline+1"],"picked":"Luminosity+1","floor":18},{"not_picked":["Sabotage","Unruled","Moonlight"],"picked":"SKIP","floor":20}],"player_experience":218639,"relics_obtained":[{"floor":9,"key":"War Paint"},{"floor":12,"key":"Regal Pillow"},{"floor":14,"key":"PreservedInsect"}],"event_choices":[{"damage_healed":0,"gold_gain":0,"cards_transformed":["Strike_S"],"player_choice":"Transformed","damage_taken":0,"max_hp_gain":0,"max_hp_loss":0,"event_name":"Transmorgrifier","floor":2,"gold_loss":0,"cards_obtained":["Deny"]}],"is_beta":false,"boss_relics":[{"not_picked":["SlaversCollar","Busted Crown"],"picked":"energizedSpire:NeverEndingSparkler"}],"items_purged_floors":[],"is_endless":false,"potions_floor_spawned":[7,10,12,16],"killed_by":"conspire:MimicChest","ascension_level":1}}