{"host":"5dk97cf2ubw2v967","time":1609836194,"event":{"mods":["AlwaysNeverKeys","BaseMod","Better Altar","Better Vampires","Block Reminder","Colored Powertips","Downfall","Googly Eyes","Highlight Path","Minty Spire (QoL Compilation)","Permanent Neow","Potion Indicator Mod","Quick Restart","Relic Filter","Relic Stats","Say the Spire","Spicy Shops","StSLib","Waifu the Spire","everything is the same but u backflip on backflip"],"gold_per_floor":[99,116,132,42,61,61,61,61,76,76,76,76,76],"floor_reached":11,"playtime":335,"items_purged":["Guardian:Strike_Guardian"],"score":126,"play_id":"b34f51e2-07c8-4edd-9bdc-c06830008046","local_time":"20210105084314","is_ascension_mode":true,"campfire_choices":[{"data":"Guardian:TwinSlam","floor":1,"key":"SMITH"},{"data":"Guardian:Preprogram","floor":6,"key":"SMITH"},{"data":"Guardian:Clone","floor":10,"key":"SMITH"}],"circlet_count":0,"master_deck":["AscendersBane","Guardian:Strike_Guardian","Guardian:Strike_Guardian","Guardian:Strike_Guardian","Guardian:Defend_Guardian","Guardian:Defend_Guardian","Guardian:Defend_Guardian","Guardian:CurlUp","Guardian:TwinSlam+1","Guardian:FastForward","Guardian:Preprogram+1","Guardian:Clone+1","Guardian:TimeSifter","Guardian:TimeBomb","Guardian:ChargeUp"],"relics":["Guardian:ModeShifter","Gremlin Horn"],"acts_visited":["Exordium"],"potions_floor_usage":[9,11],"damage_taken":[{"damage":3,"enemies":"2 Louse","floor":2,"turns":4},{"damage":1,"enemies":"Small Slimes","floor":3,"turns":5},{"damage":0,"enemies":"downfall:FleeingMerchant","floor":4,"turns":4},{"damage":1,"enemies":"Cultist","floor":5,"turns":4},{"damage":7,"enemies":"Exordium Thugs","floor":9,"turns":3},{"damage":51,"enemies":"Gremlin Nob","floor":11,"turns":4}],"seed_played":"6228590220484429918","potions_obtained":[{"floor":2,"key":"AttackPotion"},{"floor":5,"key":"Regen Potion"}],"is_trial":false,"path_per_floor":["R","M","M","$","M","R","T","?","M","R","E"],"character_chosen":"GUARDIAN","items_purchased":[],"campfire_rested":0,"item_purchase_floors":[],"current_hp_per_floor":[47,44,43,43,42,42,42,42,35,35,0,0,0],"gold":76,"neow_bonus":"THREE_RARE_CARDS","is_daily":false,"chose_seed":false,"campfire_upgraded":3,"win_rate":0.0,"timestamp":1609836194,"path_taken":["R","M","M","$","M","R","T","?","M","R","E"],"items_purchased_type":[],"build_version":"2020-12-22","purchased_purges":1,"victory":false,"max_hp_per_floor":[72,72,72,72,72,72,72,72,72,72,72,72,72],"relic_stats":{"Gremlin Horn":[1,1],"counters":[6,24],"obtain_stats":[{"Gremlin Horn":7,"Guardian:ModeShifter":0},{"Gremlin Horn":4,"Guardian:ModeShifter":0},{"Gremlin Horn":17,"Guardian:ModeShifter":0}]},"card_choices":[{"not_picked":["Guardian:Gem_Synthetic","Guardian:SphericShield"],"picked":"Guardian:FastForward","floor":0},{"not_picked":["Guardian:Gem_Fragmented","Guardian:RollAttack"],"picked":"Guardian:Preprogram","floor":2},{"not_picked":["Guardian:TemporalStrike","Guardian:CrystalBeam"],"picked":"Guardian:Clone","floor":3},{"not_picked":["Guardian:DecasProtection","Guardian:PiercingHide"],"picked":"Guardian:TimeSifter","floor":4},{"not_picked":["Guardian:TemporalStrike","Guardian:WalkerClaw"],"picked":"Guardian:TimeBomb","floor":5},{"not_picked":["Guardian:RollAttack","Guardian:TemporalStrike"],"picked":"Guardian:ChargeUp","floor":9}],"player_experience":1299397,"relics_obtained":[{"floor":7,"key":"Gremlin Horn"}],"event_choices":[{"cards_removed":["Guardian:Defend_Guardian"],"damage_healed":0,"gold_gain":0,"player_choice":"Card Removal","damage_taken":0,"max_hp_gain":0,"max_hp_loss":0,"event_name":"The Cleric","floor":8,"gold_loss":0}],"is_beta":false,"boss_relics":[],"items_purged_floors":[4],"is_endless":false,"potions_floor_spawned":[2,5],"killed_by":"Gremlin Nob","ascension_level":20}}