{"host":"x4d6lk1isuf99bn5","time":1609845344,"event":{"mods":["Act Like it!","BaseMod","Colored Powertips","Defuse TimeMaze Blight","Gensokyo","Marisa£®ÏF”Í°°ƒß¿Ì…≥£©","Minty Spire (QoL Compilation)","Quick Restart","Reimu£®≤©¿ˆ¡È√Œ£©","Remilia£®¿Ÿ√◊¿Ú—«£©","Replay The Spire","Shop Mod","StSLib","Yakumo Yukari mod","Yuyuko"],"gold_per_floor":[138,138,138,171,101,206,293,398,398,440,545,570,648,192,423,717,717,759,759,360,360,405,486,486,564,576,678,690,741,807,894,906,1206,1218,1260,1272,1284,1296,866,983,1025,1037,1049,1157,70,145,253,253,253,559,559,607,607,24,24,24,108,141,219,324,210,315,179,284,329,329,641,641,677,523,523,523,724,829,155,260,362,371,467,467,548,602,602,920,920,968,968,968,968,190,265,370,445,445,445],"floor_reached":94,"playtime":5196,"items_purged":["Stigmanizer","NightDance","ScarletCoffin+1","CommonCold"],"score":3115,"play_id":"83f9a2c3-68a1-43c3-9dd2-300109f196f3","local_time":"20210105191544","daily_mods":["SealedDeck","Vintage","Heirloom","Flight","Elite Swarm","Midas"],"is_ascension_mode":false,"campfire_choices":[{"floor":32.0,"key":"REST"},{"floor":49.0,"key":"REST"},{"floor":66,"key":"REST"},{"data":"Stigmanizer+1","floor":83,"key":"PURGE"}],"circlet_count":1,"master_deck":["MastersStateliness+1","QueenOfMidnight+1","CeilingFear+1","MastersStateliness+1","Pot Of Greed+1","Pot Of Greed+1","HeartBreak+1","Gensokyo:ShootingStar+1","KamiRite:ReiMu+1"],"relics":["ScarletHat","Gungnir","Bird Faced Urn","Pear","Mummified Hand","Gremlin Food","Smiling Mask","Mercury Hourglass","ReplayTheSpireMod:Lightbulb","Nunchaku","Lantern","Toxic Egg 2","Vajra","Circlet","Cursed Key","Iron Hammer","TypeBBloodRedTea","Guide Book","Replay:Baseball","Onion Ring","Replay:Rubber Ducky","FairyMaid","MawBank","The Courier","Replay:WaspNest","Divine Protection","Gambling Chip","Eternal Feather","Centennial Puzzle","Mastiff:ReiMu","CeramicFish","Fusion Hammer","CrazyTorch:ReiMu","Pantograph","Gensokyo:EmptyGrave","Sling","ClockworkSouvenir","Orrery","Potion Belt","Pen Nib","Unceasing Top","Thread and Needle","InkBottle","DollysMirror","Torii","Ginger","Replay:Wax Seal","ScarletDevilRocket","Grinning Jar","ReplayTheSpireMod:TigerMarble","War Paint","SacredBark","Blood Vial","ReplayTheSpireMod:CursedCoin","PreservedInsect","Anchor","Shuriken","RuthlessExorcism:ReiMu","Boot","Art of War","Frozen Eye","PrismaticShard","Gremlin Horn","Sozu","Happy Flower","Chemical X","Whetstone","Molten Egg 2","Strawberry","MealTicket","Dream Catcher","Omamori","Gensokyo:RedStar","Mango","Tiny Chest","ReplayTheSpireMod:Shallot","Peace Pipe","Replay:Mystery Machine","Blue Doll","Oddly Smooth Stone"],"acts_visited":["Gensokyo:Gensokyo","Gensokyo:Gensokyoer","Gensokyo:Gensokyoest","Gensokyo:Gensokyo","Gensokyo:Gensokyoer","Gensokyo:Gensokyoest"],"potions_floor_usage":[87,87],"damage_taken":[{"damage":0.0,"enemies":"Gensokyo:Python","floor":1.0,"turns":2.0},{"damage":0.0,"enemies":"Gensokyo:2_Kodama","floor":4.0,"turns":2.0},{"damage":0.0,"enemies":"Gensokyo:Cirno","floor":6.0,"turns":6.0},{"damage":0.0,"enemies":"Gensokyo:Aya","floor":7.0,"turns":2.0},{"damage":0.0,"enemies":"Gensokyo:Cirno","floor":8.0,"turns":5.0},{"damage":0.0,"enemies":"Gensokyo:3_Fairies","floor":10.0,"turns":5.0},{"damage":0.0,"enemies":"Gensokyo:Aya","floor":11.0,"turns":4.0},{"damage":1.0,"enemies":"Gensokyo:Cirno","floor":13.0,"turns":6.0},{"damage":4.0,"enemies":"Gensokyo:Yukari","floor":16.0,"turns":12.0},{"damage":0.0,"enemies":"Gensokyo:Chomper","floor":18.0,"turns":4.0},{"damage":0.0,"enemies":"Gensokyo:AngelMirror","floor":22.0,"turns":2.0},{"damage":0.0,"enemies":"Gensokyo:Reisen","floor":23.0,"turns":3.0},{"damage":0.0,"enemies":"Gensokyo:Tenshi","floor":25.0,"turns":1.0},{"damage":0.0,"enemies":"Gensokyo:Reisen","floor":27.0,"turns":3.0},{"damage":0.0,"enemies":"Gensokyo:3_Gloops","floor":29.0,"turns":3.0},{"damage":0.0,"enemies":"Gensokyo:Chomper_and_Gloop","floor":30.0,"turns":3.0},{"damage":0.0,"enemies":"Gensokyo:Tenshi","floor":31.0,"turns":2.0},{"damage":0.0,"enemies":"Gensokyo:Eiki","floor":33.0,"turns":4.0},{"damage":0.0,"enemies":"Gensokyo:3_Boulders","floor":35.0,"turns":4.0},{"damage":0.0,"enemies":"Gensokyo:Doremy","floor":40.0,"turns":3.0},{"damage":0.0,"enemies":"Gensokyo:AncientGuardian","floor":41.0,"turns":2.0},{"damage":0.0,"enemies":"Gensokyo:Kasen","floor":44.0,"turns":3.0},{"damage":0.0,"enemies":"Gensokyo:Marisa","floor":46.0,"turns":2.0},{"damage":0.0,"enemies":"Gensokyo:Kasen","floor":47.0,"turns":2.0},{"damage":0.0,"enemies":"Gensokyo:Scarlet_Devils","floor":50.0,"turns":3.0},{"damage":0.0,"enemies":"Gensokyo:3_Fairies","floor":52.0,"turns":3.0},{"damage":0.0,"enemies":"Gensokyo:Aya","floor":57.0,"turns":1.0},{"damage":0.0,"enemies":"Gensokyo:Python","floor":58.0,"turns":1.0},{"damage":0.0,"enemies":"Gensokyo:Mamizou","floor":59.0,"turns":1.0},{"damage":0,"enemies":"Gensokyo:Aya","floor":60,"turns":1},{"damage":0,"enemies":"Gensokyo:Mamizou","floor":62,"turns":1},{"damage":0,"enemies":"Gensokyo:Aya","floor":64,"turns":1},{"damage":0,"enemies":"Gensokyo:2_Kodama","floor":65,"turns":1},{"damage":0,"enemies":"Gensokyo:Yukari","floor":67,"turns":2},{"damage":0,"enemies":"Gensokyo:AngelMirror","floor":69,"turns":1},{"damage":0,"enemies":"Gensokyo:Tenshi","floor":74,"turns":1},{"damage":0,"enemies":"Gensokyo:Koishi","floor":76,"turns":1},{"damage":0,"enemies":"Gensokyo:Tenshi","floor":77,"turns":1},{"damage":0,"enemies":"Gensokyo:Reisen","floor":79,"turns":1},{"damage":0,"enemies":"Gensokyo:Tenshi","floor":81,"turns":1},{"damage":0,"enemies":"Gensokyo:3_Dogs","floor":82,"turns":1},{"damage":0,"enemies":"Gensokyo:Kaguya","floor":84,"turns":2},{"damage":0,"enemies":"Gensokyo:3_Boulders","floor":86,"turns":1},{"damage":0,"enemies":"Gensokyo:3_Boulders","floor":87,"turns":3},{"damage":0,"enemies":"Gensokyo:Marisa","floor":91,"turns":1},{"damage":0,"enemies":"Gensokyo:Kasen","floor":92,"turns":1},{"damage":0,"enemies":"Gensokyo:Doremy","floor":93,"turns":1},{"damage":0,"enemies":"Gensokyo:Marisa","floor":94,"turns":1}],"seed_played":"-167875309317212573","potions_obtained":[{"floor":7.0,"key":"Elixir"},{"floor":8.0,"key":"Block Potion"},{"floor":10.0,"key":"Adrenaline Potion"},{"floor":22.0,"key":"PowerPotion"},{"floor":23.0,"key":"SmokeBomb"},{"floor":27.0,"key":"PowerPotion"},{"floor":35.0,"key":"Elixir"},{"floor":41.0,"key":"Adrenaline Potion"},{"floor":47.0,"key":"ColorlessPotion"},{"floor":52.0,"key":"Weak Potion"}],"is_trial":true,"path_per_floor":["M","?","$","M","?","E","E","E","T","M","E","T","E","$","R","B",null,"M","?","$","?","M","E","T","E","T","E","$","M","M","E","R","B",null,"M","?","?","?","COS","E","M","$","T","E","$","E","E","?","R","B",null,"M","?","$","?","?","E","M","E","E","$","E","COS","E","M","R","B",null,"M","COS","?","$","?","E","$","E","E","?","E","?","E","M","R","B",null,"M","?","?","?","$","E","E","E","E"],"character_chosen":"REMILIA","items_purchased":["Toxic Egg 2","Vajra","Guide Book","Replay:Baseball","MastersStateliness","InkBottle","DollysMirror","Torii","Ginger","Replay:Wax Seal","ScarletDevilRocket","Grinning Jar","ReplayTheSpireMod:CursedCoin","PreservedInsect","Anchor","Shuriken","RuthlessExorcism:ReiMu","Boot","Frozen Eye","Molten Egg 2","Strawberry","MealTicket","Dream Catcher","Omamori","ReplayTheSpireMod:Shallot","Peace Pipe","Replay:Mystery Machine","Blue Doll","Oddly Smooth Stone"],"campfire_rested":3,"item_purchase_floors":[14,14,20,20,20,45,45,45,45,45,45,45,54,54,54,54,54,54,61,75,75,75,75,75,90,90,90,90,90],"current_hp_per_floor":[75,75,75,85,85,85,85,85,85,85,85,85,84,84,84,83,85,85,85,85,85,85,85,85,85,85,85,85,85,85,85,85,85,85,85,79,79,79,79,79,79,79,79,79,79,79,79,79,79,79,79,79,49,49,49,56,69,86,86,86,86,86,86,86,86,86,86,86,86,86,86,86,65,84,91,93,93,93,93,93,93,107,107,107,107,107,107,107,107,107,107,107,107,107,107],"gold":445,"neow_bonus":"","is_daily":false,"chose_seed":false,"campfire_upgraded":0,"win_rate":0.0,"timestamp":1609845344,"path_taken":["M","?","?","M","?","E","E","E","T","M","E","?","E","$","R","BOSS","M","?","$","?","M","E","?","E","T","E","$","?","?","E","R","BOSS","M","?","?","?","COS","E","?","?","T","E","$","E","E","?","R","BOSS","M","?","$","?","?","E","?","E","T","$","E","COS","E","?","R","BOSS","M","COS","?","$","?","E","$","E","E","?","E","?","E","?","R","BOSS","M","?","?","?","$","E","?","E","E"],"items_purchased_type":["Relic","Relic","Relic","Relic","Card","Relic","Relic","Relic","Relic","Relic","Relic","Relic","Relic","Relic","Relic","Relic","Relic","Relic","Relic","Relic","Relic","Relic","Relic","Relic","Relic","Relic","Relic","Relic","Relic"],"build_version":"2020-12-22","purchased_purges":4,"victory":false,"max_hp_per_floor":[75,75,75,85,85,85,85,85,85,85,85,85,85,85,85,85,85,85,85,85,85,85,85,85,85,85,85,85,85,85,85,85,85,85,85,79,79,79,79,79,79,79,79,79,79,79,79,79,79,79,79,79,79,79,79,86,86,86,86,86,86,86,86,86,86,86,86,86,86,86,86,86,86,86,93,93,93,93,93,93,93,107,107,107,107,107,107,107,107,107,107,107,107,107,107],"card_choices":[{"not_picked":["ChaoticDestiny","TricksterDevil","BloodRain"],"picked":"SKIP","floor":6.0},{"not_picked":["CeilingFear","EquivalentExchange","BloodyCatastrophe"],"picked":"SKIP","floor":7.0},{"not_picked":["BatForm","BloodySeventeenLaser"],"picked":"ScarletCoffin","floor":8.0},{"not_picked":["BloodySeventeenLaser","BloodRain","ChaoticDestiny"],"picked":"SKIP","floor":11.0},{"not_picked":["ScarletCoffin","BloodyCatastrophe"],"picked":"QueenOfMidnight","floor":13.0},{"not_picked":["ChaoticDestiny+1","CurseOfVladTepes","EquivalentExchange"],"picked":"SKIP","floor":23.0},{"not_picked":["ScarletMeister","BloodRain+1"],"picked":"CeilingFear+1","floor":25.0},{"not_picked":["BloodyHallows+1","CurseOfVladTepes","QueenOfMidnight"],"picked":"SKIP","floor":27.0},{"not_picked":["BatForm","BloodySeventeenLaser","ForecastOfChange"],"picked":"SKIP","floor":31.0},{"not_picked":["VampireKiss+1","CharismaGuard"],"picked":"MastersStateliness+1","floor":39.0},{"not_picked":["DemonKingCradle","BloodySeventeenLaser","ChaoticDestiny+1"],"picked":"SKIP","floor":40.0},{"not_picked":["BloodRain+1","HellCatastrophe","ScarletCoffin"],"picked":"SKIP","floor":44.0},{"not_picked":["ForecastOfChange","ScarletMeister","BloodyCatastrophe+1"],"picked":"SKIP","floor":46.0},{"not_picked":["ChaoticDestiny+1","HellCatastrophe"],"picked":"HeartBreak","floor":47.0},{"not_picked":["BloodyHallows+1","ScarletMeister","EquivalentExchange"],"picked":"SKIP","floor":57.0},{"not_picked":["ScarletCoffin","EquivalentExchange","BloodyHallows+1"],"picked":"SKIP","floor":59.0},{"not_picked":["TricksterDevil","BloodyCatastrophe+1","ScarletMeister"],"picked":"SKIP","floor":60},{"not_picked":["BloodySeventeenLaser","BloodyHallows+1","HeartBreak"],"picked":"SKIP","floor":62},{"not_picked":["Envenom","Creative AI","Bludgeon"],"picked":"SKIP","floor":64},{"not_picked":["Thunder Strike","Ghost Lead","SubcavityFantasy:ReiMu+1"],"picked":"SKIP","floor":74},{"not_picked":["Free:ReiMu+1","TricksterDevil","Unload+1"],"picked":"SKIP","floor":76},{"not_picked":["MasterReality","Corruption","PrayRite:ReiMu+1"],"picked":"SKIP","floor":77},{"not_picked":["Alpha+1","Unfulfilling Attachment","Gensokyo:LifeSpringInfinity+1"],"picked":"SKIP","floor":79},{"not_picked":["The Inky Sakura+1","Night Terror+1","Ghastly Dream+1"],"picked":"SKIP","floor":81},{"not_picked":[],"picked":"Gensokyo:ShootingStar","floor":84},{"not_picked":["Burst+1","SuperNova","Remain Here"],"picked":"SKIP","floor":91},{"not_picked":["Secret Technique+1","RunawayExorcism:ReiMu+1"],"picked":"KamiRite:ReiMu+1","floor":92},{"not_picked":["ReplayUltimateDefense","Malaise+1","Infinite Reviving+1"],"picked":"SKIP","floor":93}],"player_experience":79907,"relics_obtained":[{"floor":1.0,"key":"Bird Faced Urn"},{"floor":4.0,"key":"Pear"},{"floor":6.0,"key":"Mummified Hand"},{"floor":7.0,"key":"Gremlin Food"},{"floor":8.0,"key":"Smiling Mask"},{"floor":9.0,"key":"Mercury Hourglass"},{"floor":10.0,"key":"ReplayTheSpireMod:Lightbulb"},{"floor":11.0,"key":"Nunchaku"},{"floor":12.0,"key":"Lantern"},{"floor":13.0,"key":"Dead Branch"},{"floor":18.0,"key":"Iron Hammer"},{"floor":18.0,"key":"TypeBBloodRedTea"},{"floor":22.0,"key":"Onion Ring"},{"floor":22.0,"key":"Replay:Rubber Ducky"},{"floor":23.0,"key":"FairyMaid"},{"floor":25.0,"key":"MawBank"},{"floor":25.0,"key":"The Courier"},{"floor":27.0,"key":"Replay:WaspNest"},{"floor":29.0,"key":"Divine Protection"},{"floor":29.0,"key":"Gambling Chip"},{"floor":29.0,"key":"Eternal Feather"},{"floor":30.0,"key":"Centennial Puzzle"},{"floor":30.0,"key":"Mastiff:ReiMu"},{"floor":31.0,"key":"CeramicFish"},{"floor":35.0,"key":"CrazyTorch:ReiMu"},{"floor":35.0,"key":"Pantograph"},{"floor":40.0,"key":"Potion Belt"},{"floor":41.0,"key":"Pen Nib"},{"floor":44.0,"key":"Unceasing Top"},{"floor":44.0,"key":"Thread and Needle"},{"floor":46.0,"key":"ReplayTheSpireMod:TigerMarble"},{"floor":47.0,"key":"War Paint"},{"floor":52.0,"key":"Blood Vial"},{"floor":58.0,"key":"Art of War"},{"floor":65,"key":"Gremlin Horn"},{"floor":69,"key":"Happy Flower"},{"floor":73,"key":"Whetstone"},{"floor":82,"key":"Mango"},{"floor":86,"key":"Tiny Chest"}],"event_choices":[],"is_beta":false,"boss_relics":[{"not_picked":["Replay:Ancient Bell","ReplayTheSpireMod:DimensionalGlitch"],"picked":"Cursed Key"},{"not_picked":["Abe\u0027s Treasure","Tiny House"],"picked":"Fusion Hammer"},{"not_picked":["Velvet Choker","Ring of Chaos"],"picked":"SacredBark"},{"not_picked":["Runic Pyramid","Astrolabe"],"picked":"Sozu"},{"not_picked":["Honey Jar","APieceOfRedMist","Calling Bell"]}],"items_purged_floors":[14,20,45,54],"is_endless":true,"potions_floor_spawned":[7,8,10,11,13,22,23,27,35,41,44,47,52,57,59,62,67,69,74,77],"killed_by":"Gensokyo:Marisa","ascension_level":0}}