{"host":"pcbz64t4k17ey4z1","time":1609875167,"event":{"mods":["2.2 Compatiblity","AchievementEnabler","Act Like it!","Aspiration","BaseMod","Beaked The Cultist","Better Match","Better Third Choice","BetterRewards","Card Forge","Colored Map","Colored Powertips","Conspire","Disable Question Mark Monsters","Fireblade Mod","Friendly Minions","Gensokyo","GifTheSpireLib","Glutton Mod","Googly Eyes","Gremlin Mod","Hermit","Hubris","Infinite Spire","Koishi","Marisa????????","Minty Spire (QoL Compilation)","Permanent Neow","Potionbrewer","Quick Restart","Random Character Button","Rare Cards Sparkle","Relic Filter","Replay The Spire","Robot Space Explorer","Shade Mod","Shop Mod","Spicy Shops","StSLib","Stuff the Spire","SuperFastMode","The Animator","The Cursed","The Druid","The Gatherer","The Hierophant","The IronCluck","The Jungle","The Marked","The Runesmith","Virulent Crown","Waifu the Spire","Wandering Minibosses","vexMod"],"gold_per_floor":[110,122,122,148,180,224,236,283,295,307,346,377,389,430,442,549,561,591,618,649,679,709,721,733,733],"floor_reached":24,"playtime":2093,"items_purged":[],"score":452,"play_id":"f78ff7a2-cb99-47d5-bedf-429051bf662c","local_time":"20210105193247","is_ascension_mode":true,"campfire_choices":[{"data":"Shade:Tombstone","floor":7,"key":"SMITH"},{"data":"Shade:AuraOfUnlife","floor":10,"key":"SMITH"},{"data":"Shade:TouchOfTheGrave","floor":13,"key":"SMITH"},{"data":"Shade:TouchOfTheGrave","floor":15,"key":"SMITH"},{"data":"1","floor":23,"key":"LIFT"}],"circlet_count":0,"master_deck":["Shade:Strike_Shade+1","Shade:Strike_Shade+1","Shade:Strike_Shade+1","Shade:Strike_Shade+1","Shade:Defend_Shade+1","Shade:Defend_Shade+1","Shade:Defend_Shade+1","Shade:Defend_Shade+1","Shade:AnimateDead+1","Shade:CarefulCut+1","Shade:Carnophage+1","Shade:Tombstone+1","Shade:CallOfTheGrave","Shade:CallWraith","Shade:AuraOfUnlife+1","Shade:FleshOffering","Shade:TouchOfTheGrave+1","Shade:TouchOfTheGrave+1","Shade:SoulPierce","Shade:FleshLikeOak","Shade:OneIsEnough"],"relics":["Shade:YorickSkull","Hammer of Thor","Seething Fire","Anvil of the Gods","vexMod:GhostlyGear","ClockworkSouvenir","PreservedInsect","Durian","Vajra","hubris:PeanutButter","MawBank","StuffTheSpire:NeowsTribute","Anchor","aspiration:TomeofQuesting","Girya","Sozu"],"acts_visited":["Exordium","TheCity"],"potions_floor_usage":[2,5,14,24],"damage_taken":[{"damage":0,"enemies":"2 Louse","floor":1,"turns":3},{"damage":0,"enemies":"infinitespire:Voidling","floor":2,"turns":6},{"damage":0,"enemies":"Cultist","floor":4,"turns":2},{"damage":0,"enemies":"Blue Slaver","floor":5,"turns":5},{"damage":5,"enemies":"3 Sentries","floor":6,"turns":6},{"damage":2,"enemies":"Gremlin Nob","floor":8,"turns":2},{"damage":0,"enemies":"3 Sentries","floor":11,"turns":3},{"damage":0,"enemies":"2 Fungi Beasts","floor":12,"turns":4},{"damage":0,"enemies":"Replay:BlueRogue","floor":14,"turns":2},{"damage":4,"enemies":"The Guardian","floor":16,"turns":9},{"damage":0,"enemies":"conspire:FuzzyDice","floor":18,"turns":4},{"damage":0,"enemies":"Shell Parasite","floor":19,"turns":4},{"damage":0,"enemies":"Cultist and Chosen","floor":20,"turns":5},{"damage":15,"enemies":"3 Cultists","floor":21,"turns":6},{"damage":3,"enemies":"Chosen and Byrds","floor":22,"turns":4},{"damage":54,"enemies":"Nightmare","floor":24,"turns":6}],"seed_played":"8941978896989055429","potions_obtained":[{"floor":1,"key":"PowerPotion"},{"floor":2,"key":"Block Potion"},{"floor":5,"key":"potionbrewer:ToxicPotion"},{"floor":14,"key":"SpeedPotion"},{"floor":16,"key":"Block Potion"}],"is_trial":false,"path_per_floor":["M","M","?","M","M","E","R","E","T","R","E","M","R","E","R","B",null,"M","M","M","M","M","R","NM"],"character_chosen":"SHADE","items_purchased":["Shade:Carnophage","vexMod:GhostlyGear","ClockworkSouvenir","PreservedInsect","Vajra","hubris:PeanutButter"],"campfire_rested":0,"item_purchase_floors":[0,0,0,0,0,0],"current_hp_per_floor":[70,70,70,70,70,65,65,63,63,63,63,63,63,63,63,59,70,70,70,70,55,52,52,0,0],"gold":733,"neow_bonus":"","is_daily":false,"chose_seed":false,"campfire_upgraded":4,"win_rate":0.0,"timestamp":1609875167,"path_taken":["M","M","?","M","M","E","R","E","T","R","E","M","R","E","R","BOSS","M","M","M","M","?","R","NM"],"items_purchased_type":["Card","Relic","Relic","Relic","Relic","Relic"],"build_version":"2020-12-22","purchased_purges":0,"victory":false,"max_hp_per_floor":[70,70,70,70,70,70,70,70,70,70,70,70,70,70,70,70,70,70,70,70,70,70,70,70,70],"card_choices":[{"not_picked":["Shade:ClawBack","Shade:SpontaneousRitual","Shade:CoffinDance"],"picked":"SKIP","floor":1},{"not_picked":["Shade:GraveStillness","Shade:FreshBones"],"picked":"Shade:Tombstone","floor":2},{"not_picked":["Shade:WallOfFlesh","Shade:SkeletonHug"],"picked":"Shade:CallOfTheGrave","floor":4},{"not_picked":["Shade:Brains","Shade:FleshToFlesh"],"picked":"Shade:CallWraith","floor":5},{"not_picked":["Shade:Premonition","Shade:SoulToxin"],"picked":"Shade:AuraOfUnlife","floor":6},{"not_picked":["Shade:LoseControl","Shade:CloudOfShrapnel"],"picked":"Shade:FleshOffering","floor":8},{"not_picked":["Shade:AncientSpear","Shade:CommandSoldier"],"picked":"Shade:TouchOfTheGrave","floor":11},{"not_picked":["Shade:GraveStillness","Shade:Frenzy","Shade:FingerOfDeath"],"picked":"SKIP","floor":12},{"not_picked":["Shade:GraveStillness","Shade:ClawBack"],"picked":"Shade:TouchOfTheGrave","floor":14},{"not_picked":["Shade:LoseControl","Shade:Tombstone"],"picked":"Shade:SoulPierce","floor":16},{"not_picked":["Shade:FreshBones","Shade:GraveStillness","Shade:WallOfFlesh"],"picked":"SKIP","floor":18},{"not_picked":["Shade:FleshToFlesh","Shade:FreshBones"],"picked":"Shade:FleshLikeOak","floor":19},{"not_picked":["Shade:Patience","Shade:CallWraith","Shade:DangerousRitual"],"picked":"SKIP","floor":20},{"not_picked":["Shade:Brains","Shade:Awaken+1","Shade:FuneraryArmor"],"picked":"SKIP","floor":21},{"not_picked":["Shade:SensePrey","Shade:FreshBones"],"picked":"Shade:OneIsEnough","floor":22}],"player_experience":3869623,"relics_obtained":[{"floor":3,"key":"MawBank"},{"floor":6,"key":"StuffTheSpire:NeowsTribute"},{"floor":8,"key":"Anchor"},{"floor":11,"key":"aspiration:TomeofQuesting"},{"floor":14,"key":"Girya"}],"event_choices":[{"damage_healed":0,"gold_gain":0,"player_choice":"Relic","damage_taken":0,"max_hp_gain":0,"max_hp_loss":0,"event_name":"Wheel of Change","floor":3,"gold_loss":0}],"is_beta":false,"boss_relics":[{"not_picked":["aspiration:FutureDiary","hubris:RunicObelisk"],"picked":"Sozu"}],"items_purged_floors":[],"is_endless":false,"potions_floor_spawned":[1,2,5,14,16,20,21,22],"killed_by":"Nightmare","ascension_level":1}}