{"host":"odz7g4gpgch153rb","time":1609874685,"event":{"mods":["AchievementEnabler","BaseMod","Better Match","Better Third Choice","BetterRewards","GifTheSpireLib","Infinite Spire","Jedi Mod","Minty Spire (QoL Compilation)","Quick Restart","Replay The Spire","Spikes Relics","StSLib","Stuff the Spire","The Blue Laboratory","Trackpad"],"gold_per_floor":[111,45,45,45,45,58,73,73,73,23,38,55,55,69,69,140,140,155,155,155,155,74,74,74,85,110,23,55,73,73,83,83,157,157,168,183,58,68,68,68,80,80,126,126,140,140,140,140,140,140],"floor_reached":51,"playtime":2861,"items_purged":["Strike_G","Defend_G"],"score":1144,"play_id":"726b5def-b3f8-41c9-a735-930bfe56ce75","local_time":"20210105142445","is_ascension_mode":true,"campfire_choices":[{"data":"StuffTheSpire:ReptileScales","floor":8,"key":"SMITH"},{"data":"Blade Dance","floor":13,"key":"SMITH"},{"data":"Blade Dance","floor":15,"key":"SMITH"},{"floor":23,"key":"REST"},{"floor":30,"key":"REST"},{"floor":32,"key":"REST"},{"data":"Accuracy","floor":40,"key":"SMITH"},{"data":"Footwork","floor":42,"key":"SMITH"},{"data":"Cloak And Dagger","floor":47,"key":"SMITH"},{"data":"Cloak And Dagger","floor":49,"key":"SMITH"}],"circlet_count":0,"master_deck":["AscendersBane","Strike_G+1","Defend_G","Defend_G","Defend_G","Defend_G","Survivor+1","Neutralize","StuffTheSpire:ReptileScales+1","StuffTheSpire:ReptileScales","Cloak And Dagger+1","Blade Dance+1","Blade Dance+1","Envenom","StuffTheSpire:Rapture","Accuracy+1","StuffTheSpire:Vigor","Cloak And Dagger+1","Footwork+1","Cloak And Dagger+1","Venomology","Blade Dance"],"relics":["Ring of the Snake","NeowsBlessing","Empty Cage","WristBlade","Tough Bandages","Dream Catcher","MealTicket","jedi:paperlyon","Bag of Preparation","RollingBoulder","StuffTheSpire:DarkSteelAnvil"],"acts_visited":["Exordium","TheCity","TheBeyond"],"potions_floor_usage":[14,18,36,38,45,50,50],"damage_taken":[{"damage":0,"enemies":"2 Louse","floor":1,"turns":1},{"damage":0,"enemies":"Jaw Worm","floor":6,"turns":1},{"damage":0,"enemies":"Cultist","floor":7,"turns":1},{"damage":0,"enemies":"Looter","floor":11,"turns":3},{"damage":0,"enemies":"Blue Slaver","floor":12,"turns":5},{"damage":0,"enemies":"2 Fungi Beasts","floor":14,"turns":2},{"damage":7,"enemies":"The Guardian","floor":16,"turns":19},{"damage":19,"enemies":"Spheric Guardian","floor":18,"turns":8},{"damage":3,"enemies":"Shell Parasite","floor":25,"turns":4},{"damage":16,"enemies":"Gremlin Leader","floor":28,"turns":6},{"damage":0,"enemies":"Snecko","floor":29,"turns":2},{"damage":8,"enemies":"Shelled Parasite and Fungi","floor":31,"turns":2},{"damage":25,"enemies":"Champ","floor":33,"turns":10},{"damage":0,"enemies":"3 Shapes","floor":35,"turns":4},{"damage":12,"enemies":"3 Darklings","floor":36,"turns":2},{"damage":0,"enemies":"Maw","floor":38,"turns":7},{"damage":2,"enemies":"Transient","floor":41,"turns":6},{"damage":0,"enemies":"Sphere and 2 Shapes","floor":45,"turns":3},{"damage":52,"enemies":"infinitespire:MassOfShapes","floor":50,"turns":9}],"seed_played":"-1407261927269139721","potions_obtained":[{"floor":11,"key":"Explosive Potion"},{"floor":14,"key":"GamblersBrew"},{"floor":35,"key":"blueLaboratory:Virophage"},{"floor":36,"key":"blueLaboratory:LouseDecoction"},{"floor":41,"key":"Explosive Potion"}],"is_trial":false,"path_per_floor":["M","$","?","?","?","M","M","R","T","$","M","M","R","M","R","B",null,"M","?","AVR","?","$","R","?","M","T","$","E","M","R","M","R","B",null,"M","M","?","M","?","R","M","R","T","T","M","AVR","R","$","R","B",null],"character_chosen":"THE_SILENT","items_purchased":["StuffTheSpire:ReptileScales","Accuracy","Footwork"],"campfire_rested":3,"item_purchase_floors":[2,22,27],"current_hp_per_floor":[59,59,39,39,39,39,39,39,39,39,39,39,39,39,39,32,58,39,24,24,24,24,43,43,40,40,40,24,24,43,35,54,29,57,57,45,45,45,45,45,43,43,43,43,43,43,43,58,58,6],"gold":140,"neow_bonus":"THREE_ENEMY_KILL","is_daily":false,"chose_seed":false,"campfire_upgraded":7,"win_rate":0.0,"timestamp":1609874685,"path_taken":["M","$","?","?","?","M","?","R","T","$","M","M","R","M","R","BOSS","M","?","AVR","?","$","R","?","?","T","$","E","M","R","M","R","BOSS","M","M","?","?","?","R","M","R","T","?","?","AVR","R","$","R","BOSS"],"items_purchased_type":["Card","Card","Card"],"build_version":"2020-12-22","purchased_purges":2,"victory":true,"max_hp_per_floor":[66,66,66,66,66,66,66,66,66,66,66,66,66,66,66,66,66,66,66,66,66,66,66,66,66,66,66,66,66,66,66,66,66,66,66,66,66,66,66,66,66,66,66,66,66,66,66,66,66,66],"card_choices":[{"not_picked":["Outmaneuver","Replay:Poison Smokescreen","Acrobatics"],"picked":"SKIP","floor":1},{"not_picked":["Hidden Blade","Quick Slash"],"picked":"Cloak And Dagger","floor":6},{"not_picked":["infinitespire:Neurotoxin","jedi:collectorvenom"],"picked":"Blade Dance","floor":7},{"not_picked":["Deflect","Pace","InfectiousVector"],"picked":"SKIP","floor":11},{"not_picked":["jedi:pocketpoison","Night Terror"],"picked":"Blade Dance","floor":12},{"not_picked":["Backflip","ShadowRift","StuffTheSpire:ClusterCrunch"],"picked":"SKIP","floor":14},{"not_picked":["jedi:brewingpoison","A Thousand Cuts"],"picked":"Envenom","floor":16},{"not_picked":["Outmaneuver","Quick Slash","Reflex"],"picked":"SKIP","floor":18},{"not_picked":["StuffTheSpire:Brawn","StuffTheSpire:Innocence"],"picked":"StuffTheSpire:Vigor","floor":24},{"not_picked":["Toxin Wave","Bane"],"picked":"Cloak And Dagger","floor":25},{"not_picked":["StuffTheSpire:Sprint","Phantasmal Killer","All Out Attack"],"picked":"SKIP","floor":28},{"not_picked":["Sucker Punch","StuffTheSpire:BumpUp+1","Flying Knee"],"picked":"SKIP","floor":29},{"not_picked":["Deadly Poison","StuffTheSpire:Injection"],"picked":"Cloak And Dagger+1","floor":30},{"not_picked":["Fluid Movement+1","StuffTheSpire:Injection","Deflect"],"picked":"SKIP","floor":31},{"not_picked":["Tools of the Trade","ReplayTheSpireMod:From All Sides"],"picked":"Venomology","floor":33},{"not_picked":["Backflip+1","Deflect+1"],"picked":"Blade Dance","floor":35},{"not_picked":["Toxin Wave","Dash","Bane"],"picked":"SKIP","floor":36},{"not_picked":["Underhanded Strike","jedi:pocketpoison","StuffTheSpire:ClusterCrunch"],"picked":"SKIP","floor":38},{"not_picked":["StuffTheSpire:Sprint","jedi:pocketpoison","Skewer"],"picked":"SKIP","floor":41},{"not_picked":["Concentrate","Hidden Blade","Malaise"],"picked":"SKIP","floor":45}],"player_experience":996863,"relics_obtained":[{"floor":9,"key":"Smiling Mask"},{"floor":26,"key":"Dream Catcher"},{"floor":28,"key":"MealTicket"},{"floor":43,"key":"Bag of Preparation"},{"floor":44,"key":"RollingBoulder"}],"event_choices":[{"damage_healed":59,"gold_gain":0,"player_choice":"Upgrade","damage_taken":20,"max_hp_gain":0,"max_hp_loss":66,"event_name":"betterThird:BetterShining","floor":3,"gold_loss":0,"cards_upgraded":["Survivor","Strike_G"]},{"cards_removed":["Strike_G"],"damage_healed":0,"gold_gain":0,"player_choice":"Offered Basic","damage_taken":0,"max_hp_gain":0,"max_hp_loss":0,"event_name":"Bonfire Elementals","floor":5,"gold_loss":0},{"damage_healed":0,"gold_gain":0,"player_choice":"Ignored","damage_taken":0,"max_hp_gain":0,"max_hp_loss":0,"event_name":"Cursed Tome","floor":21,"gold_loss":0},{"damage_healed":0,"gold_gain":0,"player_choice":"3","damage_taken":0,"max_hp_gain":0,"max_hp_loss":0,"event_name":"betterMatch:BetterMatch","floor":37,"gold_loss":0,"cards_obtained":[]}],"is_beta":false,"boss_relics":[{"not_picked":["trackpad:StolenKidneys","Replay:Bronze Core"],"picked":"Empty Cage"},{"not_picked":["infinitespire:Cupcake","Replay:Wanted Poster"],"picked":"jedi:paperlyon"}],"items_purged_floors":[10,20],"is_endless":false,"potions_floor_spawned":[11,14,18,25,29,35,36,41],"ascension_level":17}}