{"host":"vlqejv0notyktumz","time":1609828956,"event":{"mods":["AchievementEnabler","BaseMod","Googly Eyes","Minty Spire (QoL Compilation)"],"gold_per_floor":[113,133,151,27,102,102,119,119,119,19,34,52,52,52,52,148,148,167,167,14,14,31,31,50,50,50,50,50,78,78,58,58,161,161,174,224,224,99,99,99,153,153,153,153,1,20,20,37,37,37,37],"floor_reached":50,"playtime":1455,"items_purged":["Defend_B","Strike_B","Strike_B+1"],"score":577,"play_id":"8bcc6d28-6f61-4989-b89b-e5eb3b76cd72","local_time":"20210105004236","is_ascension_mode":true,"campfire_choices":[{"data":"Conserve Battery","floor":6,"key":"SMITH"},{"data":"Zap","floor":8,"key":"SMITH"},{"floor":15,"key":"REST"},{"data":"Melter","floor":23,"key":"SMITH"},{"data":"Echo Form","floor":25,"key":"SMITH"},{"data":"Streamline","floor":28,"key":"SMITH"},{"data":"Leap","floor":30,"key":"SMITH"},{"floor":32,"key":"REST"},{"data":"Reinforced Body","floor":40,"key":"SMITH"},{"data":"Darkness","floor":42,"key":"SMITH"},{"data":"Dualcast","floor":44,"key":"SMITH"},{"data":"Compile Driver","floor":47,"key":"SMITH"},{"floor":49,"key":"REST"}],"circlet_count":0,"master_deck":["Strike_B+1","Strike_B+1","Defend_B+1","Defend_B+1","Defend_B+1","Zap+1","Dualcast+1","Hello World","Darkness+1","Redo+1","Conserve Battery+1","Compile Driver+1","Ball Lightning+1","Go for the Eyes+1","Steam+1","Echo Form+1","Leap+1","Streamline+1","Reinforced Body+1","Melter+1","CurseOfTheBell","Lockon+1","Undo+1"],"relics":["Cracked Core","Blood Vial","Sozu","Orrery","Ice Cream","Matryoshka","Calling Bell","Tiny Chest","InkBottle","Bird Faced Urn","WingedGreaves","Omamori","Whetstone","Bronze Scales","Question Card","War Paint"],"acts_visited":["Exordium","TheCity","TheBeyond"],"potions_floor_usage":[16,16,29],"damage_taken":[{"damage":2,"enemies":"Jaw Worm","floor":1,"turns":3},{"damage":1,"enemies":"Cultist","floor":2,"turns":3},{"damage":0,"enemies":"2 Louse","floor":3,"turns":2},{"damage":28,"enemies":"Large Slime","floor":7,"turns":7},{"damage":9,"enemies":"3 Louse","floor":11,"turns":3},{"damage":9,"enemies":"Looter","floor":12,"turns":3},{"damage":10,"enemies":"Hexaghost","floor":16,"turns":7},{"damage":16,"enemies":"3 Byrds","floor":18,"turns":5},{"damage":10,"enemies":"Shell Parasite","floor":22,"turns":4},{"damage":13,"enemies":"3 Cultists","floor":24,"turns":6},{"damage":11,"enemies":"Gremlin Leader","floor":29,"turns":6},{"damage":32,"enemies":"Automaton","floor":33,"turns":11},{"damage":8,"enemies":"3 Shapes","floor":35,"turns":5},{"damage":0,"enemies":"Mind Bloom Boss Battle","floor":36,"turns":8},{"damage":38,"enemies":"3 Darklings","floor":46,"turns":6},{"damage":24,"enemies":"Writhing Mass","floor":48,"turns":4},{"damage":46,"enemies":"Time Eater","floor":50,"turns":11}],"seed_played":"4646971510311458003","potions_obtained":[{"floor":1,"key":"Strength Potion"},{"floor":3,"key":"SteroidPotion"},{"floor":12,"key":"EssenceOfSteel"}],"is_trial":false,"path_per_floor":["M","M","M","$","?","R","M","R","T","$","M","M","?","?","R","B",null,"M","?","$","?","M","R","M","R","T","$","R","E","R","?","R","B",null,"M","?","?","$","?","R","T","R","T","R","$","M","R","M","R","B"],"character_chosen":"DEFECT","items_purchased":["Compile Driver","Orrery","War Paint"],"campfire_rested":3,"item_purchase_floors":[4,20,45],"current_hp_per_floor":[66,65,65,65,58,58,30,30,30,30,23,16,41,26,48,40,66,52,52,52,75,65,65,54,54,54,54,54,45,45,45,67,37,66,64,72,72,72,72,72,72,72,72,72,72,38,38,18,40,0,0],"gold":37,"neow_bonus":"THREE_CARDS","is_daily":false,"chose_seed":false,"campfire_upgraded":10,"win_rate":0.0,"timestamp":1609828956,"path_taken":["M","M","M","$","?","R","?","R","T","$","M","M","?","?","R","BOSS","M","?","$","?","M","R","M","R","T","$","R","E","R","?","R","BOSS","M","?","?","$","?","R","?","R","T","R","?","M","R","?","R","BOSS"],"items_purchased_type":["Card","Relic","Relic"],"build_version":"2020-12-22","purchased_purges":3,"victory":false,"max_hp_per_floor":[75,75,75,75,75,75,75,75,75,75,75,75,75,75,75,75,75,75,75,75,75,75,75,75,75,75,75,75,75,75,75,75,75,75,75,75,75,75,75,75,75,75,75,75,75,75,75,75,75,75,75],"card_choices":[{"not_picked":["Hologram","Redo"],"picked":"Hello World","floor":0},{"not_picked":["Rebound","BootSequence"],"picked":"Darkness","floor":1},{"not_picked":["Sweeping Beam","Barrage"],"picked":"Redo","floor":2},{"not_picked":["Recycle","Sweeping Beam"],"picked":"Conserve Battery","floor":3},{"not_picked":["Capacitor","Hologram"],"picked":"Ball Lightning","floor":7},{"not_picked":["Turbo","Rebound"],"picked":"Go for the Eyes","floor":11},{"not_picked":["Barrage","Core Surge"],"picked":"Steam","floor":12},{"not_picked":["Rainbow","Reboot"],"picked":"Echo Form","floor":16},{"not_picked":["Stack","Redo"],"picked":"Leap","floor":18},{"not_picked":["Barrage","Cold Snap"],"picked":"Streamline","floor":20},{"not_picked":["Lockon","Loop+1"],"picked":"Reinforced Body","floor":20},{"not_picked":["Conserve Battery","Ball Lightning"],"picked":"Melter","floor":20},{"not_picked":["Redo","Compile Driver+1","Meteor Strike"],"picked":"SKIP","floor":22},{"not_picked":["Beam Cell","Rebound","Sweeping Beam"],"picked":"SKIP","floor":24},{"not_picked":["Stack","Aggregate+1","Tempest+1"],"picked":"SKIP","floor":29},{"not_picked":["Barrage+1","Aggregate+1","Conserve Battery"],"picked":"SKIP","floor":35},{"not_picked":["Ball Lightning","Rebound+1"],"picked":"Lockon+1","floor":36},{"not_picked":["Stack","Leap","Hello World","Coolheaded+1"],"picked":"SKIP","floor":46},{"not_picked":["Steam+1","Conserve Battery","BootSequence"],"picked":"Undo+1","floor":48}],"player_experience":289799,"relics_obtained":[{"floor":9,"key":"Blood Vial"},{"floor":26,"key":"Ice Cream"},{"floor":29,"key":"Matryoshka"},{"floor":34,"key":"Tiny Chest"},{"floor":34,"key":"InkBottle"},{"floor":34,"key":"Bird Faced Urn"},{"floor":36,"key":"WingedGreaves"},{"floor":41,"key":"Omamori"},{"floor":41,"key":"Whetstone"},{"floor":43,"key":"Bronze Scales"},{"floor":43,"key":"Question Card"}],"event_choices":[{"damage_healed":0,"gold_gain":75,"player_choice":"Touch","damage_taken":7,"max_hp_gain":0,"max_hp_loss":0,"event_name":"FaceTrader","floor":5,"gold_loss":0},{"damage_healed":25,"gold_gain":0,"player_choice":"Banana","damage_taken":0,"max_hp_gain":0,"max_hp_loss":0,"event_name":"Big Fish","floor":13,"gold_loss":0},{"damage_healed":0,"gold_gain":0,"player_choice":"Entered Light","damage_taken":15,"max_hp_gain":0,"max_hp_loss":0,"event_name":"Shining Light","floor":14,"gold_loss":0,"cards_upgraded":["Redo","Defend_B"]},{"damage_healed":0,"gold_gain":0,"player_choice":"Simplicity","damage_taken":0,"max_hp_gain":0,"max_hp_loss":0,"event_name":"Back to Basics","floor":19,"gold_loss":0,"cards_upgraded":["Strike_B","Strike_B","Strike_B","Defend_B","Defend_B"]},{"damage_healed":25,"gold_gain":0,"player_choice":"Heal","damage_taken":0,"max_hp_gain":0,"max_hp_loss":0,"event_name":"The Library","floor":21,"gold_loss":0},{"damage_healed":0,"gold_gain":0,"player_choice":"Bought 1 Potion","damage_taken":0,"max_hp_gain":0,"max_hp_loss":0,"event_name":"The Woman in Blue","floor":31,"gold_loss":0},{"damage_healed":0,"gold_gain":0,"player_choice":"Fight","damage_taken":0,"max_hp_gain":0,"max_hp_loss":0,"event_name":"MindBloom","floor":36,"gold_loss":0},{"damage_healed":0,"gold_gain":0,"player_choice":"Ignored","damage_taken":0,"max_hp_gain":0,"max_hp_loss":0,"event_name":"Tomb of Lord Red Mask","floor":37,"gold_loss":0},{"damage_healed":0,"gold_gain":0,"player_choice":"Ignored","damage_taken":0,"max_hp_gain":0,"max_hp_loss":0,"event_name":"Transmorgrifier","floor":39,"gold_loss":0}],"is_beta":false,"boss_relics":[{"not_picked":["SacredBark","Velvet Choker"],"picked":"Sozu"},{"not_picked":["Empty Cage","Astrolabe"],"picked":"Calling Bell"}],"items_purged_floors":[4,10,38],"is_endless":false,"potions_floor_spawned":[1,3,12,24,33,46,48],"killed_by":"Time Eater","ascension_level":6}}