{"host":"s3g5dmvfnpdztvul","time":1609884193,"event":{"mods":["AchievementEnabler","AlwaysNeverKeys","Aspiration","BaseMod","Better Altar","Better Match","Better Note","Better Sensory Stone","Better Vampires","BetterRewards","CatGirl Mod","Challenge The Spire","Colored Map","Colored Powertips","Colorless Booster Pack","Conspire","Curses Come First","DeckTracker","Defuse TimeMaze Blight","Displayed Cursed Tome","Downfall","Energized Spire","Fiend Mod","Friendly Minions","GifTheSpireLib","Hubris","Hyrulean Relics","Infinite Spire","Ironclad Rager","Jedi Mod","Marisa????????","Marked Mod","Mimic Mod","Minty Spire (QoL Compilation)","Permanent Neow","Quick Restart","Railgun Mod","Random Character Button","Rare Cards Sparkle","Replay The Spire","SCP261 Mod","Shade Mod","Small Relic Pack","Spicy Shops","Spikes Relics","StSLib","Stuff the Spire","The Alterego","The Blue Laboratory","The Clintock","The Cursed","The Factory","The Jungle","The Necromancer","TheSwordswoman","Trackpad","Unceasing Turn Reminder","Virulent Crown","Waifu the Spire","Wandering Minibosses","vexMod"],"gold_per_floor":[115,128,128,140,34,34,47,65,65,65,78,78,112,125,125,227,227,238,238,249,105,165,18,18,18],"floor_reached":24,"playtime":1329,"items_purged":[],"score":220,"play_id":"2fbd66e7-2a4f-44cd-905c-21c6ff16e4b8","local_time":"20210105170313","is_ascension_mode":true,"campfire_choices":[{"floor":10,"key":"REST"},{"data":"alterego_mod:Rake","floor":12,"key":"SMITH"},{"floor":15,"key":"REST"}],"circlet_count":0,"master_deck":["alterego_mod:Strike","alterego_mod:Strike","alterego_mod:Strike","alterego_mod:Strike","alterego_mod:Defend","alterego_mod:Defend","alterego_mod:Defend","alterego_mod:Defend+1","alterego_mod:Impale","alterego_mod:BigMeatyClaws","alterego_mod:BrynhildrsRune+1","alterego_mod:Undulate","alterego_mod:Rake+1","alterego_mod:Valentines","Injury","alterego_mod:Cushion+1","expansioncontent:DashGenerateEvil","expansioncontent:Collect","expansioncontent:GuardianWhirl","alterego_mod:1TonWallop","alterego_mod:PurpleHair","alterego_mod:1TonWallop","alterego_mod:BrynhildrRomantia","alterego_mod:BiFurious","alterego_mod:Lift","alterego_mod:Rip+1","alterego_mod:DeftHands","alterego_mod:BiFurious"],"relics":["alterego_mod:MasochisticConstitution","NeowsBlessing","ReplayTheSpireMod:ShopPack","Anchor","Sundial","Replay:Grab Bag","infinitespire:Cupcake","conspire:SlowCooker","relicPack:ShieldShield","SsserpentHead","trackpad:PocketGalaxy","Pen Nib"],"acts_visited":["Exordium","TheCity"],"potions_floor_usage":[13,13,16,16,20],"damage_taken":[{"damage":0,"enemies":"Jaw Worm","floor":1,"turns":1},{"damage":0,"enemies":"Cultist","floor":2,"turns":1},{"damage":0,"enemies":"Small Slimes","floor":4,"turns":2},{"damage":3,"enemies":"Blue Slaver","floor":7,"turns":2},{"damage":13,"enemies":"2 Fungi Beasts","floor":8,"turns":3},{"damage":9,"enemies":"Gremlin Gang","floor":11,"turns":4},{"damage":6,"enemies":"Lagavulin","floor":13,"turns":7},{"damage":0,"enemies":"3 Louse","floor":14,"turns":1},{"damage":64,"enemies":"Hexaghost","floor":16,"turns":13},{"damage":45,"enemies":"Shell Parasite","floor":18,"turns":8},{"damage":15,"enemies":"Spheric Guardian","floor":20,"turns":8},{"damage":25,"enemies":"Snake Plant","floor":22,"turns":4},{"damage":33,"enemies":"Gremlin Leader","floor":24,"turns":4}],"seed_played":"-3714297098115347592","potions_obtained":[{"floor":7,"key":"SkillPotion"},{"floor":8,"key":"Dexterity Potion"},{"floor":11,"key":"blueLaboratory:SavagePotion"},{"floor":14,"key":"blueLaboratory:BottleOfRum"},{"floor":18,"key":"blueLaboratory:FrostheartPotion"}],"is_trial":false,"path_per_floor":["M","M","?","M","$","?","M","M","T","R","M","R","E","M","R","B",null,"M","?","M","$","M","$","E"],"character_chosen":"The_Alterego","items_purchased":["ReplayTheSpireMod:ShopPack","alterego_mod:Cushion+1","trackpad:PocketGalaxy","Pen Nib"],"campfire_rested":2,"item_purchase_floors":[5,5,21,23],"current_hp_per_floor":[70,70,70,70,70,70,68,63,63,72,64,64,59,59,74,21,78,48,48,41,41,24,24,0,0],"gold":18,"neow_bonus":"THREE_ENEMY_KILL","is_daily":false,"chose_seed":false,"campfire_upgraded":1,"win_rate":0.0,"timestamp":1609884193,"path_taken":["M","M","?","?","?","?","M","?","T","R","M","R","E","M","R","BOSS","M","?","M","$","?","$","E"],"items_purchased_type":["Relic","Card","Relic","Relic"],"build_version":"2020-12-22","purchased_purges":0,"victory":false,"max_hp_per_floor":[70,70,70,70,70,70,71,72,72,72,73,73,74,74,74,78,78,79,79,80,80,81,81,81,81],"card_choices":[{"not_picked":["alterego_mod:BoobPocket","alterego_mod:Mirror"],"picked":"alterego_mod:Undulate","floor":1},{"not_picked":["alterego_mod:BiFurious","alterego_mod:TrashNCrash"],"picked":"alterego_mod:Rake","floor":2},{"not_picked":["alterego_mod:Bunnysuit","alterego_mod:Rip"],"picked":"alterego_mod:Valentines","floor":4},{"not_picked":["Feint","Secret Weapon"],"picked":"expansioncontent:DashGenerateEvil","floor":5},{"not_picked":["CBP: ChaoticOffering","Purity"],"picked":"expansioncontent:Collect","floor":5},{"not_picked":["expansioncontent:BronzeBeam","Replay:BasicMightCard"],"picked":"expansioncontent:GuardianWhirl","floor":5},{"not_picked":["alterego_mod:Complex","alterego_mod:Punishment"],"picked":"alterego_mod:1TonWallop","floor":7},{"not_picked":["alterego_mod:Mirror","alterego_mod:MagicResistance"],"picked":"alterego_mod:PurpleHair","floor":8},{"not_picked":["alterego_mod:HighServant","alterego_mod:Complex"],"picked":"alterego_mod:1TonWallop","floor":11},{"not_picked":["alterego_mod:SakuraPetals","alterego_mod:Smother"],"picked":"alterego_mod:BrynhildrRomantia","floor":13},{"not_picked":["alterego_mod:Mirror","alterego_mod:Rip"],"picked":"alterego_mod:BiFurious","floor":14},{"not_picked":["alterego_mod:VirginLaserPalladion","alterego_mod:Alter"],"picked":"alterego_mod:Lift","floor":16},{"not_picked":["alterego_mod:Crossover","alterego_mod:BeGentle"],"picked":"alterego_mod:Rip+1","floor":18},{"not_picked":["alterego_mod:Jiggle","alterego_mod:PerceptionDisorder"],"picked":"alterego_mod:DeftHands","floor":20},{"not_picked":["alterego_mod:Bunnysuit","alterego_mod:Santa"],"picked":"alterego_mod:BiFurious","floor":22}],"player_experience":522659,"relics_obtained":[{"floor":9,"key":"Anchor"},{"floor":13,"key":"Sundial"}],"event_choices":[{"damage_healed":0,"gold_gain":0,"player_choice":"Upgraded","damage_taken":0,"max_hp_gain":0,"max_hp_loss":0,"event_name":"Upgrade Shrine","floor":3,"gold_loss":0,"cards_upgraded":["alterego_mod:BrynhildrsRune"]},{"damage_healed":0,"gold_gain":0,"player_choice":"Trade","damage_taken":0,"relics_obtained":["SsserpentHead"],"max_hp_gain":0,"max_hp_loss":0,"event_name":"FaceTrader","floor":19,"gold_loss":0}],"is_beta":false,"boss_relics":[{"not_picked":["Empty Cage","StuffTheSpire:RunicConfusion"],"picked":"Replay:Grab Bag"},{"not_picked":["ReplayTheSpireMod:DimensionalGlitch","hubris:VirtuousBlindfold"],"picked":"infinitespire:Cupcake"},{"not_picked":["jedi:paperlyon","vexMod:CursedCompass"],"picked":"conspire:SlowCooker"},{"not_picked":["StuffTheSpire:Kangaroo","trackpad:StolenKidneys"],"picked":"relicPack:ShieldShield"}],"items_purged_floors":[],"is_endless":false,"potions_floor_spawned":[7,8,11,14,18],"killed_by":"Gremlin Leader","ascension_level":2}}