{"host":"5fasz840ryq7obdf","time":1609809342,"event":{"mods":["2.2 Compatiblity","AchievementEnabler","BaseMod","Bestiary","Better Altar","Better Skull","Better Third Choice","BetterRewards","Block Reminder","Colored Powertips","Curses Come First","Downfall","Minty Spire (QoL Compilation)","Quick Restart","Relic Sorter","Relic Stats","Shop Mod","Spicy Shops","StSLib","SuperFastMode","ojb\u0027s Better Paths Mod","ojb\u0027s Info Mod"],"gold_per_floor":[0,20,5,17,117,137,137,137,150,161,190,190,219,238,250,347,347,347,367,430,580,643,643,643,668,681,701,701,701,701],"floor_reached":28,"playtime":2649,"items_purged":[],"score":372,"play_id":"733fd905-3685-4905-88f3-fddc35c1648d","local_time":"20210105011542","is_ascension_mode":true,"campfire_choices":[{"data":"Guardian:TwinSlam","floor":1.0,"key":"SMITH"},{"data":"Guardian:SpikerProtocol","floor":8.0,"key":"SMITH"},{"floor":12.0,"key":"REST"},{"data":"Guardian:Orbwalk","floor":18.0,"key":"SMITH"},{"floor":23.0,"key":"RECALL"}],"circlet_count":0,"master_deck":["Guardian:Strike_Guardian","Guardian:Strike_Guardian","Guardian:Defend_Guardian","Guardian:Defend_Guardian","Guardian:Defend_Guardian","Guardian:Defend_Guardian","Guardian:CurlUp","Guardian:TwinSlam+1","Guardian:StasisField","Guardian:BronzeArmor","Guardian:Harden","Guardian:SpikerProtocol+1","Guardian:GuardianWhirl","Guardian:EvasiveProtocol","Guardian:Harden","Guardian:GemFinder","Guardian:Orbwalk+1","Guardian:ExploitGems","Guardian:Gem_Cyan","Guardian:Gem_Red","Guardian:Gem_Crimson","Guardian:Gem_Red","Guardian:Harden+1","Guardian:Gem_Green","Guardian:Orbwalk","Guardian:Gem_Cyan","Guardian:Reroute+1"],"relics":["Guardian:ModeShifter","downfall:CloakOfManyFaces","CultistMask","FaceOfCleric","NlothsMask","GremlinMask","SsserpentHead","HornCleat","Omamori","Philosopher\u0027s Stone","InkBottle","PreservedInsect"],"acts_visited":["Exordium","TheCity"],"potions_floor_usage":[28],"damage_taken":[{"damage":0.0,"enemies":"Jaw Worm","floor":2.0,"turns":3.0},{"damage":10.0,"enemies":"downfall:FleeingMerchant","floor":3.0,"turns":4.0},{"damage":0.0,"enemies":"Cultist","floor":4.0,"turns":6.0},{"damage":42.0,"enemies":"downfall:FaceTrader","floor":5.0,"turns":26.0},{"damage":0.0,"enemies":"Small Slimes","floor":6.0,"turns":4.0},{"damage":0.0,"enemies":"Red Slaver","floor":9.0,"turns":4.0},{"damage":12.0,"enemies":"Gremlin Gang","floor":10.0,"turns":6.0},{"damage":6.0,"enemies":"3 Sentries","floor":11.0,"turns":6.0},{"damage":3.0,"enemies":"Lagavulin","floor":13.0,"turns":9.0},{"damage":1.0,"enemies":"Red Slaver","floor":14.0,"turns":5.0},{"damage":0.0,"enemies":"Blue Slaver","floor":15.0,"turns":4.0},{"damage":37.0,"enemies":"downfall:Ironclad","floor":16.0,"turns":9.0},{"damage":11.0,"enemies":"Spheric Guardian","floor":19.0,"turns":4.0},{"damage":12.0,"enemies":"Snake Plant","floor":20.0,"turns":4.0},{"damage":24.0,"enemies":"Snecko","floor":22.0,"turns":9.0},{"damage":32.0,"enemies":"Gremlin Leader","floor":25.0,"turns":6.0},{"damage":0.0,"enemies":"3 Cultists","floor":26.0,"turns":5.0},{"damage":12,"enemies":"Sentry and Sphere","floor":27,"turns":6},{"damage":4,"enemies":"Book of Stabbing","floor":28,"turns":2}],"seed_played":"6042070727380698531","potions_obtained":[{"floor":2.0,"key":"BlessingOfTheForge"},{"floor":6.0,"key":"Block Potion"},{"floor":10.0,"key":"SmokeBomb"},{"floor":11.0,"key":"Strength Potion"},{"floor":13.0,"key":"champ:CounterPotion"},{"floor":20.0,"key":"FearPotion"},{"floor":27,"key":"Slimebound:ThreeZeroPotion"}],"is_trial":false,"path_per_floor":["R","M","$","M","?","M","T","R","M","M","E","R","E","M","M","B",null,"R","M","M","?","M","R","T","E","M","M","E"],"character_chosen":"GUARDIAN","items_purchased":[],"campfire_rested":1,"item_purchase_floors":[],"current_hp_per_floor":[80,80,70,70,28,29,29,29,30,19,14,39,37,37,38,2,88,88,78,67,67,44,44,44,13,14,3,0,0,0],"gold":701,"neow_bonus":"TRANSFORM_TWO_CARDS","is_daily":false,"chose_seed":false,"campfire_upgraded":3,"win_rate":0.0,"timestamp":1609809342,"path_taken":["R","M","$","M","?","M","T","R","M","M","E","R","E","M","M","BOSS","R","M","?","?","?","R","T","E","M","M","E"],"items_purchased_type":[],"build_version":"2020-12-22","purchased_purges":0,"victory":false,"max_hp_per_floor":[80,80,80,80,80,81,81,81,82,83,84,84,85,86,87,88,88,88,89,90,90,91,91,91,92,93,94,94,94,94],"relic_stats":{"SsserpentHead":150,"FaceOfCleric":14,"counters":[19,122],"PreservedInsect":41,"obtain_stats":[{"SsserpentHead":5,"HornCleat":11,"FaceOfCleric":5,"Guardian:ModeShifter":0,"GremlinMask":5,"Philosopher\u0027s Stone":17,"CultistMask":5,"PreservedInsect":25,"downfall:CloakOfManyFaces":5,"Omamori":13,"InkBottle":24,"NlothsMask":5},{"SsserpentHead":4,"HornCleat":8,"FaceOfCleric":4,"Guardian:ModeShifter":0,"GremlinMask":4,"Philosopher\u0027s Stone":12,"CultistMask":4,"PreservedInsect":16,"downfall:CloakOfManyFaces":4,"Omamori":9,"InkBottle":15,"NlothsMask":4},{"SsserpentHead":39,"HornCleat":59,"FaceOfCleric":39,"Guardian:ModeShifter":0,"GremlinMask":39,"Philosopher\u0027s Stone":86,"CultistMask":39,"PreservedInsect":109,"downfall:CloakOfManyFaces":39,"Omamori":68,"InkBottle":103,"NlothsMask":39}],"InkBottle":[9]},"card_choices":[{"not_picked":["Guardian:TimeBomb","Guardian:Gem_Lightblue"],"picked":"Guardian:Gem_Purple","floor":2.0},{"not_picked":["Guardian:TemporalStrike","Guardian:RollAttack"],"picked":"Guardian:Gem_Green","floor":3.0},{"not_picked":["Guardian:PrismaticBarrier","Guardian:CrystalBeam"],"picked":"Guardian:Harden","floor":4.0},{"not_picked":["Guardian:BronzeArmor","Guardian:PolyBeam"],"picked":"Guardian:SpikerProtocol","floor":6.0},{"not_picked":["Guardian:Recover","Guardian:CrystalBeam"],"picked":"Guardian:GuardianWhirl","floor":9.0},{"not_picked":["Guardian:CrystalBeam","Guardian:Planning","Guardian:Suspension"],"picked":"SKIP","floor":10.0},{"not_picked":["Guardian:TemporalStrike","Guardian:Gem_Red"],"picked":"Guardian:EvasiveProtocol","floor":11.0},{"not_picked":["Guardian:WalkerClaw","Guardian:PrismaticBarrier"],"picked":"Guardian:Harden","floor":13.0},{"not_picked":["Guardian:ChargeUp","Guardian:Suspension"],"picked":"Guardian:GemFinder","floor":14.0},{"not_picked":["Guardian:PrimingBeam","Guardian:ChargeCore"],"picked":"Guardian:Orbwalk","floor":15.0},{"not_picked":["Guardian:Gem_Lightblue","Guardian:Gem_Green"],"picked":"Guardian:Gem_Red","floor":15.0},{"not_picked":["Guardian:FastForward","Guardian:StasisField"],"picked":"Guardian:ExploitGems","floor":16.0},{"not_picked":["Guardian:Gem_Green","Guardian:Gem_Lightblue"],"picked":"Guardian:Gem_Red","floor":16.0},{"not_picked":["Guardian:Gem_Red","Guardian:Gem_Lightblue"],"picked":"Guardian:Gem_Cyan","floor":19.0},{"not_picked":["Guardian:WalkerClaw","Guardian:PiercingHide"],"picked":"Guardian:Gem_Red","floor":19.0},{"not_picked":["Guardian:ShieldCharger+1","Guardian:RollAttack"],"picked":"Guardian:Gem_Crimson","floor":20.0},{"not_picked":["Guardian:Gem_Lightblue","Guardian:Gem_Cyan"],"picked":"Guardian:Gem_Red","floor":22.0},{"not_picked":["Guardian:GatlingBeam","Guardian:ChargeCore","Guardian:TemporalStrike"],"picked":"SKIP","floor":22.0},{"not_picked":["Guardian:PrimingBeam","Guardian:ChargeCore"],"picked":"Guardian:Harden+1","floor":25.0},{"not_picked":["Guardian:Gem_Cyan","Guardian:Gem_Lightblue"],"picked":"Guardian:Gem_Green","floor":26.0},{"not_picked":["Guardian:SentryBeam","Guardian:FastForward"],"picked":"Guardian:Orbwalk","floor":26.0},{"not_picked":["Guardian:Gem_Lightblue","Guardian:Gem_Green"],"picked":"Guardian:Gem_Cyan","floor":27},{"not_picked":["Guardian:PiercingHide","Guardian:ShieldSpikes"],"picked":"Guardian:Reroute+1","floor":27}],"player_experience":1516283,"relics_obtained":[{"floor":5.0,"key":"downfall:CloakOfManyFaces"},{"floor":11.0,"key":"HornCleat"},{"floor":13.0,"key":"Omamori"},{"floor":24.0,"key":"InkBottle"},{"floor":25.0,"key":"PreservedInsect"}],"event_choices":[],"is_beta":false,"boss_relics":[{"not_picked":["SacredBark","SlaversCollar"],"picked":"Philosopher\u0027s Stone"}],"items_purged_floors":[],"is_endless":false,"potions_floor_spawned":[2,6,10,11,13,20,27],"killed_by":"Book of Stabbing","ascension_level":1}}