{"host":"qheym18ww6mhskxf","time":1609851123,"event":{"mods":["BaseMod","CapriCore","Friendly Minions","GungeonMod","KOR Keyword Fix","Minty Spire (QoL Compilation)","Prisma Mod","Quick Restart","RRrroohrrRGHHhhh!!","Rare Cards Sparkle","Shop Mod","Spicy Shops","StSLib","Username Fix"],"gold_per_floor":[119,133,146,146,162,162,192,73,73,107,117,136,29,29,29,134,134,154,49,49,62,78,106,106,132,132,132,78,108,108,120,120,221,221,240,258,168,47,77,103,103,120,120,120,136,167,96,107,107,212,212,230,230,230,242,17,17,30,30,56,58,164,178,178,292,292,391,391,402,415,429,82,101,207,207,122,236,236,360,379,514,268,268,363,363,380,116,116,166,180,180,199,16,133,38,156,168,178,192,192,292,292,304,321,351,366,382,382,395,395,631,611,591,865,879,1115,1115,1210,1210,1210],"floor_reached":119,"playtime":7687,"items_purged":["Strike_R","Strike_R","Defend_R","Bash+1","Strike_R+1","Strike_R+1"],"score":4851,"play_id":"27591742-843f-43a3-acdd-7cd39cee11d2","local_time":"20210105215203","daily_mods":["Heirloom","Time Dilation","DeadlyEvents","Elite Swarm"],"is_ascension_mode":true,"campfire_choices":[{"data":"Shrug It Off","floor":6.0,"key":"SMITH"},{"floor":15.0,"key":"REST"},{"data":"PrismaMod:ChloeCarnivalAttack","floor":24.0,"key":"SMITH"},{"data":"Limit Break","floor":27.0,"key":"SMITH"},{"floor":30.0,"key":"REST"},{"data":"Shrug It Off","floor":32.0,"key":"SMITH"},{"data":"Double Tap","floor":41.0,"key":"SMITH"},{"data":"Body Slam","floor":44.0,"key":"SMITH"},{"data":"PrismaMod:ChloeCheapAttack","floor":49.0,"key":"SMITH"},{"data":"Cleave","floor":57.0,"key":"SMITH"},{"data":"Defend_R","floor":59.0,"key":"SMITH"},{"data":"Strike_R","floor":64.0,"key":"SMITH"},{"data":"Limit Break","floor":66.0,"key":"SMITH"},{"data":"PrismaMod:ChloeCaladbolg","floor":75.0,"key":"SMITH"},{"data":"1","floor":78.0,"key":"LIFT"},{"data":"Cleave","floor":83.0,"key":"SMITH"},{"data":"2","floor":91.0,"key":"LIFT"},{"data":"3","floor":100.0,"key":"LIFT"},{"data":"Seeing Red","floor":108,"key":"SMITH"},{"floor":110,"key":"REST"},{"floor":117,"key":"REST"}],"circlet_count":0,"master_deck":["Defend_R+1","Defend_R+1","Defend_R+1","Anger+1","Shrug It Off+1","PrismaMod:ChloeCarnivalAttack+1","Shrug It Off+1","PrismaMod:ChloeCarnivalAttack+1","Cleave+1","Limit Break+1","Body Slam+1","Cleave+1","Double Tap+1","PrismaMod:ChloeCheapAttack+1","PrismaMod:ChloeGaeBolg+1","Limit Break+1","PrismaMod:ChloeCaladbolg+1","Cleave+1","PrismaMod:ChloeCheapAttack+1","PrismaMod:ChloeCarnivalAttack+1","Shrug It Off+1","Entrench+1","Seeing Red+1","PrismaMod:ChloeRhongomyniad+1"],"relics":["Burning Blood","Torii","White Beast Statue","MerchantsRug","Lantern","DemoMod:ClearGuonStone","DemoMod:RiddleOfLead","DemoMod:OrangeGuonStone","Bottled Lightning","Akabeko","DemoMod:GreenGuonStone","Runic Pyramid","HornCleat","ClockworkSouvenir","rorgmod:The Boot","Paper Frog","rorgmod:Ceramic Fish","DemoMod:WaxWing","Membership Card","Anchor","Blood Vial","Girya","Bag of Marbles","Turnip","Philosopher\u0027s Stone","Eternal Feather","Bag of Preparation","Charon\u0027s Ashes","PreservedInsect","Molten Egg 2","Potion Belt","Sling","rorgmod:Black Star","Vajra","Odd Mushroom","Happy Flower","DemoMod:GlassGuonStoneRelic","SlaversCollar"],"acts_visited":["Exordium","TheCity","TheBeyond","Exordium","TheCity","TheBeyond","Exordium","TheCity"],"potions_floor_usage":[],"damage_taken":[{"damage":1.0,"enemies":"Cultist","floor":1.0,"turns":4.0},{"damage":8.0,"enemies":"2 Louse","floor":2.0,"turns":3.0},{"damage":2.0,"enemies":"Jaw Worm","floor":3.0,"turns":3.0},{"damage":8.0,"enemies":"Looter","floor":5.0,"turns":4.0},{"damage":15.0,"enemies":"Gremlin Nob","floor":7.0,"turns":5.0},{"damage":22.0,"enemies":"3 Sentries","floor":10.0,"turns":11.0},{"damage":25.0,"enemies":"Gremlin Gang","floor":11.0,"turns":7.0},{"damage":1.0,"enemies":"Blue Slaver","floor":12.0,"turns":2.0},{"damage":8.0,"enemies":"Slime Boss","floor":16.0,"turns":7.0},{"damage":0.0,"enemies":"Chosen","floor":18.0,"turns":3.0},{"damage":4.0,"enemies":"3 Byrds","floor":21.0,"turns":6.0},{"damage":22.0,"enemies":"Snake Plant","floor":22.0,"turns":2.0},{"damage":30.0,"enemies":"Slavers","floor":23.0,"turns":6.0},{"damage":29.0,"enemies":"Book of Stabbing","floor":25.0,"turns":5.0},{"damage":18.0,"enemies":"Slavers","floor":29.0,"turns":4.0},{"damage":1.0,"enemies":"Centurion and Healer","floor":31.0,"turns":4.0},{"damage":1.0,"enemies":"Automaton","floor":33.0,"turns":6.0},{"damage":7.0,"enemies":"3 Shapes","floor":35.0,"turns":4.0},{"damage":27.0,"enemies":"3 Darklings","floor":36.0,"turns":3.0},{"damage":13.0,"enemies":"Nemesis","floor":39.0,"turns":4.0},{"damage":21.0,"enemies":"Reptomancer","floor":40.0,"turns":4.0},{"damage":0.0,"enemies":"4 Shapes","floor":42.0,"turns":2.0},{"damage":11.0,"enemies":"Spire Growth","floor":45.0,"turns":3.0},{"damage":26.0,"enemies":"Giant Head","floor":46.0,"turns":6.0},{"damage":0.0,"enemies":"3 Darklings","floor":48.0,"turns":2.0},{"damage":18.0,"enemies":"Donu and Deca","floor":50.0,"turns":5.0},{"damage":0.0,"enemies":"Jaw Worm","floor":52.0,"turns":1.0},{"damage":0.0,"enemies":"2 Louse","floor":55.0,"turns":1.0},{"damage":0.0,"enemies":"Cultist","floor":58.0,"turns":2.0},{"damage":0.0,"enemies":"Lagavulin","floor":62.0,"turns":3.0},{"damage":0.0,"enemies":"Looter","floor":63.0,"turns":1.0},{"damage":0.0,"enemies":"3 Sentries","floor":65.0,"turns":4.0},{"damage":11.0,"enemies":"The Guardian","floor":67.0,"turns":6.0},{"damage":0.0,"enemies":"Shell Parasite","floor":69.0,"turns":2.0},{"damage":0.0,"enemies":"3 Byrds","floor":70.0,"turns":3.0},{"damage":1.0,"enemies":"Cultist and Chosen","floor":71.0,"turns":2.0},{"damage":0.0,"enemies":"Centurion and Healer","floor":73.0,"turns":3.0},{"damage":0.0,"enemies":"Slavers","floor":74.0,"turns":2.0},{"damage":0.0,"enemies":"Book of Stabbing","floor":77.0,"turns":3.0},{"damage":0.0,"enemies":"Gremlin Leader","floor":79.0,"turns":2.0},{"damage":0.0,"enemies":"Sentry and Sphere","floor":80.0,"turns":1.0},{"damage":0.0,"enemies":"Book of Stabbing","floor":81.0,"turns":3.0},{"damage":0.0,"enemies":"Collector","floor":84.0,"turns":4.0},{"damage":0.0,"enemies":"3 Shapes","floor":86.0,"turns":1.0},{"damage":0.0,"enemies":"Mind Bloom Boss Battle","floor":89.0,"turns":1.0},{"damage":0.0,"enemies":"Orb Walker","floor":90.0,"turns":1.0},{"damage":0.0,"enemies":"Transient","floor":92.0,"turns":4.0},{"damage":0.0,"enemies":"Giant Head","floor":94.0,"turns":2.0},{"damage":0.0,"enemies":"Reptomancer","floor":96.0,"turns":1.0},{"damage":0.0,"enemies":"Maw","floor":97.0,"turns":1.0},{"damage":0.0,"enemies":"Jaw Worm Horde","floor":98.0,"turns":1.0},{"damage":0.0,"enemies":"Writhing Mass","floor":99.0,"turns":1.0},{"damage":0.0,"enemies":"Donu and Deca","floor":101.0,"turns":3.0},{"damage":0.0,"enemies":"Cultist","floor":103.0,"turns":1.0},{"damage":0,"enemies":"The Mushroom Lair","floor":105,"turns":1},{"damage":0,"enemies":"2 Louse","floor":106,"turns":1},{"damage":0,"enemies":"Small Slimes","floor":107,"turns":1},{"damage":0,"enemies":"Looter","floor":109,"turns":1},{"damage":0,"enemies":"Gremlin Nob","floor":111,"turns":1},{"damage":0,"enemies":"3 Sentries","floor":114,"turns":1},{"damage":0,"enemies":"Exordium Wildlife","floor":115,"turns":1},{"damage":0,"enemies":"Lagavulin","floor":116,"turns":1},{"damage":1,"enemies":"Hexaghost","floor":118,"turns":3}],"seed_played":"2576359360925757352","potions_obtained":[{"floor":2.0,"key":"GamblersBrew"},{"floor":5.0,"key":"SpeedPotion"},{"floor":10.0,"key":"FearPotion"},{"floor":11.0,"key":"FearPotion"},{"floor":12.0,"key":"AttackPotion"},{"floor":16.0,"key":"Explosive Potion"},{"floor":18.0,"key":"DemoMod:LeadSkinPotion"},{"floor":21.0,"key":"EssenceOfSteel"},{"floor":22.0,"key":"Strength Potion"},{"floor":23.0,"key":"PowerPotion"},{"floor":25.0,"key":"SkillPotion"},{"floor":29.0,"key":"DuplicationPotion"},{"floor":31.0,"key":"CultistPotion"},{"floor":33.0,"key":"Dexterity Potion"},{"floor":35.0,"key":"FearPotion"},{"floor":39.0,"key":"AttackPotion"},{"floor":40.0,"key":"EssenceOfSteel"},{"floor":42.0,"key":"SkillPotion"},{"floor":46.0,"key":"Regen Potion"},{"floor":48.0,"key":"Strength Potion"},{"floor":50.0,"key":"DemoMod:LeadSkinPotion"},{"floor":52.0,"key":"Fire Potion"},{"floor":55.0,"key":"Block Potion"},{"floor":58.0,"key":"Strength Potion"},{"floor":62.0,"key":"Energy Potion"},{"floor":63.0,"key":"DemoMod:LeadSkinPotion"},{"floor":65.0,"key":"Explosive Potion"},{"floor":73.0,"key":"ColorlessPotion"},{"floor":74.0,"key":"SpeedPotion"},{"floor":77.0,"key":"SteroidPotion"},{"floor":79.0,"key":"SkillPotion"},{"floor":81.0,"key":"LiquidMemories"},{"floor":84.0,"key":"DemoMod:LeadSkinPotion"},{"floor":86.0,"key":"FearPotion"},{"floor":89.0,"key":"Energy Potion"},{"floor":90.0,"key":"Swift Potion"},{"floor":92.0,"key":"Fire Potion"},{"floor":94.0,"key":"BloodPotion"},{"floor":96.0,"key":"Weak Potion"},{"floor":97.0,"key":"EssenceOfSteel"},{"floor":98.0,"key":"SpeedPotion"},{"floor":99.0,"key":"Weak Potion"},{"floor":101.0,"key":"DemoMod:LeadSkinPotion"},{"floor":105,"key":"DistilledChaos"},{"floor":106,"key":"Weak Potion"},{"floor":107,"key":"BloodPotion"},{"floor":109,"key":"ColorlessPotion"},{"floor":112,"key":"ColorlessPotion"},{"floor":115,"key":"Strength Potion"},{"floor":118,"key":"Ancient Potion"}],"is_trial":true,"path_per_floor":["M","M","M","?","M","R","E","$","T","E","M","M","$","?","R","B",null,"M","$","?","M","M","E","R","E","T","R","$","E","R","M","R","B",null,"M","M","?","$","E","E","R","M","T","R","M","E","$","M","R","B",null,"M","?","?","M","$","R","M","R","T","$","E","M","R","E","R","B",null,"M","M","M","$","M","E","R","?","E","R","E","M","E","$","R","B",null,"M","$","?","?","M","R","M","$","E","$","E","M","M","M","R","B",null,"M","$","?","M","M","R","M","R","E","?","$","E","M","E","R","B",null],"character_chosen":"IRONCLAD","items_purchased":["MerchantsRug","DemoMod:ClearGuonStone","Akabeko","Cleave","ClockworkSouvenir","PrismaMod:ChloeCheapAttack","rorgmod:The Boot","Paper Frog","rorgmod:Ceramic Fish","Membership Card","Anchor","Blood Vial","Cleave","DemoMod:WeirdEgg","Turnip","Eternal Feather","Bag of Preparation","PreservedInsect","Molten Egg 2","Art of War","Potion Belt","Sling","Vajra","PrismaMod:ChloeRhongomyniad+1","DemoMod:WeirdEgg"],"campfire_rested":4,"item_purchase_floors":[8,13,28,38,47,47,56,56,61,72,72,72,72,82,82,87,87,93,93,93,95,95,104,113,113],"current_hp_per_floor":[77,75,79,79,77,77,68,68,68,52,33,38,38,38,62,60,90,90,90,90,90,74,50,50,34,34,34,34,22,51,56,56,67,90,89,68,68,68,67,58,58,64,64,64,65,53,53,59,59,53,86,92,92,78,84,84,84,90,90,90,90,96,97,97,97,97,92,96,97,97,97,97,97,97,97,97,97,97,97,97,97,97,97,97,97,97,97,97,97,97,97,97,97,97,97,97,97,97,97,97,97,97,97,97,97,97,97,97,97,97,97,97,97,97,97,97,97,97,97,97],"gold":1210,"neow_bonus":"","is_daily":false,"chose_seed":false,"campfire_upgraded":14,"win_rate":0.0,"timestamp":1609851123,"path_taken":["M","?","M","?","?","R","E","?","T","?","M","M","$","?","R","BOSS","M","$","?","M","M","E","R","E","T","R","$","E","R","?","R","BOSS","M","M","?","$","?","E","R","M","T","R","M","E","$","M","R","BOSS","M","?","?","M","$","R","M","R","T","$","E","M","R","?","R","BOSS","M","M","M","$","M","E","R","?","E","R","E","M","E","$","R","BOSS","M","$","?","?","M","R","M","$","E","$","E","M","?","M","R","BOSS","M","$","?","M","M","R","M","R","E","?","$","?","?","E","R","BOSS"],"items_purchased_type":["Relic","Relic","Relic","Card","Relic","Card","Relic","Relic","Relic","Relic","Relic","Relic","Card","Relic","Relic","Relic","Relic","Relic","Relic","Relic","Relic","Relic","Relic","Card","Relic"],"build_version":"2020-12-22","purchased_purges":6,"victory":false,"max_hp_per_floor":[80,80,80,80,80,80,80,80,80,80,80,80,80,80,80,80,90,90,90,90,90,90,90,90,97,97,97,97,97,97,97,97,97,97,97,97,97,97,97,97,97,97,97,97,97,97,97,97,97,97,97,97,97,97,97,97,97,97,97,97,97,97,97,97,97,97,97,97,97,97,97,97,97,97,97,97,97,97,97,97,97,97,97,97,97,97,97,97,97,97,97,97,97,97,97,97,97,97,97,97,97,97,97,97,97,97,97,97,97,97,97,97,97,97,97,97,97,97,97,97],"card_choices":[{"not_picked":["Clothesline","Heavy Blade"],"picked":"Anger","floor":1.0},{"not_picked":["Iron Wave","Clash","PrismaMod:ChloeCheapDefend"],"picked":"SKIP","floor":2.0},{"not_picked":["True Grit","Second Wind","Body Slam"],"picked":"SKIP","floor":3.0},{"not_picked":["Clash","Blood for Blood"],"picked":"Shrug It Off","floor":5.0},{"not_picked":["Juggernaut","Corruption","rorgmod:Immolate"],"picked":"SKIP","floor":7.0},{"not_picked":["PrismaMod:ChloeAnyAttackTrace","PrismaMod:ChloeAnyRareTrace"],"picked":"PrismaMod:ChloeCarnivalAttack","floor":10.0},{"not_picked":["Headbutt","PrismaMod:ChloeDemonicTutor"],"picked":"Shrug It Off","floor":11.0},{"not_picked":["Headbutt","PrismaMod:ChloeExhaustOne","Anger"],"picked":"SKIP","floor":12.0},{"not_picked":["PrismaMod:ChloeDoubleRelicSpeed","Double Tap"],"picked":"PrismaMod:ChloeCarnivalAttack","floor":16.0},{"not_picked":["Headbutt+1","rorgmod:Sentinel","Intimidate"],"picked":"SKIP","floor":18.0},{"not_picked":["PrismaMod:ChloeDiscardRecovery","PrismaMod:ChloeEyeOfTheEuryale","Armaments"],"picked":"SKIP","floor":21.0},{"not_picked":["Perfected Strike","Pommel Strike"],"picked":"Cleave+1","floor":22.0},{"not_picked":["PrismaMod:ChloeUnlimitedBladeWorks","rorgmod:Immolate","PrismaMod:ChloeExhaustThree"],"picked":"SKIP","floor":23.0},{"not_picked":["Bludgeon","Feed"],"picked":"Limit Break","floor":25.0},{"not_picked":["Juggernaut","PrismaMod:ChloeAnyRareTrace","Limit Break"],"picked":"SKIP","floor":29.0},{"not_picked":["Disarm","PrismaMod:ChloeExhaustOne","Heavy Blade"],"picked":"SKIP","floor":31.0},{"not_picked":["PrismaMod:ChloeCheapDefendTwo","PrismaMod:ChloeBetterTracePools"],"picked":"Body Slam","floor":35.0},{"not_picked":["Perfected Strike","Iron Wave+1","Anger"],"picked":"SKIP","floor":36.0},{"not_picked":["PrismaMod:ChloeAnyPowerTrace","PrismaMod:ChloeAnyUncommonTrace"],"picked":"Double Tap","floor":39.0},{"not_picked":["Bludgeon","Feed","Exhume"],"picked":"SKIP","floor":40.0},{"not_picked":["Flame Barrier+1","Fire Breathing","Wild Strike+1"],"picked":"SKIP","floor":42.0},{"not_picked":["Ghostly Armor+1","Anger","Rupture"],"picked":"SKIP","floor":45.0},{"not_picked":["Brutality","PrismaMod:ChloeCarnivalAOEAttack","Bludgeon"],"picked":"SKIP","floor":46.0},{"not_picked":["PrismaMod:ChloeDemonicTutor","Combust+1"],"picked":"PrismaMod:ChloeGaeBolg+1","floor":48.0},{"not_picked":["PrismaMod:ChloeCommonAOEAttack","Twin Strike","Wild Strike"],"picked":"SKIP","floor":52.0},{"not_picked":["rorgmod:Sentinel","Wild Strike","PrismaMod:ChloeExhaustTwo"],"picked":"SKIP","floor":55.0},{"not_picked":["Body Slam","Fiend Fire","Iron Wave"],"picked":"SKIP","floor":58.0},{"not_picked":["PrismaMod:ChloeCarnivalAOEAttack","PrismaMod:ChloeDoubleRelicSpeed","Corruption"],"picked":"SKIP","floor":62.0},{"not_picked":["Headbutt","Dark Embrace","Iron Wave"],"picked":"SKIP","floor":63.0},{"not_picked":["PrismaMod:ChloeAnyPowerTrace","Exhume"],"picked":"Limit Break","floor":65.0},{"not_picked":["PrismaMod:ChloeExhaustOne","PrismaMod:ChloeRuleBreaker","Anger"],"picked":"SKIP","floor":69.0},{"not_picked":["Armaments","Rage+1","Wild Strike+1"],"picked":"SKIP","floor":70.0},{"not_picked":["Thunderclap","Twin Strike+1"],"picked":"PrismaMod:ChloeCaladbolg","floor":71.0},{"not_picked":["PrismaMod:ChloeCommonAOEAttack","PrismaMod:ChloeGreatTracePools","Sword Boomerang"],"picked":"SKIP","floor":73.0},{"not_picked":["PrismaMod:ChloeGreatTracePools","Juggernaut","Fiend Fire"],"picked":"SKIP","floor":74.0},{"not_picked":["rorgmod:Immolate","PrismaMod:ChloeCarnivalAOEAttack","Exhume"],"picked":"SKIP","floor":77.0},{"not_picked":["PrismaMod:ChloeAnyPowerTrace","Demon Form","PrismaMod:ChloeAnySkillTrace"],"picked":"SKIP","floor":79.0},{"not_picked":["Infernal Blade","Battle Trance","Armaments"],"picked":"SKIP","floor":80.0},{"not_picked":["Exhume","PrismaMod:ChloeAnyRareTrace","PrismaMod:ChloeAnyUncommonTrace"],"picked":"SKIP","floor":81.0},{"not_picked":["Thunderclap+1","True Grit+1","PrismaMod:ChloeMordred+1"],"picked":"SKIP","floor":86.0},{"not_picked":["Whirlwind+1","Body Slam+1","Sword Boomerang+1"],"picked":"SKIP","floor":90.0},{"not_picked":["PrismaMod:ChloeCheapAttackTwo+1","PrismaMod:ChloeUncommonAttack"],"picked":"PrismaMod:ChloeCheapAttack+1","floor":92.0},{"not_picked":["Exhume","PrismaMod:ChloeAnyCommonTrace"],"picked":"PrismaMod:ChloeCarnivalAttack+1","floor":94.0},{"not_picked":["Exhume","Impervious","PrismaMod:ChloeDoubleRelicSpeed"],"picked":"SKIP","floor":96.0},{"not_picked":["Clash+1","Anger+1","PrismaMod:ChloeCheapDefendTwo"],"picked":"SKIP","floor":97.0},{"not_picked":["Clash+1","Headbutt+1"],"picked":"Shrug It Off+1","floor":98.0},{"not_picked":["Sword Boomerang+1","Reckless Charge+1"],"picked":"Entrench+1","floor":99.0},{"not_picked":["Reckless Charge+1","Headbutt+1","Iron Wave+1"],"picked":"SKIP","floor":103},{"not_picked":["Body Slam+1","PrismaMod:ChloeCheapDefendTwo"],"picked":"Seeing Red","floor":105},{"not_picked":["Flame Barrier","Iron Wave+1","PrismaMod:ChloeExhaustOne"],"picked":"SKIP","floor":106},{"not_picked":["PrismaMod:ChloeExhaustTwo","PrismaMod:ChloeExhaustOne","Battle Trance"],"picked":"SKIP","floor":107},{"not_picked":["Dual Wield","Body Slam+1","Burning Pact"],"picked":"SKIP","floor":109},{"not_picked":["PrismaMod:ChloeAnyPowerTrace","PrismaMod:ChloeAnyCommonTrace","Offering"],"picked":"SKIP","floor":111},{"not_picked":["PrismaMod:ChloeAnyPowerTrace","PrismaMod:ChloeAnySkillTrace","Brutality"],"picked":"SKIP","floor":114},{"not_picked":["True Grit","PrismaMod:ChloeChristmas","Wild Strike+1"],"picked":"SKIP","floor":115},{"not_picked":["Impervious","Reaper+1","Exhume"],"picked":"SKIP","floor":116}],"player_experience":509800,"relics_obtained":[{"floor":7.0,"key":"White Beast Statue"},{"floor":9.0,"key":"Toy Ornithopter"},{"floor":10.0,"key":"Lantern"},{"floor":23.0,"key":"DemoMod:OrangeGuonStone"},{"floor":25.0,"key":"Strawberry"},{"floor":26.0,"key":"Bottled Lightning"},{"floor":29.0,"key":"DemoMod:GreenGuonStone"},{"floor":39.0,"key":"HornCleat"},{"floor":40.0,"key":"DemoMod:MemoryAlloy"},{"floor":43.0,"key":"StrikeDummy"},{"floor":46.0,"key":"Letter Opener"},{"floor":60.0,"key":"War Paint"},{"floor":89.0,"key":"Charon\u0027s Ashes"},{"floor":105,"key":"Odd Mushroom"}],"event_choices":[{"damage_healed":0.0,"max_hp_gain":0.0,"max_hp_loss":0.0,"gold_gain":0.0,"event_name":"Upgrade Shrine","player_choice":"Upgraded","floor":4.0,"gold_loss":0.0,"damage_taken":0.0,"cards_upgraded":["Anger"]},{"damage_healed":0.0,"max_hp_gain":0.0,"max_hp_loss":0.0,"gold_gain":0.0,"event_name":"Living Wall","player_choice":"Grow","floor":14.0,"gold_loss":0.0,"damage_taken":0.0,"cards_upgraded":["PrismaMod:ChloeCarnivalAttack"]},{"damage_healed":0.0,"max_hp_gain":0.0,"max_hp_loss":0.0,"gold_gain":0.0,"event_name":"Cursed Tome","player_choice":"Ignored","floor":20.0,"gold_loss":0.0,"damage_taken":0.0},{"cards_removed":["Strike_R"],"damage_healed":0.0,"max_hp_gain":0.0,"max_hp_loss":0.0,"gold_gain":0.0,"event_name":"Designer","player_choice":"Upgrade and Remove","floor":37.0,"gold_loss":90.0,"damage_taken":0.0,"cards_upgraded":["Strike_R"]},{"damage_healed":0.0,"max_hp_gain":0.0,"max_hp_loss":0.0,"gold_gain":0.0,"event_name":"The Cleric","player_choice":"Leave","floor":53.0,"gold_loss":0.0,"damage_taken":0.0},{"damage_healed":0.0,"max_hp_gain":0.0,"max_hp_loss":0.0,"gold_gain":0.0,"event_name":"Shining Light","player_choice":"Entered Light","floor":54.0,"gold_loss":0.0,"damage_taken":19.0,"cards_upgraded":["Defend_R","Bash"]},{"damage_healed":0.0,"max_hp_gain":0.0,"max_hp_loss":0.0,"gold_gain":0.0,"event_name":"Addict","player_choice":"Obtained Relic","floor":76.0,"gold_loss":85.0,"damage_taken":0.0,"relics_obtained":["Girya"]},{"damage_healed":0.0,"max_hp_gain":0.0,"max_hp_loss":0.0,"gold_gain":0.0,"event_name":"MindBloom","player_choice":"Fight","floor":89.0,"gold_loss":0.0,"damage_taken":0.0},{"damage_healed":0,"gold_gain":0,"player_choice":"Fought Mushrooms","damage_taken":0,"max_hp_gain":0,"max_hp_loss":0,"event_name":"Mushrooms","floor":105,"gold_loss":0},{"damage_healed":0,"gold_gain":0,"player_choice":"Bought 1 Potion","damage_taken":0,"max_hp_gain":0,"max_hp_loss":0,"event_name":"The Woman in Blue","floor":112,"gold_loss":0}],"is_beta":false,"boss_relics":[{"not_picked":["Busted Crown","Calling Bell"],"picked":"DemoMod:RiddleOfLead"},{"not_picked":["Coffee Dripper","Snecko Eye"],"picked":"Runic Pyramid"},{"not_picked":["Cursed Key","Runic Dome"],"picked":"Runic Cube"},{"not_picked":["Fusion Hammer","Velvet Choker"],"picked":"DemoMod:WaxWing"},{"not_picked":["Busted Crown","Sozu"],"picked":"Philosopher\u0027s Stone"},{"not_picked":["SacredBark","Black Blood"],"picked":"rorgmod:Black Star"},{"not_picked":["rorgmod:Empty Cage","Cursed Key"],"picked":"SlaversCollar"}],"items_purged_floors":[19,19,38,72,82,87],"is_endless":true,"potions_floor_spawned":[2,5,10,11,12,16,18,21,22,23,25,29,31,33,35,36,39,40,42,45,46,48,50,52,55,58,62,63,65,67,69,70,71,73,74,77,79,80,81,84,86,89,90,92,94,96,97,98,99,101,103,105,106,107,109,111,114,115,116,118],"ascension_level":9}}