{"host":"6p0attdrtjqaih7v","time":1609806521,"event":{"mods":["2.2 Compatiblity","AchievementEnabler","Bard","BaseMod","Better Skull","Better Third Choice","Colored Powertips","Hermit","Highlight Path","Jorbs\u0027s Wanderer Trilogy","Key Reminder","Minty Spire (QoL Compilation)","Permanent Neow","Quick Restart","Random Character Button","Relic Stats","Replay The Spire","StSLib","The Construct"],"gold_per_floor":[110,110,122,122,48,81,81,100,124,174,208,208,221,253,253,253,253],"floor_reached":16,"playtime":592,"items_purged":[],"score":250,"play_id":"938e341d-d668-440b-bbc9-c43235ef7281","local_time":"20210104192841","is_ascension_mode":true,"campfire_choices":[{"data":"bard:LifeDrain","floor":7,"key":"SMITH"},{"floor":12,"key":"REST"},{"data":"bard:HarmoniousVoice","floor":15,"key":"SMITH"}],"circlet_count":0,"master_deck":["AscendersBane","bard:Strike+1","bard:Strike","bard:Strike+1","bard:Strike","bard:Defend","bard:Defend","bard:Defend","bard:Defend","bard:Riposte","bard:LingeringEcho","bard:LifeDrain+1","Bash","bard:OffKey","bard:HarmoniousVoice+1","bard:DervishDance"],"relics":["bard:BagPipes","Boot","m_CorellonBlood","ReplayFunnel","Happy Flower","MealTicket","Blue Candle"],"acts_visited":["Exordium"],"potions_floor_usage":[6],"damage_taken":[{"damage":7,"enemies":"Jaw Worm","floor":1,"turns":3},{"damage":0,"enemies":"2 Louse","floor":3,"turns":3},{"damage":9,"enemies":"3 Sentries","floor":6,"turns":10},{"damage":0,"enemies":"Small Slimes","floor":8,"turns":3},{"damage":10,"enemies":"Gremlin Nob","floor":11,"turns":4},{"damage":0,"enemies":"Red Slaver","floor":13,"turns":3},{"damage":0,"enemies":"3 Sentries","floor":14,"turns":11},{"damage":32,"enemies":"Hexaghost","floor":16,"turns":9}],"seed_played":"8318651137988383945","potions_obtained":[{"floor":1,"key":"Adrenaline Potion"},{"floor":14,"key":"Explosive Potion"}],"is_trial":false,"path_per_floor":["M","?","M","?","$","E","R","M","T","?","E","R","M","E","R","B"],"character_chosen":"BARD","items_purchased":["bard:OffKey"],"campfire_rested":1,"item_purchase_floors":[5],"current_hp_per_floor":[52,32,32,32,32,23,23,23,23,23,13,32,32,32,32,0,0],"gold":253,"neow_bonus":"RANDOM_COMMON_RELIC","is_daily":false,"chose_seed":false,"campfire_upgraded":2,"win_rate":0.0,"timestamp":1609806521,"path_taken":["M","?","M","?","$","E","R","M","T","?","E","R","M","E","R","BOSS"],"items_purchased_type":["Card"],"build_version":"2020-12-22","purchased_purges":0,"victory":false,"max_hp_per_floor":[66,66,66,66,66,66,66,66,66,66,66,66,66,66,66,66,66],"relic_stats":{"Happy Flower":[9],"counters":[8,46],"Blue Candle":[0],"MealTicket":0,"Boot":[3],"obtain_stats":[{"ReplayFunnel":6,"bard:BagPipes":0,"m_CorellonBlood":4,"bard:PitchPipe":0,"Happy Flower":9,"Blue Candle":14,"MealTicket":11,"Boot":0},{"ReplayFunnel":3,"bard:BagPipes":0,"m_CorellonBlood":2,"bard:PitchPipe":0,"Happy Flower":4,"Blue Candle":7,"MealTicket":5,"Boot":0},{"ReplayFunnel":16,"bard:BagPipes":0,"m_CorellonBlood":6,"bard:PitchPipe":0,"Happy Flower":19,"Blue Candle":37,"MealTicket":23,"Boot":0}]},"card_choices":[{"not_picked":["bard:InspiringSong","bard:CuttingWords"],"picked":"bard:LingeringEcho","floor":1},{"not_picked":["bard:Gamble","bard:ViciousMockery"],"picked":"bard:LifeDrain","floor":3},{"not_picked":["Clothesline","bard:Encore","bard:EnGarde"],"picked":"SKIP","floor":6},{"not_picked":["bard:Sift","bard:PhantasmalForce"],"picked":"bard:HarmoniousVoice","floor":8},{"not_picked":["bard:EchoEcho","Clothesline","bard:EnGarde"],"picked":"SKIP","floor":11},{"not_picked":["bard:CuttingWords","bard:EchoEcho","bard:PhantasmalForce"],"picked":"SKIP","floor":13},{"not_picked":["bard:Rhapsody","bard:Fermata"],"picked":"bard:DervishDance","floor":14}],"player_experience":941097,"relics_obtained":[{"floor":6,"key":"ReplayFunnel"},{"floor":9,"key":"Happy Flower"},{"floor":11,"key":"MealTicket"},{"floor":14,"key":"Blue Candle"}],"event_choices":[{"damage_healed":0,"gold_gain":0,"player_choice":"Entered Light","damage_taken":20,"max_hp_gain":0,"max_hp_loss":0,"event_name":"Shining Light","floor":2,"gold_loss":0,"cards_upgraded":["bard:Strike","bard:Strike"]},{"damage_healed":0,"gold_gain":50,"player_choice":"Pray","damage_taken":0,"max_hp_gain":0,"max_hp_loss":0,"event_name":"Golden Shrine","floor":10,"gold_loss":0}],"is_beta":false,"boss_relics":[],"items_purged_floors":[],"is_endless":false,"potions_floor_spawned":[1,14],"killed_by":"Hexaghost","ascension_level":15}}