{"host":"94qggqh0xz0sp6ai","time":1609882053,"event":{"mods":["Abigail Mod","Act Like it!","BaseMod","CapriCore","Downfall","Friendly Minions","Gensokyo","Hermit","Jorbs\u0027s Wanderer Trilogy","Koishi","Marisa（霧雨　魔理沙）","Minty Spire (QoL Compilation)","Permanent Neow","Reimu（博??梦）","StSLib","The Alterego","The Construct","The Cursed","The Hierophant","The Immortal","The Marked","The Servant 0.9.4","TheBandit","Waifu the Spire"],"gold_per_floor":[118,118,138,148,160,160,186,186,186,212,167,167,96,113,113,208,208,220,220,220,200,217,217,232,232,232],"floor_reached":25,"playtime":739,"items_purged":[],"score":211,"play_id":"9c95b363-0aeb-425b-b9c4-08da3780f4fa","local_time":"20210105152733","is_ascension_mode":false,"campfire_choices":[{"data":"theMarked:Improvise","floor":6,"key":"SMITH"},{"data":"theMarked:HeritageOfTheMarked","floor":8,"key":"SMITH"},{"floor":15,"key":"REST"},{"data":"theMarked:ComboAttacks","floor":23,"key":"SMITH"}],"circlet_count":0,"master_deck":["theMarked:Strike","theMarked:Strike","theMarked:Strike","theMarked:Strike","theMarked:Strike","theMarked:Defend","theMarked:Defend","theMarked:Defend","theMarked:Defend","theMarked:SoldierOfQuellstein","theMarked:DispelDoubt","theMarked:Improvise+1","Regret","theMarked:EmpowerWeapon","theMarked:ResourceFulStrike","theMarked:WardOff","theMarked:HeritageOfTheMarked+1","theMarked:Seal","theMarked:ComboAttacks+1","theMarked:Overcharge","theMarked:MuscleMemory","Decay","theMarked:HeightenedSenses+1"],"relics":["theMarked:ArtifactOfAir","Bag of Marbles","Kunai","Tiny Chest","Happy Flower","Question Card","SlaversCollar","Matryoshka"],"acts_visited":["Exordium","TheCity"],"potions_floor_usage":[7,14,25,25],"damage_taken":[{"damage":4,"enemies":"2 Louse","floor":1,"turns":3},{"damage":6,"enemies":"Jaw Worm","floor":3,"turns":2},{"damage":0,"enemies":"Small Slimes","floor":4,"turns":2},{"damage":4,"enemies":"3 Louse","floor":5,"turns":3},{"damage":19,"enemies":"Gremlin Nob","floor":7,"turns":3},{"damage":23,"enemies":"Lagavulin","floor":10,"turns":5},{"damage":0,"enemies":"Exordium Wildlife","floor":14,"turns":2},{"damage":12,"enemies":"Slime Boss","floor":16,"turns":6},{"damage":31,"enemies":"3 Byrds","floor":18,"turns":5},{"damage":12,"enemies":"Shell Parasite","floor":22,"turns":3},{"damage":13,"enemies":"Cultist and Chosen","floor":24,"turns":5},{"damage":19,"enemies":"Snake Plant","floor":25,"turns":3}],"seed_played":"-4770558561810944580","potions_obtained":[{"floor":1,"key":"SteroidPotion"},{"floor":7,"key":"Slimebound:ThreeZeroPotion"},{"floor":16,"key":"Strength Potion"},{"floor":21,"key":"SteroidPotion"},{"floor":24,"key":"construct:ShiftPotion"}],"is_trial":false,"path_per_floor":["M","?","M","M","M","R","E","R","T","E","?","?","$","M","R","B",null,"M","?","T","?","M","R","M","M"],"character_chosen":"THE_DEFAULT","items_purchased":["theMarked:ComboAttacks"],"campfire_rested":1,"item_purchase_floors":[13],"current_hp_per_floor":[66,66,60,60,56,56,37,37,37,14,14,14,14,14,35,23,70,39,39,39,39,27,27,14,0,0],"gold":232,"neow_bonus":"ONE_RANDOM_RARE_CARD","is_daily":false,"chose_seed":false,"campfire_upgraded":3,"win_rate":0.0,"timestamp":1609882053,"path_taken":["M","?","M","M","M","R","E","R","T","E","?","?","$","M","R","BOSS","M","?","?","?","M","R","M","M"],"items_purchased_type":["Card"],"build_version":"2020-12-22","purchased_purges":0,"victory":false,"max_hp_per_floor":[70,70,70,70,70,70,70,70,70,70,70,70,70,70,70,70,70,70,70,70,70,70,70,70,70,70],"card_choices":[{"not_picked":["theMarked:ReduceFriction","theMarked:Frustration"],"picked":"theMarked:Improvise","floor":1},{"not_picked":["theMarked:ResourceFulStrike","theMarked:TwofoldDefense"],"picked":"theMarked:EmpowerWeapon","floor":3},{"not_picked":["theMarked:ChainLightning","theMarked:TwofoldDefense"],"picked":"theMarked:ResourceFulStrike","floor":4},{"not_picked":["theMarked:TurnInvisible","theMarked:WastefulDefense"],"picked":"theMarked:WardOff","floor":5},{"not_picked":["theMarked:EnhanceMovement","theMarked:ElectricStrings"],"picked":"theMarked:HeritageOfTheMarked","floor":7},{"not_picked":["theMarked:ElectricStrings","theMarked:SwordAndMagic"],"picked":"theMarked:Seal","floor":10},{"not_picked":["theMarked:ElectricStrings","theMarked:EnhanceMovement","theMarked:WastefulDefense"],"picked":"theMarked:Overcharge","floor":14},{"not_picked":["theMarked:Defy","theMarked:UnarmedFury","theMarked:Challenge"],"picked":"theMarked:MuscleMemory","floor":16},{"not_picked":["theMarked:WastefulDefense","theMarked:Parry","theMarked:Aftermath","theMarked:Electrocute"],"picked":"SKIP","floor":18},{"not_picked":["theMarked:ElectricStrings","theMarked:Electrocute+1","theMarked:WastefulAttack","theMarked:WastefulDefense+1"],"picked":"SKIP","floor":22},{"not_picked":["theMarked:TwofoldDefense","theMarked:Static","theMarked:EmpowerWeapon"],"picked":"theMarked:HeightenedSenses+1","floor":24}],"player_experience":1346241,"relics_obtained":[{"floor":7,"key":"Kunai"},{"floor":9,"key":"Tiny Chest"},{"floor":10,"key":"Happy Flower"},{"floor":20,"key":"Matryoshka"}],"event_choices":[{"damage_healed":0,"gold_gain":0,"player_choice":"Box","damage_taken":0,"relics_obtained":["Bag of Marbles"],"max_hp_gain":0,"max_hp_loss":0,"event_name":"Big Fish","floor":2,"gold_loss":0,"cards_obtained":["Regret"]},{"damage_healed":0,"gold_gain":0,"player_choice":"Left Gold","damage_taken":0,"max_hp_gain":0,"max_hp_loss":0,"event_name":"World of Goop","floor":11,"gold_loss":45},{"damage_healed":0,"gold_gain":0,"player_choice":"Searched \u00271\u0027 times","damage_taken":0,"relics_obtained":["Question Card"],"max_hp_gain":0,"max_hp_loss":0,"event_name":"Dead Adventurer","floor":12,"gold_loss":0},{"damage_healed":0,"gold_gain":0,"player_choice":"Smashed Altar","damage_taken":0,"max_hp_gain":0,"max_hp_loss":0,"event_name":"Forgotten Altar","floor":19,"gold_loss":0,"cards_obtained":["Decay"]},{"damage_healed":0,"gold_gain":0,"player_choice":"Bought 1 Potion","damage_taken":0,"max_hp_gain":0,"max_hp_loss":0,"event_name":"The Woman in Blue","floor":21,"gold_loss":0}],"is_beta":false,"boss_relics":[{"not_picked":["Astrolabe","Snecko Eye"],"picked":"SlaversCollar"}],"items_purged_floors":[],"is_endless":false,"potions_floor_spawned":[1,7,16,24],"killed_by":"Snake Plant","ascension_level":0}}