{"host":"xkmvu47k9fdstweo","time":1609881369,"event":{"mods":["BaseMod","Colored Map","Conspire","Hubris","Minty Spire (QoL Compilation)","Quick Restart","Railgun Mod","Shop Mod","StSLib","The Alterego","The Servant 0.9.4","The Wild Card","TheBandit","WarShipGirlsR/??è≠èóR mod","vexMod"],"gold_per_floor":[116,41,41,0,15,46,46,64,64,97,97,111,147,45,45,169,169,187,66,66,66,80,80,121,144,144,144,144],"floor_reached":27,"playtime":615,"items_purged":["Strike_B","Strike_B"],"score":361,"play_id":"9d65775c-e059-4954-a749-4403459ec419","local_time":"20210105161609","is_ascension_mode":true,"campfire_choices":[{"data":"Zap","floor":7,"key":"SMITH"},{"floor":11,"key":"REST"},{"floor":15,"key":"REST"},{"floor":23,"key":"REST"}],"circlet_count":0,"master_deck":["Strike_B","Strike_B","Defend_B","Defend_B","Defend_B","Defend_B","Zap+1","Dualcast","Core Surge","Conserve Battery","Doom and Gloom","Core Surge","Sweeping Beam","Leap","Hyperbeam","Hologram","Cold Snap","Streamline","Thunder Strike","Storm+1","Storm","vexMod:UltimateCard","Self Repair+1","Heatsinks","Cold Snap"],"relics":["Cracked Core","Golden Idol","Smiling Mask","hubris:CuriousFeather","Singing Bowl","hubris:ToyBattleship","Black Star","Blood Vial","MealTicket","Pantograph","vexMod:MemoryStick"],"acts_visited":["Exordium","TheCity"],"potions_floor_usage":[13,16,22,24,24,25],"damage_taken":[{"damage":0,"enemies":"Small Slimes","floor":1,"turns":2},{"damage":1,"enemies":"2 Louse","floor":5,"turns":2},{"damage":28,"enemies":"Lagavulin","floor":6,"turns":6},{"damage":1,"enemies":"Cultist","floor":8,"turns":3},{"damage":20,"enemies":"3 Sentries","floor":10,"turns":3},{"damage":6,"enemies":"Looter","floor":12,"turns":2},{"damage":16,"enemies":"Gremlin Nob","floor":13,"turns":3},{"damage":30,"enemies":"Hexaghost","floor":16,"turns":11},{"damage":17,"enemies":"Chosen","floor":18,"turns":5},{"damage":26,"enemies":"Shell Parasite","floor":22,"turns":5},{"damage":27,"enemies":"Gremlin Leader","floor":24,"turns":4},{"damage":26,"enemies":"Snecko","floor":25,"turns":5},{"damage":17,"enemies":"3 Cultists","floor":27,"turns":3}],"seed_played":"-6305484156521033494","potions_obtained":[{"floor":8,"key":"ColorlessPotion"},{"floor":10,"key":"conspire:TimeTravelPotion"},{"floor":12,"key":"Energy Potion"},{"floor":13,"key":"PotionOfCapacity"},{"floor":16,"key":"Explosive Potion"},{"floor":22,"key":"AttackPotion"}],"is_trial":false,"path_per_floor":["M","$","?","?","M","E","R","M","T","E","R","M","E","$","R","B",null,"M","$","?","?","M","R","E","M","T","M"],"character_chosen":"DEFECT","items_purchased":["Cold Snap","Streamline","Storm"],"campfire_rested":3,"item_purchase_floors":[14,14,19],"current_hp_per_floor":[68,68,68,68,67,39,39,38,38,20,41,37,21,21,42,12,58,41,41,41,41,17,38,23,14,14,0,0],"gold":144,"neow_bonus":"ONE_RANDOM_RARE_CARD","is_daily":false,"chose_seed":false,"campfire_upgraded":1,"win_rate":0.0,"timestamp":1609881369,"path_taken":["M","$","?","?","M","E","R","M","T","E","R","M","E","$","R","BOSS","M","$","?","?","M","R","E","?","T","M"],"items_purchased_type":["Card","Card","Card"],"build_version":"2020-12-22","purchased_purges":2,"victory":false,"max_hp_per_floor":[75,75,69,69,69,69,69,69,69,71,71,73,73,73,73,73,73,73,73,73,73,73,73,73,73,73,73,73],"card_choices":[{"not_picked":["Stack","Steam"],"picked":"Conserve Battery","floor":1},{"not_picked":[],"picked":"Doom and Gloom","floor":4},{"not_picked":[],"picked":"Core Surge","floor":4},{"not_picked":["Stack","Self Repair"],"picked":"Sweeping Beam","floor":5},{"not_picked":["Beam Cell","Storm"],"picked":"Leap","floor":6},{"not_picked":["Turbo","Steam"],"picked":"Hyperbeam","floor":8},{"not_picked":["Aggregate","Undo","Blizzard"],"picked":"Singing Bowl","floor":10},{"not_picked":["Compile Driver","Reinforced Body","Steam"],"picked":"Singing Bowl","floor":12},{"not_picked":["Compile Driver","conspire:Rain"],"picked":"Hologram","floor":13},{"not_picked":["Multi-Cast","Core Surge"],"picked":"Thunder Strike","floor":16},{"not_picked":["Redo+1","Conserve Battery"],"picked":"Storm+1","floor":18},{"not_picked":["Redo","Steam"],"picked":"Self Repair+1","floor":22},{"not_picked":["Leap","Hello World"],"picked":"Heatsinks","floor":24},{"not_picked":["Sweeping Beam","Hologram"],"picked":"Cold Snap","floor":25}],"player_experience":349789,"relics_obtained":[{"floor":6,"key":"Smiling Mask"},{"floor":9,"key":"hubris:CuriousFeather"},{"floor":10,"key":"Singing Bowl"},{"floor":13,"key":"hubris:ToyBattleship"},{"floor":24,"key":"MealTicket"},{"floor":24,"key":"Pantograph"},{"floor":26,"key":"vexMod:MemoryStick"}],"event_choices":[{"damage_healed":0,"gold_gain":0,"player_choice":"Lose Max HP","damage_taken":0,"relics_obtained":["Golden Idol"],"max_hp_gain":0,"max_hp_loss":6,"event_name":"Golden Idol","floor":3,"gold_loss":0},{"damage_healed":0,"gold_gain":0,"player_choice":"Stole Relic","damage_taken":0,"relics_obtained":["Blood Vial"],"max_hp_gain":0,"max_hp_loss":0,"event_name":"Addict","floor":20,"gold_loss":0,"cards_obtained":["Shame"]},{"damage_healed":0,"gold_gain":0,"cards_transformed":["Shame"],"player_choice":"Transformed","damage_taken":0,"max_hp_gain":0,"max_hp_loss":0,"event_name":"Transmorgrifier","floor":21,"gold_loss":0,"cards_obtained":["vexMod:UltimateCard"]}],"is_beta":false,"boss_relics":[{"not_picked":["vexMod:DeviousBotling","vexMod:CursedCompass"],"picked":"Black Star"}],"items_purged_floors":[2,19],"is_endless":false,"potions_floor_spawned":[8,10,12,13,16,18,22],"killed_by":"3 Cultists","ascension_level":9}}