{"host":"ewfe3cr33ktd9xzj","time":1609832718,"event":{"mods":["AchievementEnabler","BaseMod","Colored Map","Custom Start","DeckTracker","Minty Spire (QoL Compilation)","Permanent Neow","Rare Cards Sparkle","StSLib","everything is the same but u backflip on backflip"],"gold_per_floor":[360,373,298,143,143,143,162,162,236,236,236,247,92,92,92,92,92],"floor_reached":16,"playtime":333,"items_purged":["Strike_G","Strike_G"],"score":196,"play_id":"d337880a-ba18-46aa-a2b2-6222e87eee70","local_time":"20210105164518","is_ascension_mode":true,"campfire_choices":[{"data":"Poisoned Stab","floor":6.0,"key":"SMITH"},{"floor":15.0,"key":"REST"}],"circlet_count":0,"master_deck":["AscendersBane","Strike_G","Defend_G","Defend_G","Defend_G","Defend_G","Defend_G","Survivor","Neutralize","Quick Slash","Poisoned Stab+1","Riddle With Holes","Acrobatics","Backstab","Poisoned Stab"],"relics":["Ring of the Snake","Letter Opener"],"acts_visited":["Exordium"],"potions_floor_usage":[16],"damage_taken":[{"damage":14.0,"enemies":"Cultist","floor":1.0,"turns":6.0},{"damage":3.0,"enemies":"Jaw Worm","floor":2.0,"turns":4.0},{"damage":0.0,"enemies":"2 Louse","floor":7.0,"turns":2.0},{"damage":0.0,"enemies":"Gremlin Nob","floor":10.0,"turns":1.0},{"damage":29.0,"enemies":"Exordium Thugs","floor":12.0,"turns":6.0},{"damage":19,"enemies":"Hexaghost","floor":16,"turns":10}],"seed_played":"-8763971404939529747","potions_obtained":[{"floor":2.0,"key":"Explosive Potion"},{"floor":7.0,"key":"SmokeBomb"},{"floor":12.0,"key":"BlessingOfTheForge"}],"is_trial":false,"path_per_floor":["M","M","?","$","?","R","M","?","T","E","?","M","$","?","R","B"],"character_chosen":"THE_SILENT","items_purchased":["Riddle With Holes","Poisoned Stab"],"campfire_rested":1,"item_purchase_floors":[4,13],"current_hp_per_floor":[45,42,42,42,47,47,47,40,40,40,40,11,11,11,30,11,11],"gold":92,"neow_bonus":"TWO_FIFTY_GOLD","is_daily":false,"chose_seed":false,"campfire_upgraded":1,"win_rate":0.0,"timestamp":1609832718,"path_taken":["M","M","?","$","?","R","M","?","T","E","?","?","$","?","R","BOSS"],"items_purchased_type":["Card","Card"],"build_version":"2020-12-22","purchased_purges":2,"victory":false,"max_hp_per_floor":[60,60,60,60,65,65,65,65,65,65,65,65,65,65,65,65,65],"card_choices":[{"not_picked":["Infinite Blades","Caltrops"],"picked":"Quick Slash","floor":1.0},{"not_picked":["Expertise","Leg Sweep"],"picked":"Poisoned Stab","floor":2.0},{"not_picked":["Heel Hook","Underhanded Strike"],"picked":"Acrobatics","floor":7.0},{"not_picked":["Poisoned Stab","Wraith Form v2","Finisher"],"picked":"SKIP","floor":12.0}],"player_experience":22191,"relics_obtained":[{"floor":9.0,"key":"Letter Opener"}],"event_choices":[{"cards_removed":["Strike_G"],"damage_healed":0.0,"max_hp_gain":0.0,"max_hp_loss":0.0,"gold_gain":0.0,"event_name":"The Cleric","player_choice":"Card Removal","floor":3.0,"gold_loss":75.0,"damage_taken":0.0},{"damage_healed":0.0,"max_hp_gain":5.0,"max_hp_loss":0.0,"gold_gain":0.0,"event_name":"Big Fish","player_choice":"Donut","floor":5.0,"gold_loss":0.0,"damage_taken":0.0},{"cards_removed":["Strike_G"],"damage_healed":0.0,"max_hp_gain":0.0,"max_hp_loss":0.0,"gold_gain":0.0,"event_name":"Golden Wing","player_choice":"Card Removal","floor":8.0,"gold_loss":0.0,"damage_taken":7.0},{"damage_healed":0.0,"max_hp_gain":0.0,"max_hp_loss":0.0,"gold_gain":0.0,"event_name":"Match and Keep!","player_choice":"1 cards matched","floor":11.0,"gold_loss":0.0,"damage_taken":0.0,"cards_obtained":["Backstab"]},{"damage_healed":0.0,"max_hp_gain":0.0,"max_hp_loss":0.0,"gold_gain":0.0,"event_name":"Liars Game","player_choice":"Ignored","floor":14.0,"gold_loss":0.0,"damage_taken":0.0}],"is_beta":false,"boss_relics":[],"items_purged_floors":[4,13],"is_endless":false,"potions_floor_spawned":[2,7,12],"killed_by":"Hexaghost","ascension_level":20}}