{"host":"gk5m6v7zec9neb0j","time":1609844248,"event":{"mods":["AchievementEnabler","AlwaysNeverKeys","BaseMod","BetterRewards","Block Reminder","Minty Spire (QoL Compilation)","Rare Cards Sparkle","Relic Stats","StSLib"],"gold_per_floor":[116,116,137,162,178,178,196,196,247,247,282,252,265,280,280,399,399,413,110,110,130,154,154,189,118,142,142,267,287,361,376,376,501,501,525,543,162,162,495,530,530,80,148,165,192,204,238,254,254,254,254,254,174,201,201],"floor_reached":56,"playtime":2443,"items_purged":["Strike_R","Strike_R","Strike_R","Strike_R"],"score":1634,"play_id":"c7edd946-9d2c-4484-b2dc-cb017396efee","local_time":"20210105055728","is_ascension_mode":false,"campfire_choices":[{"data":"Armaments","floor":6,"key":"SMITH"},{"data":"Bash","floor":8,"key":"SMITH"},{"data":"Entrench","floor":10,"key":"SMITH"},{"floor":15,"key":"REST"},{"data":"Burning Pact","floor":23,"key":"SMITH"},{"data":"Body Slam","floor":32,"key":"SMITH"},{"data":"Armaments","floor":41,"key":"SMITH"},{"data":"Searing Blow","floor":49,"key":"SMITH"},{"data":"Searing Blow+1","floor":52,"key":"SMITH"}],"circlet_count":0,"master_deck":["Strike_R","Defend_R","Defend_R","Defend_R","Defend_R","Bash+1","Entrench+1","Searing Blow+2","Headbutt","Armaments+1","Shrug It Off+1","Barricade+1","Shrug It Off","Armaments+1","Body Slam+1","Burning Pact+1","Entrench+1","Bloodletting","Battle Trance","Burning Pact+1","Metallicize+1","Body Slam+1","Offering","Shrug It Off+1","Juggernaut+1"],"relics":["Burning Blood","Blood Vial","Turnip","Happy Flower","Frozen Egg 2","Sozu","Orrery","PreservedInsect","War Paint","MutagenicStrength","CaptainsWheel","Mummified Hand","Letter Opener","Busted Crown","Bottled Tornado","Matryoshka","Torii","Bronze Scales","Bottled Flame","Ice Cream","Orichalcum","Pantograph"],"acts_visited":["Exordium","TheCity","TheBeyond","TheEnding"],"potions_floor_usage":[16,18,28],"damage_taken":[{"damage":0,"enemies":"Small Slimes","floor":1,"turns":3},{"damage":6,"enemies":"Cultist","floor":3,"turns":3},{"damage":0,"enemies":"2 Louse","floor":4,"turns":4},{"damage":9,"enemies":"Blue Slaver","floor":5,"turns":8},{"damage":3,"enemies":"Large Slime","floor":7,"turns":5},{"damage":31,"enemies":"3 Sentries","floor":11,"turns":16},{"damage":5,"enemies":"Looter","floor":12,"turns":4},{"damage":9,"enemies":"Exordium Wildlife","floor":13,"turns":8},{"damage":10,"enemies":"Large Slime","floor":14,"turns":11},{"damage":7,"enemies":"The Guardian","floor":16,"turns":19},{"damage":10,"enemies":"2 Thieves","floor":18,"turns":4},{"damage":11,"enemies":"3 Byrds","floor":21,"turns":12},{"damage":7,"enemies":"Shelled Parasite and Fungi","floor":22,"turns":7},{"damage":7,"enemies":"Gremlin Leader","floor":24,"turns":7},{"damage":5,"enemies":"Colosseum Slavers","floor":28,"turns":7},{"damage":6,"enemies":"Colosseum Nobs","floor":28,"turns":5},{"damage":3,"enemies":"Centurion and Healer","floor":29,"turns":4},{"damage":0,"enemies":"Sentry and Sphere","floor":31,"turns":4},{"damage":0,"enemies":"Champ","floor":33,"turns":7},{"damage":13,"enemies":"3 Shapes","floor":35,"turns":4},{"damage":3,"enemies":"Orb Walker","floor":36,"turns":2},{"damage":2,"enemies":"Reptomancer","floor":40,"turns":6},{"damage":0,"enemies":"4 Shapes","floor":44,"turns":7},{"damage":3,"enemies":"Nemesis","floor":45,"turns":3},{"damage":0,"enemies":"3 Darklings","floor":46,"turns":4},{"damage":1,"enemies":"Giant Head","floor":47,"turns":5},{"damage":6,"enemies":"Transient","floor":48,"turns":5},{"damage":30,"enemies":"Time Eater","floor":50,"turns":11},{"damage":0,"enemies":"Shield and Spear","floor":54,"turns":5},{"damage":9,"enemies":"The Heart","floor":55,"turns":7}],"seed_played":"2912526925015104497","potions_obtained":[{"floor":13,"key":"PowerPotion"},{"floor":14,"key":"HeartOfIron"},{"floor":16,"key":"DistilledChaos"}],"is_trial":false,"path_per_floor":["M","?","M","M","M","R","M","R","T","R","E","M","M","M","R","B",null,"M","$","?","M","M","R","E","$","T","?","?","M","T","M","R","B",null,"M","M","$","?","?","E","R","$","T","M","E","M","E","M","R","B",null,"R","$","E","B",null],"character_chosen":"IRONCLAD","items_purchased":["Blood Vial","Entrench","Searing Blow","Body Slam","Orrery","Burning Pact","Bottled Tornado","Torii","Juggernaut+1"],"campfire_rested":1,"item_purchase_floors":[0,0,0,19,19,25,37,42,53],"current_hp_per_floor":[52,32,34,42,41,41,46,46,46,46,23,26,25,23,47,48,80,76,76,76,73,74,74,75,75,75,75,80,80,80,80,80,80,80,73,78,78,78,78,80,80,80,80,80,80,80,80,80,80,56,80,80,80,80,77],"gold":201,"neow_bonus":"","is_daily":false,"chose_seed":false,"campfire_upgraded":8,"win_rate":0.0,"timestamp":1609844248,"path_taken":["M","?","M","M","M","R","M","R","T","R","E","M","M","M","R","BOSS","M","$","?","M","?","R","E","$","T","?","?","M","?","M","R","BOSS","M","M","$","?","?","E","R","$","T","M","E","M","E","M","R","BOSS","R","$","E","BOSS"],"items_purchased_type":["Relic","Card","Card","Card","Relic","Card","Relic","Relic","Card"],"build_version":"2020-12-22","purchased_purges":4,"victory":true,"max_hp_per_floor":[80,80,80,80,80,80,80,80,80,80,80,80,80,80,80,80,80,80,80,80,80,80,80,80,80,80,80,80,80,80,80,80,80,80,80,80,80,80,80,80,80,80,80,80,80,80,80,80,80,80,80,80,80,80,80],"relic_stats":{"Happy Flower":[74],"Torii":5,"counters":[516,2712],"PreservedInsect":335,"Letter Opener":[386],"War Paint":["Defend_R","Defend_R","Shrug It Off","Burning Pact"],"Orichalcum":[18],"Burning Blood":2753,"Blood Vial":64,"Sozu":7,"Busted Crown":18,"Mummified Hand":[156],"Bronze Scales":[183],"Pantograph":0,"Turnip":[54],"obtain_stats":[{"Whetstone":45,"Ginger":48,"Bottled Tornado":12,"Boot":40,"Old Coin":9,"Blood Vial":54,"Sundial":43,"Fusion Hammer":34,"Kunai":3,"Runic Cube":34,"Pear":6,"Blue Candle":9,"Eternal Feather":6,"Pen Nib":9,"Akabeko":37,"SlaversCollar":17,"Runic Dome":17,"Bird Faced Urn":0,"MutagenicStrength":27,"Mark of Pain":34,"StrikeDummy":47,"Unceasing Top":0,"Regal Pillow":9,"Lantern":23,"Singing Bowl":42,"Torii":44,"Magic Flower":34,"StoneCalendar":0,"Bag of Preparation":41,"Ancient Tea Set":6,"Smiling Mask":9,"Burning Blood":0,"Matryoshka":27,"Shovel":0,"WingedGreaves":11,"Chemical X":0,"InkBottle":23,"Paper Frog":9,"Potion Belt":43,"Lee\u0027s Waffle":0,"Golden Idol":4,"Self Forming Clay":25,"Thread and Needle":0,"The Courier":13,"PreservedInsect":24,"Omamori":13,"Frozen Egg 2":8,"MawBank":9,"Busted Crown":34,"Ornamental Fan":12,"Orrery":0,"Turnip":13,"Art of War":26,"Champion Belt":23,"Bottled Lightning":43,"Toy Ornithopter":9,"Ice Cream":0,"Calipers":0,"Gremlin Horn":24,"CeramicFish":11,"Vajra":19,"Sozu":17,"Lizard Tail":25,"Centennial Puzzle":26,"HornCleat":54,"DollysMirror":37,"Strawberry":43,"Toxic Egg 2":25,"Girya":0,"Happy Flower":0,"Dead Branch":13,"Oddly Smooth Stone":54,"Charon\u0027s Ashes":0,"Letter Opener":26,"War Paint":55,"Question Card":9,"Du-Vu Doll":43,"OrangePellets":0,"Bottled Flame":54,"Shuriken":0,"Bronze Scales":0,"Molten Egg 2":26,"Nloth\u0027s Gift":20,"Pocketwatch":47,"Meat on the Bone":28,"Darkstone Periapt":26,"SacredBark":34,"Black Blood":17,"Enchiridion":21,"Mango":26,"Juzu Bracelet":3,"Incense Burner":0,"Empty Cage":17,"PrismaticShard":0,"ClockworkSouvenir":0,"Nunchaku":36,"Dream Catcher":25,"TheAbacus":37,"Mummified Hand":0,"Gambling Chip":13,"Pantograph":54,"Tiny Chest":24,"Red Mask":41,"Red Skull":4,"Runic Pyramid":34,"Orichalcum":20,"Odd Mushroom":14,"Medical Kit":36,"White Beast Statue":2,"Mercury Hourglass":30,"Peace Pipe":0,"Calling Bell":34,"Anchor":12,"CaptainsWheel":28,"Bag of Marbles":0,"Coffee Dripper":34,"Membership Card":0,"FossilizedHelix":0,"TungstenRod":36},{"Whetstone":46,"Ginger":104,"Bottled Tornado":137,"Boot":102,"Old Coin":4,"Blood Vial":49,"Sundial":149,"Fusion Hammer":98,"Kunai":2,"Runic Cube":296,"Pear":111,"Blue Candle":112,"Eternal Feather":25,"Pen Nib":56,"Akabeko":221,"SlaversCollar":36,"Runic Dome":61,"Bird Faced Urn":129,"MutagenicStrength":292,"Mark of Pain":70,"StrikeDummy":47,"Unceasing Top":0,"Regal Pillow":157,"Lantern":442,"Singing Bowl":102,"Torii":398,"Magic Flower":367,"StoneCalendar":80,"Bag of Preparation":196,"Ancient Tea Set":84,"Smiling Mask":407,"Burning Blood":0,"Matryoshka":118,"Shovel":457,"WingedGreaves":26,"Chemical X":50,"InkBottle":468,"Paper Frog":33,"Potion Belt":102,"Lee\u0027s Waffle":231,"Golden Idol":2,"Self Forming Clay":265,"Thread and Needle":154,"The Courier":15,"PreservedInsect":500,"Omamori":27,"Frozen Egg 2":25,"MawBank":13,"Busted Crown":505,"Ornamental Fan":381,"Orrery":9,"Turnip":59,"Art of War":117,"Champion Belt":66,"Bottled Lightning":451,"Toy Ornithopter":181,"Ice Cream":80,"Calipers":80,"Gremlin Horn":39,"CeramicFish":33,"Vajra":140,"Sozu":306,"Lizard Tail":39,"Centennial Puzzle":39,"HornCleat":174,"DollysMirror":395,"Strawberry":124,"Toxic Egg 2":117,"Girya":50,"Happy Flower":80,"Dead Branch":88,"Oddly Smooth Stone":326,"Charon\u0027s Ashes":50,"Letter Opener":67,"War Paint":79,"Question Card":135,"Du-Vu Doll":149,"OrangePellets":19,"Bottled Flame":106,"Shuriken":0,"Bronze Scales":29,"Molten Egg 2":165,"Nloth\u0027s Gift":115,"Pocketwatch":172,"Meat on the Bone":216,"Darkstone Periapt":93,"SacredBark":219,"Black Blood":16,"Enchiridion":413,"Mango":141,"Juzu Bracelet":10,"Incense Burner":107,"Empty Cage":160,"PrismaticShard":327,"ClockworkSouvenir":0,"Nunchaku":42,"Dream Catcher":141,"TheAbacus":99,"Mummified Hand":50,"Gambling Chip":34,"Pantograph":515,"Tiny Chest":92,"Red Mask":148,"Red Skull":32,"Runic Pyramid":41,"Orichalcum":17,"Odd Mushroom":28,"Medical Kit":421,"White Beast Statue":10,"Mercury Hourglass":69,"Peace Pipe":0,"Calling Bell":367,"Anchor":59,"CaptainsWheel":502,"Bag of Marbles":50,"Coffee Dripper":420,"Membership Card":0,"FossilizedHelix":129,"TungstenRod":193},{"Whetstone":235,"Ginger":445,"Bottled Tornado":578,"Boot":443,"Old Coin":20,"Blood Vial":254,"Sundial":607,"Fusion Hammer":434,"Kunai":11,"Runic Cube":1471,"Pear":468,"Blue Candle":470,"Eternal Feather":132,"Pen Nib":288,"Akabeko":1053,"SlaversCollar":194,"Runic Dome":314,"Bird Faced Urn":552,"MutagenicStrength":1449,"Mark of Pain":351,"StrikeDummy":240,"Unceasing Top":0,"Regal Pillow":630,"Lantern":2249,"Singing Bowl":443,"Torii":2056,"Magic Flower":1869,"StoneCalendar":388,"Bag of Preparation":876,"Ancient Tea Set":396,"Smiling Mask":2125,"Burning Blood":0,"Matryoshka":499,"Shovel":2324,"WingedGreaves":139,"Chemical X":262,"InkBottle":2390,"Paper Frog":177,"Potion Belt":443,"Lee\u0027s Waffle":1104,"Golden Idol":11,"Self Forming Clay":1293,"Thread and Needle":621,"The Courier":70,"PreservedInsect":2626,"Omamori":150,"Frozen Egg 2":132,"MawBank":57,"Busted Crown":2653,"Ornamental Fan":1932,"Orrery":48,"Turnip":301,"Art of War":496,"Champion Belt":329,"Bottled Lightning":2288,"Toy Ornithopter":757,"Ice Cream":388,"Calipers":388,"Gremlin Horn":203,"CeramicFish":177,"Vajra":586,"Sozu":1538,"Lizard Tail":203,"Centennial Puzzle":203,"HornCleat":729,"DollysMirror":2030,"Strawberry":538,"Toxic Egg 2":496,"Girya":262,"Happy Flower":388,"Dead Branch":406,"Oddly Smooth Stone":1624,"Charon\u0027s Ashes":262,"Letter Opener":332,"War Paint":381,"Question Card":574,"Du-Vu Doll":607,"OrangePellets":106,"Bottled Flame":448,"Shuriken":0,"Bronze Scales":164,"Molten Egg 2":671,"Nloth\u0027s Gift":488,"Pocketwatch":718,"Meat on the Bone":1028,"Darkstone Periapt":419,"SacredBark":1044,"Black Blood":80,"Enchiridion":2151,"Mango":587,"Juzu Bracelet":50,"Incense Burner":454,"Empty Cage":646,"PrismaticShard":1631,"ClockworkSouvenir":0,"Nunchaku":221,"Dream Catcher":587,"TheAbacus":436,"Mummified Hand":262,"Gambling Chip":183,"Pantograph":2705,"Tiny Chest":417,"Red Mask":605,"Red Skull":173,"Runic Pyramid":217,"Orichalcum":95,"Odd Mushroom":152,"Medical Kit":2161,"White Beast Statue":50,"Mercury Hourglass":341,"Peace Pipe":0,"Calling Bell":1869,"Anchor":301,"CaptainsWheel":2638,"Bag of Marbles":262,"Coffee Dripper":2160,"Membership Card":0,"FossilizedHelix":552,"TungstenRod":854}]},"card_choices":[{"not_picked":["Dark Embrace","Sword Boomerang"],"picked":"Headbutt","floor":1},{"not_picked":["Evolve","Twin Strike"],"picked":"Armaments","floor":3},{"not_picked":["Uppercut","Thunderclap","Shrug It Off"],"picked":"SKIP","floor":4},{"not_picked":["Shockwave","Flame Barrier","Carnage"],"picked":"SKIP","floor":5},{"not_picked":["Pommel Strike","Flex"],"picked":"Shrug It Off","floor":7},{"not_picked":["Searing Blow","Feed"],"picked":"Barricade+1","floor":11},{"not_picked":["Hemokinesis","Sentinel"],"picked":"Shrug It Off","floor":12},{"not_picked":["Flex","Sword Boomerang","True Grit"],"picked":"SKIP","floor":13},{"not_picked":["Twin Strike","True Grit","Flex"],"picked":"SKIP","floor":14},{"not_picked":["Cleave","Perfected Strike","Armaments"],"picked":"SKIP","floor":18},{"not_picked":["Cleave","Perfected Strike"],"picked":"Armaments","floor":18},{"not_picked":["Brutality+1","Ghostly Armor"],"picked":"Burning Pact","floor":19},{"not_picked":["Pommel Strike","Heavy Blade"],"picked":"Bloodletting","floor":21},{"not_picked":["Flex","Anger"],"picked":"Battle Trance","floor":22},{"not_picked":["Cleave","Body Slam","Pummel"],"picked":"SKIP","floor":24},{"not_picked":["Wild Strike","Iron Wave"],"picked":"Metallicize+1","floor":29},{"not_picked":["Clothesline+1","Headbutt"],"picked":"Body Slam+1","floor":31},{"not_picked":["Exhume","Limit Break"],"picked":"Offering","floor":33},{"not_picked":["Hemokinesis+1"],"picked":"SKIP","floor":35},{"not_picked":["Sword Boomerang+1"],"picked":"SKIP","floor":36},{"not_picked":["Armaments+1"],"picked":"SKIP","floor":40},{"not_picked":["Perfected Strike+1"],"picked":"SKIP","floor":44},{"not_picked":["Pummel"],"picked":"SKIP","floor":45},{"not_picked":["Rampage+1"],"picked":"SKIP","floor":46},{"not_picked":["Sword Boomerang"],"picked":"SKIP","floor":47},{"not_picked":[],"picked":"Shrug It Off+1","floor":48},{"not_picked":["Cleave+1"],"picked":"SKIP","floor":54}],"player_experience":733749,"relics_obtained":[{"floor":9,"key":"Happy Flower"},{"floor":11,"key":"Frozen Egg 2"},{"floor":24,"key":"PreservedInsect"},{"floor":26,"key":"War Paint"},{"floor":28,"key":"CaptainsWheel"},{"floor":28,"key":"Mummified Hand"},{"floor":30,"key":"Letter Opener"},{"floor":40,"key":"Matryoshka"},{"floor":43,"key":"Bronze Scales"},{"floor":43,"key":"Bottled Flame"},{"floor":45,"key":"Ice Cream"},{"floor":47,"key":"Orichalcum"},{"floor":54,"key":"Pantograph"}],"event_choices":[{"damage_healed":0,"gold_gain":0,"player_choice":"Take Damage","damage_taken":20,"relics_obtained":["Golden Idol"],"max_hp_gain":0,"max_hp_loss":0,"event_name":"Golden Idol","floor":2,"gold_loss":0},{"damage_healed":0,"gold_gain":0,"player_choice":"Copied","damage_taken":0,"max_hp_gain":0,"max_hp_loss":0,"event_name":"Duplicator","floor":20,"gold_loss":0,"cards_obtained":["Entrench"]},{"damage_healed":0,"gold_gain":0,"player_choice":"Inject Mutagens","damage_taken":0,"relics_obtained":["MutagenicStrength"],"max_hp_gain":0,"max_hp_loss":0,"event_name":"Drug Dealer","floor":27,"gold_loss":0},{"damage_healed":0,"gold_gain":0,"player_choice":"Fight","damage_taken":0,"max_hp_gain":0,"max_hp_loss":0,"event_name":"Colosseum","floor":28,"gold_loss":0},{"damage_healed":0,"gold_gain":0,"player_choice":"Fought Nobs","damage_taken":0,"max_hp_gain":0,"max_hp_loss":0,"event_name":"Colosseum","floor":28,"gold_loss":0},{"damage_healed":0,"gold_gain":0,"player_choice":"Ignored","damage_taken":0,"max_hp_gain":0,"max_hp_loss":0,"event_name":"Tomb of Lord Red Mask","floor":38,"gold_loss":0},{"damage_healed":0,"gold_gain":333,"player_choice":"Gave Idol","damage_taken":0,"max_hp_gain":0,"max_hp_loss":0,"event_name":"The Moai Head","floor":39,"relics_lost":["Golden Idol"],"gold_loss":0}],"is_beta":false,"boss_relics":[{"not_picked":["Pandora\u0027s Box","Coffee Dripper"],"picked":"Sozu"},{"not_picked":["Cursed Key","SacredBark"],"picked":"Busted Crown"}],"items_purged_floors":[0,19,37,42],"is_endless":false,"potions_floor_spawned":[4,5,13,14,16,24,28,28,35,36,44,48,54],"ascension_level":0}}