{"host":"kabf61oc9jgfwufg","time":1609832385,"event":{"mods":["AchievementEnabler","Act Like it!","Aspiration","BaseMod","Conspire","GifTheSpireLib","Halation","HexUI Lib","Hubris","Infinite Spire","Minty Spire (QoL Compilation)","Pale of the Ancients","Quick Restart","Rare Cards Sparkle","Replay The Spire","StSLib","The Jungle","Waifu the Spire"],"gold_per_floor":[109,128,128,128,162,189,189,206,278,290,290,304,304,323,323,428,428,441,441,454,468,487,267,267,267],"floor_reached":24,"playtime":880,"items_purged":["Indignation+1","Strike_P"],"score":200,"play_id":"6e837eb0-f432-4109-8d5d-71b4964f60a1","local_time":"20210105073945","is_ascension_mode":false,"campfire_choices":[{"data":"Eruption","floor":7,"key":"SMITH"},{"data":"PathToVictory","floor":11,"key":"SMITH"},{"data":"PathToVictory","floor":13,"key":"SMITH"},{"floor":15,"key":"REST"}],"circlet_count":0,"master_deck":["Strike_P","Strike_P","Defend_P","Defend_P","Defend_P","Defend_P","Eruption+1","Vigilance","PathToVictory+1","PathToVictory+1","Prostrate","FollowUp+1","CurseOfTheBell","infinitespire:Gouge","FlurryOfBlows+1"],"relics":["PureWater","infinitespire:ShieldingShard","Strawberry","aspiration:StickyExplosives_weak","Calling Bell","ReplayTheSpireMod:TigerMarble","Snack Pack","Prayer Wheel","conspire:TopHat","Chemical X"],"acts_visited":["Exordium","TheCity"],"potions_floor_usage":[16,20,22],"damage_taken":[{"damage":0,"enemies":"Cultist","floor":1,"turns":2},{"damage":0,"enemies":"Small Slimes","floor":2,"turns":3},{"damage":23,"enemies":"conspire:MimicChest","floor":5,"turns":5},{"damage":16,"enemies":"Lagavulin","floor":6,"turns":5},{"damage":0,"enemies":"Jaw Worm","floor":8,"turns":3},{"damage":12,"enemies":"Red Slaver","floor":10,"turns":3},{"damage":3,"enemies":"3 Louse","floor":12,"turns":3},{"damage":0,"enemies":"Exordium Wildlife","floor":14,"turns":3},{"damage":46,"enemies":"Hexaghost","floor":16,"turns":9},{"damage":11,"enemies":"Spheric Guardian","floor":18,"turns":4},{"damage":4,"enemies":"3 Byrds","floor":20,"turns":4},{"damage":15,"enemies":"Snake Plant","floor":21,"turns":5},{"damage":45,"enemies":"Centurion and Healer","floor":22,"turns":6},{"damage":49,"enemies":"Gremlin Leader","floor":24,"turns":4}],"seed_played":"-3080212062558877134","potions_obtained":[{"floor":2,"key":"conspire:TimeTravelPotion"},{"floor":6,"key":"Elixir"},{"floor":10,"key":"Dexterity Potion"},{"floor":14,"key":"Milkshake"},{"floor":16,"key":"AttackPotion"},{"floor":20,"key":"StancePotion"},{"floor":22,"key":"Explosive Potion"}],"is_trial":false,"path_per_floor":["M","M","?","?","?","E","R","M","T","M","R","M","R","M","R","B",null,"M","AVR","M","M","M","$","E"],"character_chosen":"WATCHER","items_purchased":["Chemical X"],"campfire_rested":1,"item_purchase_floors":[23],"current_hp_per_floor":[72,72,72,72,49,40,40,40,40,28,28,25,25,25,48,2,79,68,68,66,53,35,35,0,0],"gold":267,"neow_bonus":"THREE_CARDS","is_daily":false,"chose_seed":false,"campfire_upgraded":3,"win_rate":0.0,"timestamp":1609832385,"path_taken":["M","M","?","?","?","E","R","M","T","M","R","?","R","M","R","BOSS","M","AVR","M","M","M","$","E"],"items_purchased_type":["Relic"],"build_version":"2020-12-22","purchased_purges":2,"victory":false,"max_hp_per_floor":[72,72,72,72,72,79,79,79,79,79,79,79,79,79,79,79,79,79,79,79,79,80,80,80,80],"card_choices":[{"not_picked":["SashWhip","Crescendo"],"picked":"PathToVictory","floor":0},{"not_picked":["Nirvana","EmptyBody"],"picked":"PathToVictory","floor":1},{"not_picked":["Nirvana","SandsOfTime","WreathOfFlame"],"picked":"SKIP","floor":2},{"not_picked":["EmptyFist","CutThroughFate"],"picked":"Prostrate","floor":5},{"not_picked":["Replay:Anticipation","Replay:AtTheReady","Meditate"],"picked":"SKIP","floor":6},{"not_picked":["Replay:ManipulateFuture","Replay:Battleflow","LikeWater"],"picked":"SKIP","floor":8},{"not_picked":["Conclude","Replay:ManipulateFuture"],"picked":"FollowUp","floor":10},{"not_picked":["Indignation","InnerPeace","Crescendo"],"picked":"SKIP","floor":12},{"not_picked":["Worship","WaveOfTheHand","InnerPeace"],"picked":"SKIP","floor":14},{"not_picked":["Replay:ManipulateFuture","MentalFortress+1","Meditate"],"picked":"SKIP","floor":18},{"not_picked":["JustLucky+1","Replay:ManipulateFuture+1","BattleHymn+1"],"picked":"SKIP","floor":18},{"not_picked":["Crescendo+1","EmptyBody","Replay:ManipulateFuture+1"],"picked":"SKIP","floor":20},{"not_picked":["FollowUp","Indignation+1","EmptyBody"],"picked":"SKIP","floor":20},{"not_picked":["Alpha","FearNoEvil","ReachHeaven+1"],"picked":"SKIP","floor":21},{"not_picked":["Replay:BluntJabs","Weave","Consecrate"],"picked":"SKIP","floor":21},{"not_picked":["Fasting2+1","Prostrate"],"picked":"FlurryOfBlows+1","floor":22},{"not_picked":["Weave","Crescendo","EmptyFist"],"picked":"SKIP","floor":22}],"player_experience":40458,"relics_obtained":[{"floor":5,"key":"infinitespire:ShieldingShard"},{"floor":6,"key":"Strawberry"},{"floor":9,"key":"aspiration:StickyExplosives_weak"},{"floor":17,"key":"ReplayTheSpireMod:TigerMarble"},{"floor":17,"key":"Snack Pack"},{"floor":17,"key":"Prayer Wheel"}],"event_choices":[],"is_beta":false,"boss_relics":[{"not_picked":["conspire:SeveredTorchhead","Astrolabe"],"picked":"Calling Bell"}],"items_purged_floors":[19,23],"is_endless":false,"potions_floor_spawned":[2,6,10,14,16,20,22],"killed_by":"Gremlin Leader","ascension_level":0}}