{"host":"ig7tc0uedzltt2sr","time":1609823311,"event":{"mods":["BaseMod","Better Twitch Integration","Block Reminder","Colored Map","Colored Powertips","Communication Mod","Current Relic Mod","GifTheSpireLib","HexUI Lib","Minty Spire (QoL Compilation)","Quick Restart","Random Character Button","Rare Cards Sparkle","Relic Sorter","Relic Stats","Slay the Relics Exporter","StSLib","SuperFastMode","Synergy Search","Twitch Decklist","Twitch Utils","everything is the same but u backflip on backflip","slay the spire mod where everything is the same but ironclad has a cowboy hat"],"gold_per_floor":[112,112,37,37,37,65,65,76,76,76,92,23,51,62,62,159,159,176,176,193,40,40,40,40],"floor_reached":23,"playtime":195,"items_purged":["Strike_R","Defend_R"],"score":222,"play_id":"680747ac-0910-4407-a3f6-76f171a44157","local_time":"20210104210831","is_ascension_mode":false,"campfire_choices":[{"data":"Strike_R","floor":7,"key":"SMITH"},{"data":"Defend_R","floor":10,"key":"SMITH"},{"floor":15,"key":"REST"}],"circlet_count":0,"master_deck":["Strike_R+1","Strike_R","Strike_R","Strike_R","Defend_R+1","Defend_R","Defend_R","Bash","Dropkick","Spot Weakness","Ghostly Armor","Iron Wave","Burning Pact","Pummel","Combust","Double Tap","Pommel Strike","RitualDagger","Headbutt","True Grit","J.A.X."],"relics":["Burning Blood","Charon\u0027s Ashes","Self Forming Clay","Pear","Snecko Eye"],"acts_visited":["Exordium","TheCity"],"potions_floor_usage":[],"damage_taken":[{"damage":21,"enemies":"Jaw Worm","floor":1,"turns":9},{"damage":21,"enemies":"3 Sentries","floor":6,"turns":7},{"damage":7,"enemies":"Small Slimes","floor":8,"turns":7},{"damage":1,"enemies":"2 Louse","floor":11,"turns":5},{"damage":28,"enemies":"Lagavulin","floor":13,"turns":6},{"damage":7,"enemies":"2 Fungi Beasts","floor":14,"turns":6},{"damage":56,"enemies":"Slime Boss","floor":16,"turns":14},{"damage":28,"enemies":"Shell Parasite","floor":18,"turns":9},{"damage":37,"enemies":"Chosen","floor":20,"turns":8},{"damage":44,"enemies":"Gremlin Leader","floor":23,"turns":4}],"seed_played":"-7641189206561588329","potions_obtained":[{"floor":1,"key":"Strength Potion"},{"floor":8,"key":"Weak Potion"},{"floor":11,"key":"PowerPotion"},{"floor":14,"key":"SkillPotion"},{"floor":20,"key":"EssenceOfSteel"}],"is_trial":false,"path_per_floor":["M","?","$","?","?","E","R","M","T","R","M","$","E","M","R","B",null,"M","?","M","$","?","E"],"character_chosen":"IRONCLAD","items_purchased":["Burning Pact","True Grit"],"campfire_rested":1,"item_purchase_floors":[12,21],"current_hp_per_floor":[73,73,73,70,70,55,55,54,54,54,59,59,47,46,75,25,98,76,70,39,39,39,0,0],"gold":40,"neow_bonus":"TEN_PERCENT_HP_BONUS","is_daily":false,"chose_seed":false,"campfire_upgraded":2,"win_rate":0.0,"timestamp":1609823311,"path_taken":["M","?","$","?","?","E","R","M","T","R","M","$","E","M","R","BOSS","M","?","M","$","?","E"],"items_purchased_type":["Card","Card"],"build_version":"2020-12-22","purchased_purges":2,"victory":false,"max_hp_per_floor":[88,88,88,88,88,88,88,88,88,88,88,88,98,98,98,98,98,98,98,98,98,98,98,98],"relic_stats":{"counters":[10,75],"Self Forming Clay":[111],"Snecko Eye":[31,34,39,44],"Charon\u0027s Ashes":[161],"obtain_stats":[{"Pear":13,"Self Forming Clay":6,"Snecko Eye":17,"Charon\u0027s Ashes":4,"Burning Blood":0},{"Pear":5,"Self Forming Clay":2,"Snecko Eye":7,"Charon\u0027s Ashes":1,"Burning Blood":0},{"Pear":34,"Self Forming Clay":16,"Snecko Eye":54,"Charon\u0027s Ashes":9,"Burning Blood":0}],"Burning Blood":54},"card_choices":[{"not_picked":["Havoc","Wild Strike"],"picked":"Dropkick","floor":1},{"not_picked":["Thunderclap","Reckless Charge"],"picked":"Spot Weakness","floor":6},{"not_picked":["Combust","Headbutt"],"picked":"Ghostly Armor","floor":8},{"not_picked":["Heavy Blade","Armaments"],"picked":"Iron Wave","floor":11},{"not_picked":["Flame Barrier","Body Slam"],"picked":"Pummel","floor":13},{"not_picked":["Warcry","Armaments"],"picked":"Combust","floor":14},{"not_picked":["Limit Break","Barricade"],"picked":"Double Tap","floor":16},{"not_picked":["Havoc","Hemokinesis"],"picked":"Pommel Strike","floor":18},{"not_picked":["Clothesline","Heavy Blade"],"picked":"Headbutt","floor":20}],"player_experience":1424076,"relics_obtained":[{"floor":6,"key":"Self Forming Clay"},{"floor":13,"key":"Pear"}],"event_choices":[{"damage_healed":0,"gold_gain":0,"player_choice":"Ignored","damage_taken":0,"max_hp_gain":0,"max_hp_loss":0,"event_name":"Liars Game","floor":2,"gold_loss":0},{"damage_healed":0,"gold_gain":0,"player_choice":"Success","damage_taken":3,"relics_obtained":["Charon\u0027s Ashes"],"max_hp_gain":0,"max_hp_loss":0,"event_name":"Scrap Ooze","floor":4,"gold_loss":0},{"damage_healed":0,"gold_gain":0,"player_choice":"Ignored","damage_taken":0,"max_hp_gain":0,"max_hp_loss":0,"event_name":"Golden Idol","floor":5,"gold_loss":0},{"damage_healed":0,"gold_gain":0,"player_choice":"Joined the Cult","damage_taken":6,"max_hp_gain":0,"max_hp_loss":0,"event_name":"Nest","floor":19,"gold_loss":0,"cards_obtained":["RitualDagger"]},{"damage_healed":0,"gold_gain":0,"player_choice":"Obtain J.A.X.","damage_taken":0,"max_hp_gain":0,"max_hp_loss":0,"event_name":"Drug Dealer","floor":22,"gold_loss":0,"cards_obtained":["J.A.X."]}],"is_beta":false,"boss_relics":[{"not_picked":["Runic Pyramid","Fusion Hammer"],"picked":"Snecko Eye"}],"items_purged_floors":[3,21],"is_endless":false,"potions_floor_spawned":[1,8,11,14,20],"killed_by":"Gremlin Leader","ascension_level":0}}