{"host":"6pgtslebjnyv5xmi","time":1609867505,"event":{"mods":["AchievementEnabler","BaseMod","Colored Map","Minty Spire (QoL Compilation)","Rare Cards Sparkle","StSLib","SuperFastMode","Td1madao Mod","everything is the same but u backflip on backflip"],"gold_per_floor":[118,118,118,134,147,147,175,145,145,145,70,70,84,108,108,108,108],"floor_reached":16,"playtime":458,"items_purged":["Strike_R"],"score":167,"play_id":"3e0e031d-304e-4f94-a5eb-48eb78d9e055","local_time":"20210106022505","is_ascension_mode":true,"campfire_choices":[{"data":"Bash","floor":6,"key":"SMITH"},{"data":"1","floor":10,"key":"LIFT"},{"data":"2","floor":12,"key":"LIFT"},{"data":"3","floor":15,"key":"LIFT"}],"circlet_count":0,"master_deck":["AscendersBane","Strike_R","Strike_R","Strike_R","Defend_R","Defend_R","Defend_R","Defend_R","Bash+1","Dropkick","Impervious"],"relics":["Burning Blood","NeowsBlessing","Girya","Bottled Lightning","Odd Mushroom"],"acts_visited":["Exordium"],"potions_floor_usage":[13,14,14],"damage_taken":[{"damage":0,"enemies":"Jaw Worm","floor":1,"turns":1},{"damage":0,"enemies":"Small Slimes","floor":4,"turns":1},{"damage":0,"enemies":"Cultist","floor":5,"turns":1},{"damage":32,"enemies":"Gremlin Nob","floor":7,"turns":4},{"damage":1,"enemies":"Looter","floor":8,"turns":4},{"damage":5,"enemies":"Exordium Wildlife","floor":13,"turns":4},{"damage":26,"enemies":"The Mushroom Lair","floor":14,"turns":6},{"damage":59,"enemies":"Slime Boss","floor":16,"turns":10}],"seed_played":"-7058779100788188043","potions_obtained":[{"floor":5,"key":"Dexterity Potion"},{"floor":7,"key":"Fruit Juice"},{"floor":14,"key":"Fruit Juice"}],"is_trial":false,"path_per_floor":["M","?","?","M","M","R","E","M","T","R","$","R","M","?","R","B"],"character_chosen":"IRONCLAD","items_purchased":[],"campfire_rested":0,"item_purchase_floors":[],"current_hp_per_floor":[74,67,67,73,75,75,49,54,54,54,54,54,60,45,45,0,0],"gold":108,"neow_bonus":"THREE_ENEMY_KILL","is_daily":false,"chose_seed":false,"campfire_upgraded":1,"win_rate":0.0,"timestamp":1609867505,"path_taken":["M","?","?","M","?","R","E","M","T","R","$","R","M","?","R","BOSS"],"items_purchased_type":[],"build_version":"2020-12-22","purchased_purges":1,"victory":false,"max_hp_per_floor":[75,75,75,75,75,75,75,75,75,75,75,75,80,85,85,85,85],"card_choices":[{"not_picked":["Body Slam","Uppercut"],"picked":"Dropkick","floor":1},{"not_picked":["Shrug It Off","Headbutt","Sword Boomerang"],"picked":"SKIP","floor":4},{"not_picked":["Headbutt","Anger","Rampage"],"picked":"SKIP","floor":5},{"not_picked":["Sever Soul","Warcry"],"picked":"Impervious","floor":7},{"not_picked":["Clash","Perfected Strike","Sword Boomerang"],"picked":"SKIP","floor":8},{"not_picked":["Hemokinesis","Clash","Warcry"],"picked":"SKIP","floor":13}],"player_experience":742667,"relics_obtained":[{"floor":7,"key":"Girya"},{"floor":9,"key":"Bottled Lightning"},{"floor":14,"key":"Odd Mushroom"}],"event_choices":[{"cards_removed":["Strike_R"],"damage_healed":0,"gold_gain":0,"player_choice":"Card Removal","damage_taken":7,"max_hp_gain":0,"max_hp_loss":0,"event_name":"Golden Wing","floor":2,"gold_loss":0},{"damage_healed":0,"gold_gain":0,"player_choice":"0 cards matched","damage_taken":0,"max_hp_gain":0,"max_hp_loss":0,"event_name":"Match and Keep!","floor":3,"gold_loss":0,"cards_obtained":[]},{"damage_healed":0,"gold_gain":0,"player_choice":"Fought Mushrooms","damage_taken":0,"max_hp_gain":0,"max_hp_loss":0,"event_name":"Mushrooms","floor":14,"gold_loss":0}],"is_beta":false,"boss_relics":[],"items_purged_floors":[11],"is_endless":false,"potions_floor_spawned":[5,7,14],"killed_by":"Slime Boss","ascension_level":14}}