{"host":"tnhjz9cb8p0320p2","time":1609807145,"event":{"mods":["BaseMod","Better Third Choice","Downfall","Hermit","Marisa????????","Minty Spire (QoL Compilation)","Relic Stats","Replay The Spire","Shade Mod","StSLib","The Construct","The Cursed","The Jungle","The Runesmith"],"gold_per_floor":[109,46,46,46,46,95,105,105,123,123,123],"floor_reached":10,"playtime":253,"items_purged":[],"score":112,"play_id":"7b1c1134-fce4-4155-880c-4aed5f7fe174","local_time":"20210104183905","is_ascension_mode":true,"campfire_choices":[{"floor":8,"key":"REST"}],"circlet_count":0,"master_deck":["AscendersBane","Strike_G","Strike_G","Strike_G","Strike_G","Strike_G","Defend_G","Defend_G","Defend_G+1","Defend_G","Defend_G","Survivor","Neutralize","Infinite Blades","Sneak Up+1","Backstab","Draining Mist","Blade Dance"],"relics":["Ring of the Snake","NeowsBlessing"],"acts_visited":["Exordium"],"potions_floor_usage":[10,10],"damage_taken":[{"damage":0,"enemies":"Jaw Worm","floor":1,"turns":1},{"damage":0,"enemies":"2 Louse","floor":7,"turns":1},{"damage":0,"enemies":"Small Slimes","floor":9,"turns":1},{"damage":73,"enemies":"Lagavulin","floor":10,"turns":11}],"seed_played":"6259003457573231951","potions_obtained":[{"floor":6,"key":"Languid Potion"},{"floor":6,"key":"DuplicationPotion"}],"is_trial":false,"path_per_floor":["M","$","PTL","PTL","?","?","M","R","M","E"],"character_chosen":"THE_SILENT","items_purchased":["Sneak Up+1"],"campfire_rested":1,"item_purchase_floors":[2],"current_hp_per_floor":[59,59,59,59,59,38,38,57,57,0,0],"gold":123,"neow_bonus":"THREE_ENEMY_KILL","is_daily":false,"chose_seed":false,"campfire_upgraded":0,"win_rate":0.0,"timestamp":1609807145,"path_taken":["M","$","PTL","PTL","?","?","M","R","?","E"],"items_purchased_type":["Card"],"build_version":"2020-12-22","purchased_purges":0,"victory":false,"max_hp_per_floor":[66,66,66,66,66,66,66,66,66,66,66],"relic_stats":{"counters":[4,14],"obtain_stats":[{"NeowsBlessing":0,"Ring of the Snake":0},{"NeowsBlessing":0,"Ring of the Snake":0},{"NeowsBlessing":0,"Ring of the Snake":0}],"Ring of the Snake":[8]},"card_choices":[{"not_picked":["Slice","Calculated Gamble"],"picked":"Infinite Blades","floor":1},{"not_picked":["Dagger Throw","Poisoned Stab"],"picked":"Backstab","floor":6},{"not_picked":["Toxin Wave","Bane"],"picked":"Draining Mist","floor":7},{"not_picked":["Bane","Sucker Punch"],"picked":"Blade Dance","floor":9}],"player_experience":2077295,"relics_obtained":[],"event_choices":[],"is_beta":false,"boss_relics":[],"items_purged_floors":[],"is_endless":false,"potions_floor_spawned":[9],"killed_by":"Lagavulin","ascension_level":20}}