{"host":"m3nvt13i50wb5dv0","time":1609844152,"event":{"mods":["2.2 Compatiblity","Act Like it!","BaseMod","Better Third Choice","Downfall","Minty Spire (QoL Compilation)","Relic Stats","Robot Space Explorer","StSLib","The Dragon Tamer","The Gatherer","The Jungle","The Marked"],"gold_per_floor":[99,112,112,131,145,245,245,278,293,324,343,355,455,485,502,502,502,502],"floor_reached":16,"playtime":1968,"items_purged":[],"score":124,"play_id":"959084db-cce7-4bea-bcf5-6d47c19bccbe","local_time":"20210105175552","is_ascension_mode":false,"campfire_choices":[{"data":"champ:Taunt","floor":1.0,"key":"SMITH"},{"data":"champ:Backstep","floor":3.0,"key":"SMITH"}],"circlet_count":0,"master_deck":["champ:Strike","champ:Strike","champ:Strike","champ:Strike","champ:Defend","champ:Defend","champ:Defend","champ:Defend","champ:Execute","champ:Taunt+1","champ:Backstep+1","champ:FaceSlap","champ:FlashCut","champ:AdrenalArmor","champ:Lariat","champ:VampiricStrike","champ:GutPunch","champ:DeathBlow","champ:StanceDance","champ:AdrenalArmor"],"relics":["champ:ChampionCrown","InkBottle","Ancient Tea Set","Juzu Bracelet","Shovel"],"acts_visited":["Exordium"],"potions_floor_usage":[],"damage_taken":[{"damage":5.0,"enemies":"2 Louse","floor":2.0,"turns":3.0},{"damage":14.0,"enemies":"Cultist","floor":4.0,"turns":4.0},{"damage":6.0,"enemies":"Jaw Worm","floor":5.0,"turns":3.0},{"damage":21.0,"enemies":"Lagavulin","floor":8.0,"turns":9.0},{"damage":20.0,"enemies":"Large Slime","floor":9.0,"turns":7.0},{"damage":26.0,"enemies":"Gremlin Nob","floor":10.0,"turns":5.0},{"damage":19.0,"enemies":"2 Fungi Beasts","floor":11.0,"turns":6.0},{"damage":23.0,"enemies":"Gremlin Gang","floor":12.0,"turns":4.0},{"damage":37.0,"enemies":"downfall:Heads","floor":13.0,"turns":4.0},{"damage":48.0,"enemies":"Lagavulin","floor":14.0,"turns":9.0},{"damage":21.0,"enemies":"2 Fungi Beasts","floor":15.0,"turns":2.0},{"damage":0,"enemies":"downfall:Defect","floor":16,"turns":1}],"seed_played":"-2621069268771427054","potions_obtained":[{"floor":2.0,"key":"Guardian:BlockOnCardUsePotion"},{"floor":8.0,"key":"DuplicationPotion"},{"floor":10.0,"key":"BlessingOfTheForge"},{"floor":12.0,"key":"champ:OpenerPotion"},{"floor":14.0,"key":"Dexterity Potion"}],"is_trial":false,"path_per_floor":["R","M","R","M","M","?","T","E","M","E","M","M","?","E","M","B"],"character_chosen":"THE_CHAMP","items_purchased":[],"campfire_rested":0,"item_purchase_floors":[],"current_hp_per_floor":[99,99,99,90,89,89,89,83,76,62,67,58,76,52,43,43,43,43],"gold":502,"neow_bonus":"TEN_PERCENT_HP_BONUS","is_daily":false,"chose_seed":false,"campfire_upgraded":2,"win_rate":0.0,"timestamp":1609844152,"path_taken":["R","M","R","M","M","?","T","E","M","E","M","M","?","E","M","BOSS"],"items_purchased_type":[],"build_version":"2020-12-22","purchased_purges":0,"victory":false,"max_hp_per_floor":[99,99,99,99,99,99,99,99,99,99,99,99,99,99,99,99,99,99],"relic_stats":{"Shovel":0,"counters":[12,57],"Juzu Bracelet":1,"obtain_stats":[{"Shovel":14,"champ:ChampionCrown":0,"Juzu Bracelet":10,"Ancient Tea Set":8,"InkBottle":7},{"Shovel":10,"champ:ChampionCrown":0,"Juzu Bracelet":6,"Ancient Tea Set":4,"InkBottle":3},{"Shovel":54,"champ:ChampionCrown":0,"Juzu Bracelet":31,"Ancient Tea Set":19,"InkBottle":10}],"InkBottle":[13]},"card_choices":[{"not_picked":["champ:Haymaker","champ:DefensiveShout"],"picked":"champ:Backstep","floor":2.0},{"not_picked":["champ:Circumvent","champ:HeartStrike"],"picked":"champ:FaceSlap","floor":4.0},{"not_picked":["champ:ViciousMockery","champ:Shatter"],"picked":"champ:FlashCut","floor":5.0},{"not_picked":["champ:Duel","champ:ViciousMockery"],"picked":"champ:AdrenalArmor","floor":8.0},{"not_picked":["champ:GladiatorStyle","champ:FlashCut"],"picked":"champ:Lariat","floor":9.0},{"not_picked":["champ:Circumvent","champ:Haymaker"],"picked":"champ:VampiricStrike","floor":10.0},{"not_picked":["champ:GladiatorsShout","champ:FightOn"],"picked":"champ:GutPunch","floor":11.0},{"not_picked":["champ:FocusedDefense","champ:CalledShot"],"picked":"champ:DeathBlow","floor":12.0},{"not_picked":["champ:BerserkersShout","champ:EnragedBash"],"picked":"champ:StanceDance","floor":13.0},{"not_picked":["champ:Backstep","champ:Duel"],"picked":"champ:AdrenalArmor","floor":14.0},{"not_picked":["champ:GladiatorsShout","champ:RecklessLeap","champ:StanceDance"],"picked":"SKIP","floor":15.0}],"player_experience":1370390,"relics_obtained":[{"floor":7.0,"key":"InkBottle"},{"floor":8.0,"key":"Ancient Tea Set"},{"floor":10.0,"key":"Juzu Bracelet"},{"floor":14.0,"key":"Shovel"}],"event_choices":[],"is_beta":false,"boss_relics":[],"items_purged_floors":[],"is_endless":false,"potions_floor_spawned":[2,8,10,12,14],"killed_by":"downfall:Defect","ascension_level":0}}