{"host":"mytek2nu1hrzdnew","time":1609807647,"event":{"mods":["Aspiration","BaseMod","Conspire","Evolution","GifTheSpireLib","Gold Saver","Hubris","Kratos Character Expansion","Minty Spire (QoL Compilation)","Replay The Spire","StSLib","Stuff the Spire","Uncapped"],"gold_per_floor":[996,1014,1014,1027,1039,1069,598,616,666,666,17,31,31,42,42,145,145,164,12,28,28,47,47,61,87,114,64,84,103,128,140,152,267,279,306,318,9,9,26,38,57,82,109,141,154,204,204,204,204,204],"floor_reached":51,"playtime":2072,"items_purged":["Wraith Form v2","StuffTheSpire:Plugnplay","Sweeping Beam","Sweeping Beam","Go for the Eyes+1"],"score":1226,"play_id":"131b6156-5bad-4ee9-8d2c-19524cb9ba67","local_time":"20210104194727","daily_mods":["SealedDeck","Vintage","Heirloom","Binary"],"is_ascension_mode":false,"campfire_choices":[{"floor":10,"key":"REST"},{"data":"Storm","floor":13,"key":"SMITH"},{"floor":15,"key":"REST"},{"floor":23,"key":"REST"},{"floor":32,"key":"REST"},{"data":"Heatsinks","floor":49,"key":"SMITH"}],"circlet_count":0,"master_deck":["Demon Form","Echo Form","DevaForm","Coolheaded+1","Ball Lightning+1","StuffTheSpire:Synthwave","Capacitor+1","Self Repair","Storm+1","Heatsinks+1"],"relics":["Cracked Core","Busted Crown","EVO:Axolotl","hubris:MedicalManual","hubris:ToyBattleship","Replay:Antivirus Software","NlothsMask","hubris:CuriousFeather","StuffTheSpire:SapphireSignet","Dream Catcher","Replay:Baseball","hubris:SlimyHat","Snack Pack","aspiration:EnhancedActuators","Lizard Tail","War Paint","Smiling Mask","Blue Doll","Potion Belt","Bag of Marbles","conspire:Dentures","Mummified Hand","Whetstone","aspiration:HiddenCompartment","HornCleat","MawBank","hubris:Towel","conspire:RoyalGoblet","aspiration:SeaSaltIceCream","StuffTheSpire:Rhapsscallions","aspiration:Nostalgia","Ring of the Snake","hubris:Reverence","Turnip","CeramicFish","Meat on the Bone","Juzu Bracelet","Pen Nib","Durian","hubris:Spice"],"acts_visited":["Exordium","TheCity","TheBeyond"],"potions_floor_usage":[7,12,16,16,19,25,33,33,40,40,40,50,50,50,50],"damage_taken":[{"damage":6,"enemies":"Jaw Worm","floor":1,"turns":2},{"damage":2,"enemies":"Cultist","floor":2,"turns":3},{"damage":5,"enemies":"2 Louse","floor":4,"turns":2},{"damage":19,"enemies":"2 Fungi Beasts","floor":5,"turns":3},{"damage":37,"enemies":"3 Sentries","floor":6,"turns":5},{"damage":16,"enemies":"Large Slime","floor":8,"turns":3},{"damage":0,"enemies":"Exordium Wildlife","floor":12,"turns":2},{"damage":12,"enemies":"Blue Slaver","floor":14,"turns":2},{"damage":18,"enemies":"The Guardian","floor":16,"turns":3},{"damage":11,"enemies":"Shell Parasite","floor":18,"turns":3},{"damage":37,"enemies":"2 Thieves","floor":20,"turns":3},{"damage":32,"enemies":"Centurion and Healer","floor":22,"turns":3},{"damage":10,"enemies":"Sentry and Sphere","floor":24,"turns":3},{"damage":24,"enemies":"Book of Stabbing","floor":25,"turns":3},{"damage":24,"enemies":"Shelled Parasite and Fungi","floor":28,"turns":3},{"damage":21,"enemies":"Snake Plant","floor":29,"turns":2},{"damage":2,"enemies":"Gremlin Leader","floor":30,"turns":2},{"damage":9,"enemies":"Pondfish","floor":33,"turns":3},{"damage":8,"enemies":"Orb Walker","floor":35,"turns":2},{"damage":0,"enemies":"3 Shapes","floor":39,"turns":1},{"damage":0,"enemies":"Sphere and 2 Shapes","floor":40,"turns":1},{"damage":0,"enemies":"4 Shapes","floor":41,"turns":1},{"damage":4,"enemies":"R_Hoarder","floor":42,"turns":3},{"damage":16,"enemies":"Nemesis","floor":44,"turns":2},{"damage":0,"enemies":"Maw","floor":45,"turns":2},{"damage":0,"enemies":"Mind Bloom Boss Battle","floor":46,"turns":2},{"damage":0,"enemies":"Donu and Deca","floor":50,"turns":1}],"seed_played":"5105768617245103990","potions_obtained":[{"floor":2,"key":"FocusPotion"},{"floor":6,"key":"Toxic Potion"},{"floor":12,"key":"CultistPotion"},{"floor":22,"key":"DuplicationPotion"},{"floor":24,"key":"Energy Potion"},{"floor":29,"key":"AttackPotion"},{"floor":30,"key":"FearPotion"},{"floor":39,"key":"EntropicBrew"},{"floor":46,"key":"DuplicationPotion"},{"floor":48,"key":"AttackPotion"},{"floor":48,"key":"Fire Potion"}],"is_trial":true,"path_per_floor":["M","M","?","M","M","E","$","M","T","R","$","M","R","M","R","B",null,"M","$","M","$","M","R","M","E","T","$","M","M","E","?","R","B",null,"M","?","$","?","M","M","M","E","T","E","M","?","?","?","R","B",null],"character_chosen":"DEFECT","items_purchased":["Replay:Baseball","Fruit Juice","hubris:SlimyHat","Storm","aspiration:EnhancedActuators","Lizard Tail","Fruit Juice","Heatsinks","aspiration:Nostalgia","PowerPotion"],"campfire_rested":4,"item_purchase_floors":[7,7,7,11,11,11,19,37,37,37],"current_hp_per_floor":[104,104,104,104,92,62,67,58,58,90,90,90,90,85,109,100,109,105,110,80,80,59,93,92,82,82,82,65,58,65,65,99,103,114,119,119,119,119,120,120,120,120,120,120,125,133,133,133,133,133],"gold":204,"neow_bonus":"","is_daily":false,"chose_seed":false,"campfire_upgraded":2,"win_rate":0.0,"timestamp":1609807647,"path_taken":["M","M","?","M","M","E","$","M","T","R","$","M","R","M","R","BOSS","M","$","M","$","M","R","M","E","T","?","M","M","E","?","R","BOSS","M","?","$","?","M","M","M","E","T","E","M","?","?","?","R","BOSS"],"items_purchased_type":["Relic","Potion","Relic","Card","Relic","Relic","Potion","Card","Relic","Potion"],"build_version":"2020-12-22","purchased_purges":5,"victory":true,"max_hp_per_floor":[104,104,104,104,104,104,109,109,109,109,109,109,109,109,109,109,109,109,114,114,114,114,114,114,114,114,114,114,114,114,114,114,114,114,120,120,120,120,120,120,120,120,120,120,125,133,133,133,133,133],"card_choices":[],"player_experience":1022346,"relics_obtained":[{"floor":1,"key":"hubris:ToyBattleship"},{"floor":2,"key":"Replay:Antivirus Software"},{"floor":4,"key":"hubris:CuriousFeather"},{"floor":5,"key":"StuffTheSpire:SapphireSignet"},{"floor":6,"key":"Dream Catcher"},{"floor":8,"key":"Snack Pack"},{"floor":12,"key":"War Paint"},{"floor":14,"key":"Smiling Mask"},{"floor":18,"key":"Blue Doll"},{"floor":20,"key":"Potion Belt"},{"floor":22,"key":"Bag of Marbles"},{"floor":24,"key":"conspire:Dentures"},{"floor":25,"key":"Mummified Hand"},{"floor":26,"key":"Whetstone"},{"floor":28,"key":"aspiration:HiddenCompartment"},{"floor":29,"key":"HornCleat"},{"floor":30,"key":"MawBank"},{"floor":35,"key":"aspiration:SeaSaltIceCream"},{"floor":39,"key":"hubris:Reverence"},{"floor":40,"key":"Turnip"},{"floor":41,"key":"CeramicFish"},{"floor":42,"key":"Meat on the Bone"},{"floor":43,"key":"Juzu Bracelet"},{"floor":44,"key":"Pen Nib"},{"floor":45,"key":"Durian"},{"floor":46,"key":"hubris:Spice"}],"event_choices":[{"damage_healed":0,"gold_gain":0,"player_choice":"Trade","damage_taken":0,"relics_obtained":["NlothsMask"],"max_hp_gain":0,"max_hp_loss":0,"event_name":"FaceTrader","floor":3,"gold_loss":0},{"damage_healed":0,"gold_gain":0,"player_choice":"Fight","damage_taken":0,"max_hp_gain":0,"max_hp_loss":0,"event_name":"MindBloom","floor":46,"gold_loss":0},{"damage_healed":0,"gold_gain":0,"player_choice":"Got Potions","damage_taken":0,"max_hp_gain":0,"max_hp_loss":0,"event_name":"Lab","floor":48,"gold_loss":0}],"is_beta":false,"boss_relics":[{"not_picked":["Sozu","hubris:HollowSoul","ChewingGum"]},{"not_picked":["FrozenCore","Honey Jar"],"picked":"conspire:RoyalGoblet"}],"items_purged_floors":[7,11,19,27,37],"is_endless":false,"potions_floor_spawned":[2,6,12,22,24,29,30,35,39,46],"ascension_level":0}}