{"host":"Qube","time":1609849279,"event":{"mods":["AchievementEnabler","BaseMod","Colored Map","Colored Powertips","Minty Spire (QoL Compilation)","Quick Restart","Random Character Button","StSLib"],"gold_per_floor":[16,16,16,35,0,0,30,30,79,79,79,105,121,149,149,226,226,243,243,243,158,158,158,187,187,239,239,267,54,54,74,74,74,74],"floor_reached":33,"playtime":1222,"items_purged":[],"score":638,"play_id":"3ae4c132-8353-45df-818e-ec540a15647d","local_time":"20210105042119","is_ascension_mode":true,"campfire_choices":[{"data":"Neutralize","floor":6.0,"key":"SMITH"},{"data":"Dash","floor":8.0,"key":"SMITH"},{"data":"Dagger Throw","floor":11.0,"key":"SMITH"},{"data":"Deadly Poison","floor":15.0,"key":"SMITH"},{"floor":23.0,"key":"REST"},{"floor":25.0,"key":"REST"},{"floor":27.0,"key":"REST"},{"floor":32.0,"key":"REST"}],"circlet_count":0,"master_deck":["AscendersBane","Strike_G","Strike_G","Strike_G","Strike_G","Defend_G","Defend_G","Defend_G","Survivor","Neutralize+1","All Out Attack+1","Dagger Throw+1","Dash+1","Skewer","Cloak And Dagger","Deadly Poison+1","Bullet Time","RitualDagger","Infinite Blades+1","Corpse Explosion","Pain"],"relics":["Ring of the Snake","MealTicket","Pear","Juzu Bracelet","Turnip","Vajra","Calling Bell","Lantern","InkBottle","Pocketwatch","Blue Candle","StrikeDummy","Potion Belt","Singing Bowl","Tiny Chest","WarpedTongs"],"acts_visited":["Exordium","TheCity"],"potions_floor_usage":[33],"damage_taken":[{"damage":2.0,"enemies":"Small Slimes","floor":1.0,"turns":5.0},{"damage":0.0,"enemies":"Jaw Worm","floor":4.0,"turns":4.0},{"damage":35.0,"enemies":"Lagavulin","floor":7.0,"turns":7.0},{"damage":0.0,"enemies":"3 Sentries","floor":12.0,"turns":2.0},{"damage":3.0,"enemies":"2 Louse","floor":13.0,"turns":3.0},{"damage":0.0,"enemies":"Gremlin Nob","floor":14.0,"turns":3.0},{"damage":15.0,"enemies":"The Guardian","floor":16.0,"turns":9.0},{"damage":5.0,"enemies":"3 Byrds","floor":18.0,"turns":5.0},{"damage":50.0,"enemies":"Book of Stabbing","floor":24.0,"turns":7.0},{"damage":13.0,"enemies":"Gremlin Leader","floor":28.0,"turns":6.0},{"damage":22.0,"enemies":"2 Thieves","floor":31.0,"turns":2.0},{"damage":83,"enemies":"Collector","floor":33,"turns":7}],"seed_played":"8774706943305885532","potions_obtained":[{"floor":4.0,"key":"Explosive Potion"},{"floor":7.0,"key":"LiquidMemories"},{"floor":12.0,"key":"DuplicationPotion"},{"floor":13.0,"key":"Poison Potion"},{"floor":16.0,"key":"Energy Potion"},{"floor":31.0,"key":"SkillPotion"}],"is_trial":false,"path_per_floor":["M","?","?","M","?","R","E","R","T","?","R","E","M","E","R","B",null,"M","?","?","?","?","R","E","R","T","R","E","$","?","M","R","B"],"character_chosen":"THE_SILENT","items_purchased":["Explosive Potion","Tiny Chest"],"campfire_rested":4,"item_purchase_floors":[29,29],"current_hp_per_floor":[57,57,52,52,66,66,41,41,41,41,41,41,38,38,38,23,63,58,52,52,52,30,54,4,28,28,52,39,54,54,34,58,0,0],"gold":74,"neow_bonus":"REMOVE_TWO","is_daily":false,"chose_seed":false,"campfire_upgraded":4,"win_rate":0.0,"timestamp":1609849279,"path_taken":["M","?","?","M","?","R","E","R","T","?","R","E","M","E","R","BOSS","M","?","?","?","?","R","E","R","T","R","E","$","?","M","R","BOSS"],"items_purchased_type":["Potion","Relic"],"build_version":"2020-12-18","purchased_purges":0,"victory":false,"max_hp_per_floor":[66,66,66,66,66,66,76,76,76,76,76,76,76,76,76,76,76,76,76,76,76,81,81,81,81,81,81,81,81,81,83,83,83,83],"card_choices":[{"not_picked":["Deadly Poison","Flechettes"],"picked":"All Out Attack","floor":1.0},{"not_picked":["Dodge and Roll","Deflect"],"picked":"Dagger Throw","floor":4.0},{"not_picked":["Storm of Steel","Dagger Throw"],"picked":"Dash","floor":7.0},{"not_picked":["Outmaneuver","PiercingWail"],"picked":"Skewer","floor":12.0},{"not_picked":["Slice","Skewer"],"picked":"Cloak And Dagger","floor":13.0},{"not_picked":["Dagger Throw","Cloak And Dagger"],"picked":"Deadly Poison","floor":14.0},{"not_picked":["Envenom","Night Terror"],"picked":"Bullet Time","floor":16.0},{"not_picked":["Catalyst","Slice","PiercingWail"],"picked":"SKIP","floor":18.0},{"not_picked":["Prepared+1","Doppelganger"],"picked":"Infinite Blades+1","floor":24.0},{"not_picked":["Blur","Outmaneuver"],"picked":"Corpse Explosion","floor":28.0},{"not_picked":["Backflip","Poisoned Stab","Slice"],"picked":"Singing Bowl","floor":31.0}],"player_experience":788294,"relics_obtained":[{"floor":7.0,"key":"Pear"},{"floor":9.0,"key":"Juzu Bracelet"},{"floor":12.0,"key":"Turnip"},{"floor":14.0,"key":"Vajra"},{"floor":17.0,"key":"Lantern"},{"floor":17.0,"key":"InkBottle"},{"floor":17.0,"key":"Pocketwatch"},{"floor":24.0,"key":"StrikeDummy"},{"floor":26.0,"key":"Potion Belt"},{"floor":28.0,"key":"Singing Bowl"}],"event_choices":[{"damage_healed":0.0,"max_hp_gain":0.0,"max_hp_loss":0.0,"gold_gain":0.0,"event_name":"Living Wall","player_choice":"Grow","floor":2.0,"gold_loss":0.0,"damage_taken":0.0,"cards_upgraded":["All Out Attack"]},{"damage_healed":0.0,"max_hp_gain":0.0,"max_hp_loss":0.0,"gold_gain":0.0,"event_name":"Scrap Ooze","player_choice":"Success","floor":3.0,"gold_loss":0.0,"damage_taken":5.0,"relics_obtained":["MealTicket"]},{"damage_healed":16.0,"max_hp_gain":0.0,"max_hp_loss":0.0,"gold_gain":0.0,"event_name":"The Cleric","player_choice":"Healed","floor":5.0,"gold_loss":35.0,"damage_taken":0.0},{"cards_removed":["Defend_G"],"damage_healed":0.0,"max_hp_gain":0.0,"max_hp_loss":0.0,"gold_gain":0.0,"event_name":"Wheel of Change","player_choice":"Card Removal","floor":10.0,"gold_loss":0.0,"damage_taken":0.0},{"damage_healed":0.0,"max_hp_gain":0.0,"max_hp_loss":0.0,"gold_gain":0.0,"event_name":"Nest","player_choice":"Joined the Cult","floor":19.0,"gold_loss":0.0,"damage_taken":6.0,"cards_obtained":["RitualDagger"]},{"damage_healed":0.0,"max_hp_gain":0.0,"max_hp_loss":0.0,"gold_gain":0.0,"event_name":"Ghosts","player_choice":"Ignored","floor":20.0,"gold_loss":0.0,"damage_taken":0.0},{"damage_healed":0.0,"max_hp_gain":0.0,"max_hp_loss":0.0,"gold_gain":0.0,"event_name":"Addict","player_choice":"Obtained Relic","floor":21.0,"gold_loss":85.0,"damage_taken":0.0,"relics_obtained":["Blue Candle"]},{"damage_healed":0.0,"max_hp_gain":5.0,"max_hp_loss":0.0,"gold_gain":0.0,"event_name":"Forgotten Altar","player_choice":"Shed Blood","floor":22.0,"gold_loss":0.0,"damage_taken":27.0},{"damage_healed":0.0,"max_hp_gain":0.0,"max_hp_loss":0.0,"gold_gain":0.0,"event_name":"Accursed Blacksmith","player_choice":"Rummage","floor":30.0,"gold_loss":0.0,"damage_taken":0.0,"relics_obtained":["WarpedTongs"],"cards_obtained":["Pain"]}],"is_beta":true,"boss_relics":[{"not_picked":["Runic Pyramid","Sozu"],"picked":"Calling Bell"}],"items_purged_floors":[],"is_endless":false,"potions_floor_spawned":[4,7,12,13,16,31],"killed_by":"Collector","ascension_level":17}}