{"host":"4vq2xwkpdrxril92","time":1609813562,"event":{"mods":["BaseMod","Better Third Choice","Card Forge","Energized Spire","Evolution","Fireblade Mod","Hubris","Infinite Spire","Minty Spire (QoL Compilation)","Quick Restart","Rare Cards Sparkle","Shop Mod","StSLib","The Cursed","Åy?ï®?îvÅzREMEMod"],"gold_per_floor":[132,132,132,132,185,275,380,380],"floor_reached":7,"playtime":338,"items_purged":[],"score":82,"play_id":"2abd3384-8133-4f8d-9244-6f108b8b576a","local_time":"20210105112602","daily_mods":["Vintage","Heirloom","Time Dilation","Flight","Cursed Run","Elite Swarm","Lethality","Midas"],"is_ascension_mode":false,"campfire_choices":[],"circlet_count":0,"master_deck":["Strike_R+1","Strike_R+1","Strike_R+1","Strike_R+1","Strike_R+1","Defend_R+1","Defend_R+1","Defend_R+1","Defend_R+1","Bash+1","Offering+1","TheCursedMod:FuryStrike+1","infinitespire:FinalStrike+1"],"relics":["Cursed Key","Darkstone Periapt","Du-Vu Doll","Hammer of Thor","Seething Fire","Anvil of the Gods","EVO:Axolotl","REME_ComplimentaryCards","hubris:Potato","Mummified Hand","hubris:ChampionShield"],"acts_visited":["Exordium"],"potions_floor_usage":[2],"damage_taken":[{"damage":0,"enemies":"Jaw Worm","floor":1,"turns":2},{"damage":16,"enemies":"3 Sentries","floor":6,"turns":4},{"damage":0,"enemies":"Lagavulin","floor":7,"turns":2}],"seed_played":"-6961167941357594387","potions_obtained":[{"floor":2,"key":"Fruit Juice"},{"floor":2,"key":"AttackPotion"},{"floor":2,"key":"AttackPotion"},{"floor":7,"key":"DistilledChaos"}],"is_trial":true,"path_per_floor":["M","?","$","?","?","E","E"],"character_chosen":"IRONCLAD","items_purchased":[],"campfire_rested":0,"item_purchase_floors":[],"current_hp_per_floor":[80,85,85,88,88,72,72,72],"gold":380,"neow_bonus":"","is_daily":false,"chose_seed":false,"campfire_upgraded":0,"win_rate":0.0,"timestamp":1609813562,"path_taken":["M","?","?","?","?","E","E"],"items_purchased_type":[],"build_version":"2020-12-22","purchased_purges":0,"victory":false,"max_hp_per_floor":[80,85,85,88,88,88,88,88],"card_choices":[{"not_picked":["Feed","REME_ACTH"],"picked":"Offering","floor":6}],"player_experience":1219722,"relics_obtained":[{"floor":1,"key":"Mummified Hand"},{"floor":6,"key":"hubris:ChampionShield"}],"event_choices":[{"damage_healed":0,"gold_gain":0,"player_choice":"Got Potions","damage_taken":0,"max_hp_gain":0,"max_hp_loss":0,"event_name":"Lab","floor":2,"gold_loss":0},{"damage_healed":0,"gold_gain":53,"player_choice":"Gained Gold","damage_taken":0,"max_hp_gain":0,"max_hp_loss":0,"event_name":"Golden Wing","floor":5,"gold_loss":0}],"is_beta":false,"boss_relics":[],"items_purged_floors":[],"is_endless":false,"potions_floor_spawned":[7],"killed_by":"Lagavulin","ascension_level":0}}