{"host":"o7j6aatxjwpw1421","time":1609860615,"event":{"mods":["2.2 Compatiblity","AchievementEnabler","BaseMod","Colored Map","DeckTracker","Highlight Path","Keyboard Shortcuts","Minty Spire (QoL Compilation)","Permanent Neow","Quick Restart","StSLib","SuperFastMode","everything is the same but u backflip on backflip"],"gold_per_floor":[117,127,127,147,167,167,167,167],"floor_reached":7,"playtime":305,"items_purged":[],"score":82,"play_id":"ab3f1681-4ee7-4b8c-b994-26917f488535","local_time":"20210106003015","is_ascension_mode":true,"campfire_choices":[{"data":"Searing Blow","floor":6,"key":"SMITH"}],"circlet_count":0,"master_deck":["AscendersBane","Strike_R","Strike_R","Strike_R","Strike_R","Defend_R","Defend_R","Defend_R","Defend_R","Bash","Secret Technique","Feel No Pain","Shockwave","Searing Blow+1"],"relics":["Burning Blood"],"acts_visited":["Exordium"],"potions_floor_usage":[7,7],"damage_taken":[{"damage":9,"enemies":"Jaw Worm","floor":1,"turns":4},{"damage":15,"enemies":"2 Louse","floor":2,"turns":4},{"damage":11,"enemies":"Small Slimes","floor":4,"turns":6},{"damage":26,"enemies":"Blue Slaver","floor":5,"turns":9},{"damage":22,"enemies":"Lagavulin","floor":7,"turns":7}],"seed_played":"4947202429770427196","potions_obtained":[{"floor":2,"key":"Weak Potion"},{"floor":4,"key":"Swift Potion"}],"is_trial":false,"path_per_floor":["M","M","?","M","M","R","E"],"character_chosen":"IRONCLAD","items_purchased":[],"campfire_rested":0,"item_purchase_floors":[],"current_hp_per_floor":[65,56,56,51,31,31,9,9],"gold":167,"neow_bonus":"RANDOM_COLORLESS_2","is_daily":false,"chose_seed":false,"campfire_upgraded":1,"win_rate":0.0,"timestamp":1609860615,"path_taken":["M","M","?","M","M","R","E"],"items_purchased_type":[],"build_version":"2020-12-22","purchased_purges":0,"victory":false,"max_hp_per_floor":[68,68,68,68,68,68,68,68],"card_choices":[{"not_picked":["Mayhem","Metamorphosis"],"picked":"Secret Technique","floor":0},{"not_picked":["Twin Strike","Clothesline"],"picked":"Feel No Pain","floor":1},{"not_picked":["Shrug It Off","Clothesline"],"picked":"Shockwave","floor":2},{"not_picked":["Thunderclap","Flex"],"picked":"Searing Blow","floor":4},{"not_picked":["Spot Weakness","Perfected Strike","Dropkick"],"picked":"SKIP","floor":5}],"player_experience":433583,"relics_obtained":[],"event_choices":[{"cards_removed":["Strike_R"],"damage_healed":0,"gold_gain":0,"player_choice":"Forget","damage_taken":0,"max_hp_gain":0,"max_hp_loss":0,"event_name":"Living Wall","floor":3,"gold_loss":0}],"is_beta":false,"boss_relics":[],"items_purged_floors":[],"is_endless":false,"potions_floor_spawned":[2,4],"killed_by":"Lagavulin","ascension_level":18}}