{"host":"7c402rm0fqc13zvz","time":1609878941,"event":{"mods":["BaseMod","Marisa（F雨　魔理沙）","Minty Spire (QoL Compilation)","Remilia（蕾米莉亚）","StSLib","The Servant 0.9.4","Youmu（魂魄妖梦）","[功能]功能增强和修复MOD"],"gold_per_floor":[117,132,148,113,126,153,153,166,166,177,177,177,177,177,177,274,274,290,290,280,298,318,318,313,313,338,338,338,338,353,386,386,488,488,498,518,518,530,549,549,566,566,593,578,578,596,596,609,609,609],"floor_reached":51,"playtime":2977,"items_purged":["Strike_S","Strike_S","Defend_S","Defend_S","Defend_S","Strike_S","Defend_S","KillingDoll","KidneyShot+1","Dilation+1","ShatteredReality","ShatteredReality","RealityMarble+1"],"score":869,"play_id":"81cb1d0d-ad55-4027-af4d-9b503941e441","local_time":"20210106043541","is_ascension_mode":false,"campfire_choices":[{"data":"Replace","floor":7.0,"key":"SMITH"},{"data":"Potential","floor":11.0,"key":"SMITH"},{"data":"Dilation","floor":15.0,"key":"SMITH"},{"data":"Revamp","floor":23.0,"key":"SMITH"},{"data":"Exchange","floor":25.0,"key":"SMITH"},{"data":"InstantArmor","floor":29.0,"key":"SMITH"},{"data":"1","floor":32,"key":"LIFT"},{"data":"Deny","floor":40,"key":"SMITH"},{"data":"GearUp","floor":42,"key":"SMITH"},{"data":"Rearm","floor":45,"key":"SMITH"},{"data":"BottledTime","floor":49,"key":"SMITH"}],"circlet_count":0,"master_deck":["Exchange+1","ShatteredReality+1","GearUp+1","Revamp+1","Replace+1","BottledTime+1","Potential+1","KillingDoll+1","Dilation+1","Rearm","InstantArmor+1","Rearm+1","BottledTime","Potential+1","TimeWarp+1","Deny+1","Gouge+1","BottledTime+1","ShatteredReality+1","Master of Strategy"],"relics":["Uniform","Potion Belt","Matryoshka","Orrery","Ornamental Fan","Bottled Flame","Lizard Tail","Astrolabe","Oddly Smooth Stone","Toolbox","Blood Vial","White Beast Statue","Thread and Needle","DollysMirror","Smiling Mask","Bottled Lightning","Orichalcum","Girya","MealTicket","Dream Catcher","Bag of Marbles","Happy Flower","PocketWatch","Shuriken"],"acts_visited":["Exordium","TheCity","TheBeyond"],"potions_floor_usage":[33,36,50,50,50],"damage_taken":[{"damage":3.0,"enemies":"Small Slimes","floor":1.0,"turns":4.0},{"damage":0.0,"enemies":"Jaw Worm","floor":2.0,"turns":4.0},{"damage":0.0,"enemies":"Cultist","floor":3.0,"turns":4.0},{"damage":0.0,"enemies":"Exordium Wildlife","floor":5.0,"turns":2.0},{"damage":9.0,"enemies":"3 Sentries","floor":6.0,"turns":3.0},{"damage":0.0,"enemies":"Blue Slaver","floor":8.0,"turns":4.0},{"damage":10.0,"enemies":"Large Slime","floor":10.0,"turns":4.0},{"damage":0.0,"enemies":"Slime Boss","floor":16.0,"turns":6.0},{"damage":6.0,"enemies":"Chosen","floor":18.0,"turns":5.0},{"damage":0.0,"enemies":"Spheric Guardian","floor":21.0,"turns":3.0},{"damage":6.0,"enemies":"Snake Plant","floor":22.0,"turns":2.0},{"damage":0.0,"enemies":"Cultist and Chosen","floor":30.0,"turns":4.0},{"damage":19,"enemies":"Book of Stabbing","floor":31,"turns":5},{"damage":0,"enemies":"Collector","floor":33,"turns":4},{"damage":0,"enemies":"3 Darklings","floor":35,"turns":4},{"damage":0,"enemies":"3 Shapes","floor":36,"turns":4},{"damage":3,"enemies":"Spire Growth","floor":38,"turns":3},{"damage":0,"enemies":"4 Shapes","floor":39,"turns":3},{"damage":6,"enemies":"Sphere and 2 Shapes","floor":41,"turns":1},{"damage":0,"enemies":"3 Darklings","floor":46,"turns":1},{"damage":0,"enemies":"Maw","floor":48,"turns":4},{"damage":0,"enemies":"Awakened One","floor":50,"turns":4}],"seed_played":"-132438066826452390","potions_obtained":[{"floor":2.0,"key":"Regen Potion"},{"floor":2.0,"key":"DuplicationPotion"},{"floor":2.0,"key":"PowerPotion"},{"floor":6.0,"key":"LiquidMemories"},{"floor":10.0,"key":"Explosive Potion"},{"floor":10.0,"key":"ColorlessPotion"},{"floor":16.0,"key":"Explosive Potion"},{"floor":18.0,"key":"FairyPotion"},{"floor":30.0,"key":"DistilledChaos"},{"floor":33,"key":"Fire Potion"},{"floor":36,"key":"SkillPotion"},{"floor":39,"key":"FairyPotion"}],"is_trial":false,"path_per_floor":["M","M","M","$","M","E","R","M","T","M","R","?","?","?","R","B",null,"M","?","$","M","M","R","$","R","T","?","T","R","M","E","R","B",null,"M","M","?","M","M","R","M","R","T","$","R","M","$","M","R","B",null],"character_chosen":"THE_SERVANT","items_purchased":["Potion Belt","Matryoshka","ShatteredReality","Orrery","Oddly Smooth Stone","Toolbox","Blood Vial","InstantArmor","Rearm","White Beast Statue","Fruit Juice","Thread and Needle","DollysMirror","Bag of Marbles","Master of Strategy","Happy Flower","PocketWatch","Shuriken"],"campfire_rested":0,"item_purchase_floors":[4,4,4,4,20,20,20,20,20,24,24,24,24,44,44,44,47,47],"current_hp_per_floor":[62,62,62,62,62,53,53,65,65,55,55,55,42,42,42,42,65,59,59,59,61,57,57,62,62,62,62,62,62,64,47,47,49,70,70,70,70,67,69,69,64,64,64,70,70,70,70,70,70,70],"gold":609,"neow_bonus":"REMOVE_CARD","is_daily":false,"chose_seed":false,"campfire_upgraded":10,"win_rate":0.0,"timestamp":1609878941,"path_taken":["M","M","M","$","M","E","R","M","T","M","R","?","?","?","R","BOSS","M","?","$","M","M","R","$","R","T","?","?","R","M","E","R","BOSS","M","M","?","M","M","R","M","R","T","$","R","M","$","M","R","BOSS"],"items_purchased_type":["Relic","Relic","Card","Relic","Relic","Relic","Relic","Card","Card","Relic","Potion","Relic","Relic","Relic","Card","Relic","Relic","Relic"],"build_version":"2020-12-22","purchased_purges":13,"victory":true,"max_hp_per_floor":[65,65,65,65,65,65,65,65,65,65,65,65,65,65,65,65,65,65,65,65,65,65,65,70,70,70,70,70,70,70,70,70,70,70,70,70,70,70,70,70,70,70,70,70,70,70,70,70,70,70],"card_choices":[{"not_picked":["Replace","DoubleEdge"],"picked":"ShatteredReality","floor":1.0},{"not_picked":["TimeWarp","Replace"],"picked":"GearUp","floor":2.0},{"not_picked":["Alleviate","Sabotage"],"picked":"Revamp","floor":3.0},{"not_picked":["BottledTime","Defy"],"picked":"Ricochet","floor":4.0},{"not_picked":["ShiftingGears","Dilation"],"picked":"GearUp","floor":4.0},{"not_picked":["Gouge","Defy"],"picked":"FanOfKnives","floor":4.0},{"not_picked":["StarChef","DoubleEdge"],"picked":"Replace","floor":4.0},{"not_picked":["Alleviate","Reset"],"picked":"ShatteredReality","floor":5.0},{"not_picked":["BottledTime","Foresight"],"picked":"Dilation","floor":6.0},{"not_picked":["RealityMarble","Misdirection"],"picked":"BottledTime","floor":8.0},{"not_picked":["Advance","Unruled"],"picked":"Potential","floor":10.0},{"not_picked":["Dilation","MurderousAura"],"picked":"KillingDoll","floor":16.0},{"not_picked":["Unruled","Ricochet"],"picked":"Rearm","floor":18.0},{"not_picked":["Rearm","Revamp"],"picked":"BottledTime","floor":21.0},{"not_picked":["ShatteredReality","Defy"],"picked":"Contraction","floor":22.0},{"not_picked":["Reset","StarChef"],"picked":"TimeWarp+1","floor":30.0},{"not_picked":["DoubleEdge","TimeWarp"],"picked":"Deny","floor":31},{"not_picked":["Revamp","Ricochet","Alleviate+1"],"picked":"SKIP","floor":35},{"not_picked":["InstantArmor","FastForward"],"picked":"Gouge+1","floor":36},{"not_picked":["DoubleEdge+1","Rewind+1"],"picked":"BottledTime+1","floor":38},{"not_picked":["DualDimension+1","Rearm","Ricochet"],"picked":"SKIP","floor":39},{"not_picked":["Misdirection","Gouge+1"],"picked":"ShatteredReality+1","floor":41},{"not_picked":["ReturningBlade","LightFlow","FastForward+1"],"picked":"SKIP","floor":46},{"not_picked":["Gouge","Defy","Rearm"],"picked":"SKIP","floor":48}],"player_experience":17748,"relics_obtained":[{"floor":6.0,"key":"Ornamental Fan"},{"floor":9.0,"key":"Bottled Flame"},{"floor":9.0,"key":"Lizard Tail"},{"floor":26.0,"key":"Smiling Mask"},{"floor":26.0,"key":"Bottled Lightning"},{"floor":28.0,"key":"Orichalcum"},{"floor":31,"key":"Girya"},{"floor":43,"key":"Dream Catcher"}],"event_choices":[{"damage_healed":0.0,"max_hp_gain":0.0,"max_hp_loss":0.0,"gold_gain":0.0,"event_name":"Liars Game","player_choice":"Ignored","floor":12.0,"gold_loss":0.0,"damage_taken":0.0},{"damage_healed":0.0,"max_hp_gain":0.0,"max_hp_loss":0.0,"gold_gain":0.0,"event_name":"Shining Light","player_choice":"Entered Light","floor":13.0,"gold_loss":0.0,"damage_taken":13.0,"cards_upgraded":["ShatteredReality","KidneyShot"]},{"damage_healed":0.0,"max_hp_gain":0.0,"max_hp_loss":0.0,"gold_gain":0.0,"event_name":"Golden Wing","player_choice":"Ignored","floor":14.0,"gold_loss":0.0,"damage_taken":0.0},{"damage_healed":0.0,"max_hp_gain":0.0,"max_hp_loss":0.0,"gold_gain":0.0,"event_name":"Ghosts","player_choice":"Ignored","floor":19.0,"gold_loss":0.0,"damage_taken":0.0},{"damage_healed":0.0,"max_hp_gain":0.0,"max_hp_loss":0.0,"gold_gain":0.0,"event_name":"Vampires","player_choice":"Ignored","floor":27.0,"gold_loss":0.0,"damage_taken":0.0},{"cards_removed":["Contraction"],"damage_healed":0,"gold_gain":0,"player_choice":"Gave Card","damage_taken":0,"relics_obtained":["MealTicket"],"max_hp_gain":0,"max_hp_loss":0,"event_name":"WeMeetAgain","floor":37,"gold_loss":0}],"is_beta":false,"boss_relics":[{"not_picked":["Black Star","Philosopher\u0027s Stone"],"picked":"Astrolabe"},{"not_picked":["Runic Dome","Calling Bell","Fusion Hammer"]}],"items_purged_floors":[4,4,4,4,4,4,4,20,20,24,44,44,44],"is_endless":false,"potions_floor_spawned":[2,2,2,3,3,6,10,10,16,18,18,22,30,30,31,33,33,35,36,38,38,39,39,41,46,46,48,48],"ascension_level":0}}