{"host":"za51qju8r56bcr85","time":1609825154,"event":{"mods":["Act Like it!","BaseMod","Block Reminder","Googly Eyes","Minty Spire (QoL Compilation)","Quick Restart","Relic Sorter","Relic Stats","Shop Mod","StSLib","SuperFastMode"],"gold_per_floor":[115,115,115,36,36,36,74,74,101,101,101,101,141,141,141,237,237,255,269,285,298,55,55,73,73,73,73,73,87,87,106,106,195,195,215,548,548,558,558,583,583,614,614,357,369,386,416,249,249,249,249,249,249,70,95,95],"floor_reached":57,"playtime":2031,"items_purged":["Strike_R","Whirlwind+1","Defend_R"],"score":3238,"play_id":"cd11dbb2-a168-4387-871b-6f1f7df75ded","local_time":"20210105133913","is_ascension_mode":true,"campfire_choices":[{"data":"Whirlwind","floor":6.0,"key":"SMITH"},{"floor":8.0,"key":"REST"},{"data":"Body Slam","floor":10.0,"key":"SMITH"},{"floor":12.0,"key":"RECALL"},{"floor":15.0,"key":"REST"},{"floor":23.0,"key":"REST"},{"data":"Feed","floor":25.0,"key":"SMITH"},{"floor":28.0,"key":"REST"},{"data":"Feel No Pain","floor":32.0,"key":"SMITH"},{"data":"Bloodletting","floor":41.0,"key":"SMITH"},{"data":"Power Through","floor":49.0,"key":"SMITH"},{"data":"Dropkick","floor":53.0,"key":"SMITH"}],"circlet_count":0,"master_deck":["AscendersBane","Defend_R","Defend_R+1","Defend_R+1","Bash","Feel No Pain+1","Dropkick+1","Power Through+1","Body Slam+1","Feed+1","Bloodletting+1","Second Wind+1","Battle Trance+1","Shrug It Off+1","Offering+1"],"relics":["Burning Blood","Frozen Eye","Dream Catcher","Sundial","Philosopher\u0027s Stone","Bag of Preparation","Orichalcum","MealTicket","Runic Pyramid","Magic Flower","Boot","Toxic Egg 2","Lantern","Red Skull","Art of War"],"acts_visited":["Exordium","TheCity","TheBeyond","TheEnding"],"potions_floor_usage":[56],"damage_taken":[{"damage":6.0,"enemies":"Jaw Worm","floor":1.0,"turns":4.0},{"damage":31.0,"enemies":"Lagavulin","floor":7.0,"turns":8.0},{"damage":17.0,"enemies":"3 Sentries","floor":13.0,"turns":9.0},{"damage":21.0,"enemies":"The Guardian","floor":16.0,"turns":8.0},{"damage":30.0,"enemies":"Spheric Guardian","floor":18.0,"turns":7.0},{"damage":4.0,"enemies":"3 Byrds","floor":19.0,"turns":5.0},{"damage":28.0,"enemies":"Snake Plant","floor":20.0,"turns":4.0},{"damage":0.0,"enemies":"Shelled Parasite and Fungi","floor":21.0,"turns":1.0},{"damage":5.0,"enemies":"Centurion and Healer","floor":24.0,"turns":7.0},{"damage":26.0,"enemies":"Snake Plant","floor":29.0,"turns":5.0},{"damage":3.0,"enemies":"Cultist and Chosen","floor":31.0,"turns":3.0},{"damage":11.0,"enemies":"Champ","floor":33.0,"turns":11.0},{"damage":3.0,"enemies":"Orb Walker","floor":35.0,"turns":3.0},{"damage":7.0,"enemies":"3 Darklings","floor":38.0,"turns":3.0},{"damage":3.0,"enemies":"Giant Head","floor":40.0,"turns":5.0},{"damage":17.0,"enemies":"Nemesis","floor":42.0,"turns":5.0},{"damage":0.0,"enemies":"Maw","floor":45.0,"turns":4.0},{"damage":0.0,"enemies":"4 Shapes","floor":46.0,"turns":4.0},{"damage":3.0,"enemies":"Giant Head","floor":47.0,"turns":5.0},{"damage":9.0,"enemies":"Donu and Deca","floor":50.0,"turns":10.0},{"damage":31.0,"enemies":"Time Eater","floor":51.0,"turns":10.0},{"damage":6.0,"enemies":"Shield and Spear","floor":55.0,"turns":7.0},{"damage":9,"enemies":"The Heart","floor":56,"turns":7}],"seed_played":"-4547823397924661196","potions_obtained":[{"floor":1.0,"key":"ColorlessPotion"},{"floor":13.0,"key":"SteroidPotion"},{"floor":24.0,"key":"Strength Potion"},{"floor":31.0,"key":"SteroidPotion"},{"floor":33.0,"key":"ElixirPotion"},{"floor":40.0,"key":"ColorlessPotion"}],"is_trial":false,"path_per_floor":["M","?","?","$","?","R","E","R","T","R","?","R","E","?","R","B",null,"M","M","M","M","$","R","M","R","T","$","R","M","?","M","R","B",null,"M","?","?","M","?","E","R","E","T","$","M","M","E","$","R","B","B",null,"R","$","E","B",null],"character_chosen":"IRONCLAD","items_purchased":["Whirlwind","Bag of Preparation","Lantern","Offering+1","Swift Potion"],"campfire_rested":4,"item_purchase_floors":[4,22,44,48,54],"current_hp_per_floor":[50,50,50,50,43,43,18,38,38,38,38,38,27,7,27,12,54,30,35,13,19,19,40,44,44,44,44,66,50,50,53,53,52,75,82,82,82,85,85,89,89,87,87,93,97,101,105,105,105,109,93,108,108,113,117,121],"gold":95,"neow_bonus":"TRANSFORM_TWO_CARDS","is_daily":false,"chose_seed":false,"campfire_upgraded":7,"win_rate":0.0,"timestamp":1609825153,"path_taken":["M","?","?","$","?","R","E","R","T","R","?","R","E","?","R","BOSS","M","M","M","M","$","R","M","R","T","$","R","M","?","?","R","BOSS","M","?","?","M","?","E","R","E","T","$","M","M","E","?","R","BOSS","BOSS","R","$","E","BOSS"],"items_purchased_type":["Card","Relic","Relic","Card","Potion"],"build_version":"2020-12-22","purchased_purges":3,"victory":true,"max_hp_per_floor":[75,75,68,68,68,68,68,68,68,68,68,68,68,68,68,68,68,68,71,71,71,71,71,74,74,74,74,74,78,78,78,78,82,82,86,86,86,90,85,89,89,93,93,93,97,101,105,105,105,109,113,113,113,113,117,121],"relic_stats":{"Dream Catcher":4,"counters":[23,135],"Sundial":[158],"Magic Flower":[20],"MealTicket":11,"Bag of Preparation":[30],"Art of War":[0],"Orichalcum":[18],"Boot":[6],"obtain_stats":[{"Lantern":44,"Golden Idol":3,"Magic Flower":40,"Bag of Preparation":22,"Orichalcum":26,"Boot":42,"Burning Blood":0,"Frozen Eye":1,"Dream Catcher":7,"Sundial":13,"Philosopher\u0027s Stone":17,"MealTicket":30,"Art of War":55,"Toxic Egg 2":43,"Red Skull":47,"Runic Pyramid":34},{"Lantern":16,"Golden Idol":1,"Magic Flower":15,"Bag of Preparation":8,"Orichalcum":9,"Boot":16,"Burning Blood":0,"Frozen Eye":1,"Dream Catcher":2,"Sundial":3,"Philosopher\u0027s Stone":4,"MealTicket":10,"Art of War":22,"Toxic Egg 2":16,"Red Skull":19,"Runic Pyramid":12},{"Lantern":88,"Golden Idol":4,"Magic Flower":83,"Bag of Preparation":46,"Orichalcum":53,"Boot":88,"Burning Blood":0,"Frozen Eye":4,"Dream Catcher":12,"Sundial":21,"Philosopher\u0027s Stone":29,"MealTicket":58,"Art of War":128,"Toxic Egg 2":88,"Red Skull":101,"Runic Pyramid":72}],"Burning Blood":124},"card_choices":[{"not_picked":["Rage","Havoc"],"picked":"Power Through","floor":1.0},{"not_picked":["Dropkick","Clothesline","Sword Boomerang"],"picked":"SKIP","floor":7.0},{"not_picked":["Dual Wield","Twin Strike"],"picked":"Body Slam","floor":8.0},{"not_picked":["Whirlwind","Searing Blow","Entrench"],"picked":"SKIP","floor":13.0},{"not_picked":["Berserk","Barricade"],"picked":"Feed","floor":16.0},{"not_picked":["Armaments","Body Slam","Perfected Strike"],"picked":"SKIP","floor":18.0},{"not_picked":["Iron Wave","Thunderclap","Wild Strike"],"picked":"SKIP","floor":19.0},{"not_picked":["Cleave+1","Feed"],"picked":"Bloodletting","floor":20.0},{"not_picked":["Thunderclap","Anger","Sword Boomerang"],"picked":"SKIP","floor":21.0},{"not_picked":["Sword Boomerang","Battle Trance"],"picked":"Second Wind+1","floor":23.0},{"not_picked":["Blood for Blood","Havoc","Flex"],"picked":"SKIP","floor":24.0},{"not_picked":["Sever Soul","Shockwave"],"picked":"Battle Trance+1","floor":28.0},{"not_picked":["Anger","Clash","True Grit"],"picked":"SKIP","floor":29.0},{"not_picked":["Iron Wave","Pommel Strike","Flame Barrier"],"picked":"SKIP","floor":31.0},{"not_picked":["Warcry","Headbutt","Carnage"],"picked":"SKIP","floor":35.0},{"not_picked":["Warcry","Twin Strike","Battle Trance"],"picked":"SKIP","floor":38.0},{"not_picked":["Perfected Strike","Shrug It Off","True Grit"],"picked":"SKIP","floor":40.0},{"not_picked":["Perfected Strike","Shrug It Off","True Grit"],"picked":"SKIP","floor":40.0},{"not_picked":["Shrug It Off","Armaments","Clash"],"picked":"SKIP","floor":42.0},{"not_picked":["Metallicize","Flex+1"],"picked":"Shrug It Off+1","floor":45.0},{"not_picked":["Clash","Ghostly Armor+1","Rupture"],"picked":"SKIP","floor":46.0},{"not_picked":["Uppercut","Wild Strike","Second Wind+1"],"picked":"SKIP","floor":47.0},{"not_picked":["Brutality","Ghostly Armor+1","Body Slam"],"picked":"SKIP","floor":55.0}],"player_experience":1325221,"relics_obtained":[{"floor":7.0,"key":"Dream Catcher"},{"floor":13.0,"key":"Sundial"},{"floor":26.0,"key":"Orichalcum"},{"floor":40.0,"key":"Magic Flower"},{"floor":42.0,"key":"Boot"},{"floor":43.0,"key":"Toxic Egg 2"},{"floor":47.0,"key":"Red Skull"},{"floor":55.0,"key":"Art of War"}],"event_choices":[{"cards_removed":["Strike_R"],"damage_healed":0.0,"max_hp_gain":0.0,"max_hp_loss":0.0,"gold_gain":0.0,"event_name":"Living Wall","player_choice":"Forget","floor":2.0,"gold_loss":0.0,"damage_taken":0.0},{"damage_healed":0.0,"max_hp_gain":0.0,"max_hp_loss":7.0,"gold_gain":0.0,"event_name":"Golden Idol","player_choice":"Lose Max HP","floor":3.0,"gold_loss":0.0,"damage_taken":0.0,"relics_obtained":["Golden Idol"]},{"cards_removed":["Strike_R"],"damage_healed":0.0,"max_hp_gain":0.0,"max_hp_loss":0.0,"gold_gain":0.0,"event_name":"Golden Wing","player_choice":"Card Removal","floor":5.0,"gold_loss":0.0,"damage_taken":7.0},{"damage_healed":0.0,"max_hp_gain":0.0,"max_hp_loss":0.0,"gold_gain":0.0,"event_name":"Dead Adventurer","player_choice":"Searched \u00270\u0027 times","floor":11.0,"gold_loss":0.0,"damage_taken":0.0},{"damage_healed":0.0,"max_hp_gain":0.0,"max_hp_loss":0.0,"gold_gain":0.0,"event_name":"Shining Light","player_choice":"Entered Light","floor":14.0,"gold_loss":0.0,"damage_taken":20.0,"cards_upgraded":["Defend_R","Defend_R"]},{"damage_healed":0.0,"max_hp_gain":0.0,"max_hp_loss":0.0,"gold_gain":0.0,"event_name":"WeMeetAgain","player_choice":"Gave Potion","floor":30.0,"gold_loss":0.0,"damage_taken":0.0,"relics_obtained":["MealTicket"]},{"damage_healed":0.0,"max_hp_gain":0.0,"max_hp_loss":0.0,"gold_gain":333.0,"event_name":"The Moai Head","player_choice":"Gave Idol","floor":36.0,"relics_lost":["Golden Idol"],"gold_loss":0.0,"damage_taken":0.0},{"damage_healed":0.0,"max_hp_gain":0.0,"max_hp_loss":0.0,"gold_gain":0.0,"event_name":"Tomb of Lord Red Mask","player_choice":"Ignored","floor":37.0,"gold_loss":0.0,"damage_taken":0.0},{"damage_healed":0.0,"max_hp_gain":0.0,"max_hp_loss":5.0,"gold_gain":0.0,"event_name":"Winding Halls","player_choice":"Max HP","floor":39.0,"gold_loss":0.0,"damage_taken":0.0}],"is_beta":false,"boss_relics":[{"not_picked":["Pandora\u0027s Box","Fusion Hammer"],"picked":"Philosopher\u0027s Stone"},{"not_picked":["Coffee Dripper","Empty Cage"],"picked":"Runic Pyramid"}],"items_purged_floors":[22,44,54],"is_endless":false,"potions_floor_spawned":[1,13,24,31,33,35,40,47],"ascension_level":20}}