{"host":"pcbz64t4k17ey4z1","time":1609886720,"event":{"mods":["2.2 Compatiblity","AchievementEnabler","Act Like it!","Aspiration","BaseMod","Beaked The Cultist","Better Match","Better Third Choice","BetterRewards","Card Forge","Colored Map","Colored Powertips","Conspire","Disable Question Mark Monsters","Fireblade Mod","Friendly Minions","Gensokyo","GifTheSpireLib","Glutton Mod","Googly Eyes","Gremlin Mod","Hermit","Hubris","Infinite Spire","Koishi","Marisa????????","Minty Spire (QoL Compilation)","Permanent Neow","Potionbrewer","Quick Restart","Random Character Button","Rare Cards Sparkle","Relic Filter","Replay The Spire","Robot Space Explorer","Shade Mod","Shop Mod","Spicy Shops","StSLib","Stuff the Spire","SuperFastMode","The Animator","The Cursed","The Druid","The Gatherer","The Hierophant","The IronCluck","The Jungle","The Marked","The Runesmith","Virulent Crown","Waifu the Spire","Wandering Minibosses","vexMod"],"gold_per_floor":[364,18,18,18,38,72,72,104,104,104,137,156,189,205,205,301,301,319,338,354,368,368,399,413,441,466,466,500,500,526,536,536,638,638,648,648,648,648,661,690,706,739,764,793,811,811,578,590,590,590],"floor_reached":51,"playtime":3021,"items_purged":[],"score":885,"play_id":"ebdab46f-03d7-4895-8dcb-7cf6b2ed6758","local_time":"20210105224520","is_ascension_mode":true,"campfire_choices":[{"data":"Shade:SensePrey","floor":7,"key":"SMITH"},{"data":"Shade:AnimateDead","floor":10,"key":"SMITH"},{"data":"Shade:ExtraLimbs","floor":15,"key":"SMITH"},{"data":"Shade:OfferingToTheBeyond","floor":27,"key":"SMITH"},{"data":"Shade:LyeBath","floor":29,"key":"SMITH"},{"data":"Shade:RitualOffering","floor":32,"key":"SMITH"},{"data":"Shade:LichForm","floor":46,"key":"SMITH"},{"floor":49,"key":"REST"}],"circlet_count":0,"master_deck":["Shade:Defend_Shade+1","Shade:Defend_Shade+1","Shade:Defend_Shade+1","Shade:Defend_Shade+1","Shade:AnimateDead+1","Shade:CarefulCut","Bash+1","animator:Defend_Elsword","Shade:SensePrey+1","Parasite","Shade:TouchOfTheGrave+1","Shade:CloudOfShrapnel+1","Shade:FuneraryJewels","Shade:ExtraLimbs+1","Shade:Patience","Shade:PotionOfRestlessness+1","Shade:OfferingToTheBeyond+1","Shade:ScuttlingHand","Shade:RitualOffering+1","Shade:FuneraryJewels","Shade:FreshBones","Shade:ScuttlingHand","Shade:LyeBath+1","Shade:ScuttlingHand","Shade:FleshLikeOak+1","Shade:LichForm+1","Shade:GreyBargain+1","Shade:FleshLikeOak+1","Shade:OminousRitual+1","Shade:LichForm+1","Shade:ExtraLimbs+1","Shade:CloudOfShrapnel+1"],"relics":["Shade:YorickSkull","Hammer of Thor","Seething Fire","Anvil of the Gods","Lee\u0027s Waffle","PreservedInsect","StuffTheSpire:OldFever","FaceOfCleric","potionbrewer:WarMedal","Whetstone","potionbrewer:BottledElixir","Replay:WaspNest","aspiration:TomeofQuesting","StuffTheSpire:Kangaroo","Runesmith:AutoHammer","wanderingMiniBosses:CarrionFlame","Blood Vial","Juzu Bracelet","StuffTheSpire:PointBlank","Red Mask","vexMod:TanglingVine","Snack Pack","StuffTheSpire:GreaterSneckoEye","Strawberry","Mirror","StuffTheSpire:CocoNut","StuffTheSpire:Mouthbags","Happy Flower"],"acts_visited":["Exordium","TheCity","TheBeyond"],"potions_floor_usage":[6,16,21,23,31,33,33,44,44,50],"damage_taken":[{"damage":0,"enemies":"Jaw Worm","floor":1,"turns":5},{"damage":1,"enemies":"Small Slimes","floor":5,"turns":7},{"damage":1,"enemies":"3 Sentries","floor":6,"turns":4},{"damage":12,"enemies":"Lagavulin","floor":8,"turns":6},{"damage":0,"enemies":"3 Sentries","floor":11,"turns":3},{"damage":0,"enemies":"Cultist","floor":12,"turns":3},{"damage":0,"enemies":"Gremlin Nob","floor":13,"turns":3},{"damage":0,"enemies":"Large Slime","floor":14,"turns":3},{"damage":2,"enemies":"The Guardian","floor":16,"turns":7},{"damage":0,"enemies":"Chosen","floor":18,"turns":3},{"damage":0,"enemies":"3 Byrds","floor":19,"turns":3},{"damage":3,"enemies":"Snake Plant","floor":20,"turns":3},{"damage":0,"enemies":"3 Cultists","floor":21,"turns":6},{"damage":1,"enemies":"Slavers","floor":23,"turns":3},{"damage":1,"enemies":"Centurion and Healer","floor":24,"turns":4},{"damage":0,"enemies":"Gremlin Leader","floor":25,"turns":3},{"damage":4,"enemies":"Slavers","floor":28,"turns":2},{"damage":0,"enemies":"Masked Bandits","floor":30,"turns":2},{"damage":0,"enemies":"Snake Plant","floor":31,"turns":3},{"damage":22,"enemies":"Champ","floor":33,"turns":6},{"damage":0,"enemies":"3 Shapes","floor":35,"turns":1},{"damage":0,"enemies":"Orb Walker","floor":39,"turns":3},{"damage":31,"enemies":"Reptomancer","floor":40,"turns":4},{"damage":0,"enemies":"4 Shapes","floor":41,"turns":2},{"damage":2,"enemies":"Giant Head","floor":42,"turns":5},{"damage":8,"enemies":"Nightmare","floor":44,"turns":4},{"damage":1,"enemies":"Spire Growth","floor":45,"turns":4},{"damage":0,"enemies":"3 Darklings","floor":48,"turns":2},{"damage":19,"enemies":"Replay:Hell Engine","floor":50,"turns":5}],"seed_played":"-1313458420862949887","potions_obtained":[{"floor":5,"key":"PowerPotion"},{"floor":12,"key":"Elixir"},{"floor":14,"key":"SmokeBomb"},{"floor":19,"key":"potionbrewer:NoxiousPotion"},{"floor":20,"key":"Fire Potion"},{"floor":23,"key":"potionbrewer:MidasPotion"},{"floor":25,"key":"potionbrewer:NoxiousPotion"},{"floor":30,"key":"EssenceOfSteel"},{"floor":31,"key":"potionbrewer:NoxiousPotion"},{"floor":39,"key":"Dexterity Potion"},{"floor":41,"key":"potionbrewer:CleansingPotion"},{"floor":48,"key":"Energy Potion"}],"is_trial":false,"path_per_floor":["M","$","?","?","M","E","R","E","T","R","E","M","E","M","R","B",null,"M","M","M","M","?","E","M","E","T","R","E","R","?","M","R","B",null,"M","AVR","?","?","M","E","M","E","T","NM","M","R","$","M","R","B",null],"character_chosen":"SHADE","items_purchased":["Lee\u0027s Waffle","PreservedInsect","StuffTheSpire:OldFever","Shade:TouchOfTheGrave","StuffTheSpire:Mouthbags","Happy Flower"],"campfire_rested":1,"item_purchase_floors":[2,2,2,2,47,47],"current_hp_per_floor":[65,72,72,72,72,72,72,61,61,61,62,63,64,65,65,64,80,81,82,80,81,81,81,81,82,82,82,81,81,84,87,87,68,91,92,92,72,72,75,56,59,64,64,68,70,70,70,75,108,102],"gold":590,"neow_bonus":"TWO_FIFTY_GOLD","is_daily":false,"chose_seed":false,"campfire_upgraded":7,"win_rate":0.0,"timestamp":1609886720,"path_taken":["M","$","?","?","M","E","R","E","T","R","E","?","E","M","R","BOSS","M","M","M","M","?","E","M","E","T","R","E","R","?","M","R","BOSS","M","AVR","?","?","M","E","M","E","T","NM","M","R","$","M","R","BOSS"],"items_purchased_type":["Relic","Relic","Relic","Card","Relic","Relic"],"build_version":"2020-12-22","purchased_purges":0,"victory":true,"max_hp_per_floor":[65,72,72,72,73,74,74,75,75,75,76,77,78,79,79,80,80,81,82,83,84,84,85,86,87,87,87,88,88,89,90,90,91,91,92,92,92,92,93,101,102,103,103,111,112,112,112,113,113,114],"card_choices":[{"not_picked":["Shade:GraveStillness","Shade:Doomsay"],"picked":"Shade:SensePrey","floor":1},{"not_picked":["Shade:Bonestorm","Shade:FingerOfDeath"],"picked":"Shade:CloudOfShrapnel","floor":5},{"not_picked":["Shade:SpontaneousRitual","Shade:CallOfTheGrave"],"picked":"Shade:ExtraLimbs","floor":6},{"not_picked":["Shade:ClawBack","Shade:Brains"],"picked":"Shade:FuneraryJewels","floor":8},{"not_picked":["Shade:FingerOfDeath","Shade:ClawBack"],"picked":"Shade:ExtraLimbs","floor":11},{"not_picked":["Shade:RitualOffering","Shade:Asphyxiate"],"picked":"Shade:Patience","floor":12},{"not_picked":["Shade:OminousRitual","Shade:Trample"],"picked":"Shade:PotionOfRestlessness","floor":13},{"not_picked":["Shade:CallOfTheGrave","Shade:Premonition"],"picked":"Shade:FleshOffering","floor":14},{"not_picked":["Shade:Tombstone","Shade:LastGasp"],"picked":"Shade:OfferingToTheBeyond","floor":16},{"not_picked":["Shade:ExtraLimbs","Shade:RavenousHorde+1"],"picked":"Shade:ScuttlingHand","floor":18},{"not_picked":["Shade:FuneraryJewels","Shade:AncientSpear"],"picked":"Shade:RitualOffering","floor":19},{"not_picked":["Shade:Trample","Shade:WallOfFlesh"],"picked":"Shade:FuneraryJewels","floor":20},{"not_picked":["Shade:GreaterAnimation","Shade:AncientSpear"],"picked":"Shade:FreshBones","floor":21},{"not_picked":["Shade:SoulToxin","Shade:WallOfFlesh","Shade:SanguineRitual+1"],"picked":"SKIP","floor":23},{"not_picked":["Shade:ClawBack","Shade:Brains"],"picked":"Shade:ScuttlingHand","floor":24},{"not_picked":["Shade:SoulToxin","Shade:Bonestorm"],"picked":"Shade:LyeBath","floor":25},{"not_picked":["Shade:ClawBack","Shade:RavenousHorde+1","Shade:Awaken"],"picked":"SKIP","floor":28},{"not_picked":["Shade:Awaken","Shade:CoffinDance"],"picked":"Shade:ScuttlingHand","floor":30},{"not_picked":["Shade:DangerousRitual","Shade:Frenzy"],"picked":"Shade:FleshLikeOak+1","floor":31},{"not_picked":["Shade:LoseControl","Shade:UnbarTheGrave"],"picked":"Shade:LichForm","floor":33},{"not_picked":["Shade:SoulToxin+1","Shade:CoffinDance+1"],"picked":"Shade:GreyBargain+1","floor":35},{"not_picked":["Shade:Trample+1","Shade:SpectralStrikes"],"picked":"Shade:FleshLikeOak+1","floor":39},{"not_picked":["Shade:AncientSpear+1","Shade:ExtraLimbs"],"picked":"Shade:OminousRitual","floor":40},{"not_picked":["Shade:Frenzy","Shade:Trample+1","Shade:Patience"],"picked":"SKIP","floor":41},{"not_picked":["Shade:GraveStillness","Shade:Doomsay"],"picked":"Shade:LichForm","floor":42},{"not_picked":["Shade:SpectralStrikes","Shade:FleshOffering","Shade:Premonition"],"picked":"SKIP","floor":44},{"not_picked":["Shade:Doomsay+1","Shade:Brains+1","Shade:Premonition+1"],"picked":"SKIP","floor":45},{"not_picked":["Shade:MadHubris","Shade:Frenzy"],"picked":"Shade:CloudOfShrapnel+1","floor":48}],"player_experience":3880040,"relics_obtained":[{"floor":6,"key":"potionbrewer:WarMedal"},{"floor":8,"key":"Whetstone"},{"floor":9,"key":"potionbrewer:BottledElixir"},{"floor":11,"key":"Replay:WaspNest"},{"floor":13,"key":"aspiration:TomeofQuesting"},{"floor":23,"key":"Runesmith:AutoHammer"},{"floor":24,"key":"wanderingMiniBosses:CarrionFlame"},{"floor":25,"key":"Blood Vial"},{"floor":26,"key":"Juzu Bracelet"},{"floor":28,"key":"StuffTheSpire:PointBlank"},{"floor":30,"key":"Red Mask"},{"floor":37,"key":"StuffTheSpire:GreaterSneckoEye"},{"floor":40,"key":"Strawberry"},{"floor":42,"key":"Mirror"},{"floor":44,"key":"StuffTheSpire:CocoNut"}],"event_choices":[{"damage_healed":0,"gold_gain":0,"player_choice":"Trade","damage_taken":0,"relics_obtained":["FaceOfCleric"],"max_hp_gain":0,"max_hp_loss":0,"event_name":"FaceTrader","floor":4,"gold_loss":0},{"damage_healed":0,"gold_gain":0,"player_choice":"Leave","damage_taken":0,"max_hp_gain":0,"max_hp_loss":0,"event_name":"conspire:Investor","floor":22,"gold_loss":0},{"damage_healed":0,"gold_gain":0,"player_choice":"Fought Bandits","damage_taken":0,"max_hp_gain":0,"max_hp_loss":0,"event_name":"Masked Bandits","floor":30,"gold_loss":0},{"cards_removed":["Shade:FleshOffering"],"damage_healed":0,"gold_gain":0,"player_choice":"Removed Skill","damage_taken":0,"max_hp_gain":0,"max_hp_loss":0,"event_name":"Falling","floor":38,"gold_loss":0}],"is_beta":false,"boss_relics":[{"not_picked":["aspiration:MobileForge","conspire:RunicOctahedron"],"picked":"StuffTheSpire:Kangaroo"},{"not_picked":["Runic Pyramid","aspiration:PoetsPen_weak"],"picked":"vexMod:TanglingVine"}],"items_purged_floors":[],"is_endless":false,"potions_floor_spawned":[5,12,14,19,20,23,25,30,31,39,41,48],"ascension_level":1}}