{"host":"ikjt6v4q6zrcj3if","time":1609890817,"event":{"mods":["BaseMod","CapriCore","Colored Map","Downfall","Luminous","Minty Spire (QoL Compilation)","Permanent Neow","Quick Restart","Replay The Spire","Robot Space Explorer","Somnambulant","Spicy Shops","StSLib","SuperFastMode","The Exalted","The Marked","The Runesmith","TheSwordswoman","WarShipGirlsR/??è≠èóR mod"],"gold_per_floor":[119,119,44,64,80,80,115,115,115,115,134,134,134,134,134,255,318,338,27,27,27,45,70,70,111,137,37,60,60,76,1,1,1,1],"floor_reached":33,"playtime":2033,"items_purged":["somnambulantmod: Stumble","somnambulantmod: HorrificThought"],"score":276,"play_id":"bca13761-ffe0-4546-8549-f60bd9e2a60f","local_time":"20210106085337","daily_mods":["Draft"],"is_ascension_mode":true,"campfire_choices":[{"data":"somnambulantmod: Extract","floor":6,"key":"SMITH"},{"data":"somnambulantmod: Repression","floor":8,"key":"SMITH"},{"data":"somnambulantmod: Hush","floor":12,"key":"SMITH"},{"data":"somnambulantmod: RacingThoughts","floor":15,"key":"SMITH"},{"data":"somnambulantmod: RuthlessStudy","floor":24,"key":"SMITH"},{"data":"somnambulantmod: HappyThoughts","floor":29,"key":"SMITH"},{"data":"somnambulantmod: Unknow","floor":32,"key":"SMITH"}],"circlet_count":0,"master_deck":["somnambulantmod: Hush+1","somnambulantmod: Remember","somnambulantmod: Nosebleed+1","somnambulantmod: Remember","somnambulantmod: Cower+1","somnambulantmod: Unknow+1","somnambulantmod: Stimulus","somnambulantmod: RacingThoughts+1","somnambulantmod: Extract+1","somnambulantmod: Repression+1","somnambulantmod: Remember","somnambulantmod: RuthlessStudy+1","somnambulantmod: LightSleeper","somnambulantmod: HappyThoughts+1","somnambulantmod: AllForNothing"],"relics":["somnambulantmod: DreamJournal","Replay:Bottled Steam","Mummified Hand","Golden Idol","Tiny House","Ice Cream","Replay:Ringing Soul","Strawberry"],"acts_visited":["Exordium","TheCity"],"potions_floor_usage":[16,16,18,22],"damage_taken":[{"damage":0,"enemies":"2 Louse","floor":1,"turns":2},{"damage":0,"enemies":"Small Slimes","floor":4,"turns":2},{"damage":0,"enemies":"Jaw Worm","floor":5,"turns":3},{"damage":8,"enemies":"Gremlin Nob","floor":7,"turns":3},{"damage":0,"enemies":"Large Slime","floor":11,"turns":3},{"damage":14,"enemies":"Slime Boss","floor":16,"turns":8},{"damage":14,"enemies":"Shell Parasite","floor":18,"turns":4},{"damage":5,"enemies":"2 Thieves","floor":22,"turns":5},{"damage":9,"enemies":"Snake Plant","floor":23,"turns":3},{"damage":20,"enemies":"Gremlin Leader","floor":25,"turns":6},{"damage":0,"enemies":"Snecko","floor":28,"turns":4},{"damage":0,"enemies":"Centurion and Healer","floor":30,"turns":7},{"damage":30,"enemies":"Champ","floor":33,"turns":8}],"seed_played":"-7589766164655018975","potions_obtained":[{"floor":5,"key":"Explosive Potion"},{"floor":11,"key":"Fire Potion"},{"floor":16,"key":"Adrenaline Potion"},{"floor":17,"key":"Fire Potion"},{"floor":22,"key":"SteroidPotion"},{"floor":28,"key":"Elixir"}],"is_trial":true,"path_per_floor":["M","?","$","M","M","R","E","R","T","?","M","R","?","?","R","B",null,"M","$","?","?","M","M","R","E","T","$","M","R","M","?","R","B"],"character_chosen":"THE_SOMNAMBULANT","items_purchased":["Ice Cream"],"campfire_rested":0,"item_purchase_floors":[19],"current_hp_per_floor":[70,70,70,70,70,70,62,62,62,48,48,48,31,31,31,17,75,61,61,61,61,56,47,47,27,34,34,34,34,34,34,34,4,4],"gold":1,"neow_bonus":"","is_daily":false,"chose_seed":false,"campfire_upgraded":7,"win_rate":0.0,"timestamp":1609890817,"path_taken":["M","?","$","M","M","R","E","R","T","?","M","R","?","?","R","BOSS","M","$","?","?","M","M","R","E","T","?","M","R","M","?","R","BOSS"],"items_purchased_type":["Relic"],"build_version":"2020-12-22","purchased_purges":2,"victory":false,"max_hp_per_floor":[70,70,70,70,70,70,70,70,70,70,70,70,70,70,70,70,75,75,75,75,75,75,75,75,75,82,82,82,82,82,82,82,82,82],"card_choices":[{"not_picked":["somnambulantmod: Unmake","somnambulantmod: TimeCompression"],"picked":"somnambulantmod: Hush","floor":0},{"not_picked":["somnambulantmod: Blink","somnambulantmod: BadIdea"],"picked":"somnambulantmod: Remember","floor":0},{"not_picked":["somnambulantmod: Blink","somnambulantmod: BadIdea"],"picked":"somnambulantmod: Stumble","floor":0},{"not_picked":["somnambulantmod: Bloom","somnambulantmod: NightmareFuel"],"picked":"somnambulantmod: Nosebleed","floor":0},{"not_picked":["somnambulantmod: Harden","somnambulantmod: Nosebleed"],"picked":"somnambulantmod: Remember","floor":0},{"not_picked":["somnambulantmod: TimeCompression","somnambulantmod: Overshare"],"picked":"somnambulantmod: Nosebleed","floor":0},{"not_picked":["somnambulantmod: Blink","somnambulantmod: Nosebleed"],"picked":"somnambulantmod: Cower","floor":0},{"not_picked":["somnambulantmod: BadIdea","somnambulantmod: PourItOut"],"picked":"somnambulantmod: Nosebleed","floor":0},{"not_picked":["somnambulantmod: Unmake","somnambulantmod: Bruise"],"picked":"somnambulantmod: Unknow","floor":0},{"not_picked":["somnambulantmod: Trauma","somnambulantmod: BadIdea"],"picked":"somnambulantmod: Stimulus","floor":0},{"not_picked":["somnambulantmod: BadIdea","somnambulantmod: Reject"],"picked":"somnambulantmod: RacingThoughts","floor":0},{"not_picked":["somnambulantmod: HeavyLids","somnambulantmod: BrainFeeder"],"picked":"somnambulantmod: Blink","floor":0},{"not_picked":["somnambulantmod: Trauma","somnambulantmod: Overshare"],"picked":"somnambulantmod: DeeperSleep","floor":0},{"not_picked":["somnambulantmod: Stumble","somnambulantmod: Trauma"],"picked":"somnambulantmod: Extract","floor":0},{"not_picked":["somnambulantmod: HeadSmack","somnambulantmod: Wake"],"picked":"somnambulantmod: Repression","floor":0},{"not_picked":["somnambulantmod: DreamBig","somnambulantmod: Stumble"],"picked":"somnambulantmod: Remember","floor":1},{"not_picked":["somnambulantmod: TrepanningBlow","somnambulantmod: Cower","somnambulantmod: Nosebleed"],"picked":"SKIP","floor":4},{"not_picked":["somnambulantmod: Unknow","somnambulantmod: MuscleMemory","somnambulantmod: HorrificThought"],"picked":"SKIP","floor":5},{"not_picked":["somnambulantmod: Trauma","somnambulantmod: Mindlessness","somnambulantmod: Repression"],"picked":"SKIP","floor":7},{"not_picked":["somnambulantmod: RecurringDream","somnambulantmod: Reject","somnambulantmod: LightSleeper"],"picked":"SKIP","floor":11},{"not_picked":["somnambulantmod: LostMind","somnambulantmod: Unburden"],"picked":"somnambulantmod: RuthlessStudy","floor":16},{"not_picked":["somnambulantmod: Pinch","somnambulantmod: Trauma"],"picked":"somnambulantmod: LightSleeper","floor":18},{"not_picked":["somnambulantmod: InLimbo","somnambulantmod: MindWave+1"],"picked":"somnambulantmod: AllForNothing","floor":22},{"not_picked":["somnambulantmod: PourItOut","somnambulantmod: Cower","somnambulantmod: LightSleeper"],"picked":"SKIP","floor":23},{"not_picked":["somnambulantmod: TimeCompression+1","somnambulantmod: Repression","somnambulantmod: HeavyLids+1"],"picked":"SKIP","floor":25},{"not_picked":["somnambulantmod: HeadSmack","somnambulantmod: SnuggleUp","somnambulantmod: TrepanningBlow+1"],"picked":"SKIP","floor":28},{"not_picked":["somnambulantmod: Blink","somnambulantmod: SickeningSwathe","somnambulantmod: MindWave"],"picked":"SKIP","floor":30}],"player_experience":366994,"relics_obtained":[{"floor":7,"key":"Replay:Bottled Steam"},{"floor":9,"key":"Mummified Hand"},{"floor":25,"key":"Replay:Ringing Soul"},{"floor":26,"key":"Strawberry"}],"event_choices":[{"cards_removed":["somnambulantmod: Nosebleed"],"damage_healed":0,"gold_gain":0,"player_choice":"Forget","damage_taken":0,"max_hp_gain":0,"max_hp_loss":0,"event_name":"Living Wall","floor":2,"gold_loss":0},{"damage_healed":0,"gold_gain":0,"player_choice":"Entered Light","damage_taken":14,"max_hp_gain":0,"max_hp_loss":0,"event_name":"Shining Light","floor":10,"gold_loss":0,"cards_upgraded":["somnambulantmod: Cower","somnambulantmod: Nosebleed"]},{"damage_healed":0,"gold_gain":0,"player_choice":"Take Damage","damage_taken":17,"relics_obtained":["Golden Idol"],"max_hp_gain":0,"max_hp_loss":0,"event_name":"Golden Idol","floor":13,"gold_loss":0},{"damage_healed":0,"gold_gain":0,"player_choice":"Ignored","damage_taken":0,"max_hp_gain":0,"max_hp_loss":0,"event_name":"Liars Game","floor":14,"gold_loss":0},{"damage_healed":0,"gold_gain":0,"cards_transformed":["somnambulantmod: DeeperSleep","somnambulantmod: Blink"],"player_choice":"Became Test Subject","damage_taken":0,"max_hp_gain":0,"max_hp_loss":0,"event_name":"Drug Dealer","floor":21,"gold_loss":0,"cards_obtained":["somnambulantmod: HorrificThought","somnambulantmod: HappyThoughts"]},{"cards_removed":["somnambulantmod: Nosebleed"],"damage_healed":0,"gold_gain":0,"player_choice":"Gave Gold","damage_taken":0,"max_hp_gain":0,"max_hp_loss":0,"event_name":"Beggar","floor":31,"gold_loss":75}],"is_beta":false,"boss_relics":[{"not_picked":["expansioncontent:StudyCardRelic","Bromod:ArcaneGrace"],"picked":"Tiny House"}],"items_purged_floors":[3,27],"is_endless":false,"potions_floor_spawned":[5,11,16,22,28],"killed_by":"Champ","ascension_level":1}}