{"host":"6gwm7y0tp7acoxay","time":1609850137,"event":{"mods":["BaseMod","Colored Map","Keyboard Shortcuts","Minty Spire (QoL Compilation)","Quick Restart","StSLib","SuperFastMode","everything is the same but u backflip on backflip"],"gold_per_floor":[114,114,114,124,124,124,124,124,149,182,182,182],"floor_reached":11,"playtime":147,"items_purged":[],"score":138,"play_id":"e26494fd-0f23-4a3c-8c1d-3cc3308f063f","local_time":"20210105213537","daily_mods":["SealedDeck","Heirloom","Flight"],"is_ascension_mode":true,"campfire_choices":[{"data":"Noxious Fumes","floor":6.0,"key":"SMITH"},{"data":"Crippling Poison","floor":7.0,"key":"SMITH"},{"data":"Footwork","floor":8.0,"key":"SMITH"}],"circlet_count":0,"master_deck":["AscendersBane","Poisoned Stab","Outmaneuver","Footwork+1","Flying Knee","Backstab","Noxious Fumes+1","Poisoned Stab","Catalyst+1","Dagger Throw","Blur","Crippling Poison+1","Escape Plan","PiercingWail"],"relics":["Ring of the Snake","Peace Pipe","Anchor","Bag of Preparation","Torii"],"acts_visited":["Exordium"],"potions_floor_usage":[],"damage_taken":[{"damage":12.0,"enemies":"Small Slimes","floor":1.0,"turns":2.0},{"damage":0.0,"enemies":"Jaw Worm","floor":4.0,"turns":2.0},{"damage":5.0,"enemies":"Gremlin Nob","floor":10.0,"turns":3.0},{"damage":0,"enemies":"3 Sentries","floor":11,"turns":1}],"seed_played":"-4576146300288183622","potions_obtained":[{"floor":1.0,"key":"SteroidPotion"}],"is_trial":true,"path_per_floor":["M","?","?","M","?","R","R","R","T","E","E"],"character_chosen":"THE_SILENT","items_purchased":[],"campfire_rested":0,"item_purchase_floors":[],"current_hp_per_floor":[47,47,29,29,29,29,29,29,29,24,24,24],"gold":182,"neow_bonus":"","is_daily":false,"chose_seed":false,"campfire_upgraded":3,"win_rate":0.0,"timestamp":1609850137,"path_taken":["M","?","?","M","?","R","R","R","T","E","E"],"items_purchased_type":[],"build_version":"2020-12-22","purchased_purges":0,"victory":false,"max_hp_per_floor":[66,66,66,66,66,66,66,66,66,66,66,66],"card_choices":[{"not_picked":["Flying Knee","Sucker Punch"],"picked":"Crippling Poison","floor":1.0},{"not_picked":["Poisoned Stab","Outmaneuver"],"picked":"Escape Plan","floor":4.0},{"not_picked":["All Out Attack","Distraction"],"picked":"PiercingWail","floor":10.0}],"player_experience":4366631,"relics_obtained":[{"floor":9.0,"key":"Bag of Preparation"},{"floor":10.0,"key":"Torii"}],"event_choices":[{"damage_healed":0.0,"max_hp_gain":0.0,"max_hp_loss":0.0,"gold_gain":0.0,"event_name":"Liars Game","player_choice":"Ignored","floor":2.0,"gold_loss":0.0,"damage_taken":0.0},{"damage_healed":0.0,"max_hp_gain":0.0,"max_hp_loss":0.0,"gold_gain":0.0,"event_name":"Scrap Ooze","player_choice":"Success","floor":3.0,"gold_loss":0.0,"damage_taken":18.0,"relics_obtained":["Anchor"]},{"damage_healed":0.0,"max_hp_gain":0.0,"max_hp_loss":0.0,"gold_gain":0.0,"event_name":"Living Wall","player_choice":"Grow","floor":5.0,"gold_loss":0.0,"damage_taken":0.0,"cards_upgraded":["Catalyst"]}],"is_beta":false,"boss_relics":[],"items_purged_floors":[],"is_endless":false,"potions_floor_spawned":[1],"killed_by":"3 Sentries","ascension_level":20}}