{"host":"vumwfieg2b2mnrfl","time":1609890584,"event":{"mods":["AchievementEnabler","BaseMod","Minty Spire (QoL Compilation)","Rare Cards Sparkle","Relic Stats"],"gold_per_floor":[99,99,99,99,99,99,99,99,99,99,99,99,99,99,99,99,99,99,99,99,99,99,99,99,99,99,99,24,24,24,24,24,24,24],"floor_reached":33,"playtime":1194,"items_purged":["Writhe"],"score":558,"play_id":"67466997-2d05-47c3-af97-5f0ac6e9aac3","local_time":"20210105174944","is_ascension_mode":true,"campfire_choices":[{"data":"Noxious Fumes","floor":6.0,"key":"SMITH"},{"floor":15.0,"key":"REST"},{"data":"Phantasmal Killer","floor":24,"key":"SMITH"},{"floor":27,"key":"REST"},{"data":"Neutralize","floor":30,"key":"SMITH"},{"floor":32,"key":"REST"}],"circlet_count":0,"master_deck":["AscendersBane","Strike_G","Strike_G","Defend_G","Defend_G","Defend_G","Defend_G","Survivor","Neutralize+1","Finisher","Poisoned Stab","Noxious Fumes+1","Blur","PiercingWail","Glass Knife","Tools of the Trade","Bullet Time+1","Acrobatics+1","Dagger Spray+1","Bane","Phantasmal Killer+1","Poisoned Stab","Backflip","Prepared","Poisoned Stab"],"relics":["Ectoplasm","Oddly Smooth Stone","PreservedInsect","Odd Mushroom","Anchor","Nunchaku","Astrolabe","Omamori","Meat on the Bone","Ancient Tea Set","MawBank","The Courier"],"acts_visited":["Exordium","TheCity"],"potions_floor_usage":[16,23],"damage_taken":[{"damage":0.0,"enemies":"Jaw Worm","floor":1.0,"turns":4.0},{"damage":0.0,"enemies":"Cultist","floor":2.0,"turns":4.0},{"damage":0.0,"enemies":"2 Louse","floor":4.0,"turns":2.0},{"damage":14.0,"enemies":"3 Sentries","floor":7.0,"turns":6.0},{"damage":7.0,"enemies":"Blue Slaver","floor":8.0,"turns":4.0},{"damage":1.0,"enemies":"The Mushroom Lair","floor":10.0,"turns":4.0},{"damage":14.0,"enemies":"Gremlin Nob","floor":12.0,"turns":4.0},{"damage":10.0,"enemies":"3 Sentries","floor":14.0,"turns":7.0},{"damage":28,"enemies":"The Guardian","floor":16,"turns":10},{"damage":0,"enemies":"3 Byrds","floor":18,"turns":5},{"damage":0,"enemies":"Chosen","floor":22,"turns":4},{"damage":10,"enemies":"Slavers","floor":23,"turns":5},{"damage":6,"enemies":"Gremlin Leader","floor":25,"turns":6},{"damage":15,"enemies":"Book of Stabbing","floor":29,"turns":5},{"damage":7,"enemies":"Shelled Parasite and Fungi","floor":31,"turns":5},{"damage":65,"enemies":"Champ","floor":33,"turns":9}],"seed_played":"-4097329899727277842","potions_obtained":[{"floor":1.0,"key":"Strength Potion"},{"floor":2.0,"key":"AttackPotion"},{"floor":12.0,"key":"FearPotion"},{"floor":23,"key":"CunningPotion"},{"floor":25,"key":"Explosive Potion"}],"is_trial":false,"path_per_floor":["M","M","?","M","$","R","E","M","T","?","$","E","$","E","R","B",null,"M","?","?","?","M","E","R","E","T","R","$","E","R","M","R","B"],"character_chosen":"THE_SILENT","items_purchased":[],"campfire_rested":3,"item_purchase_floors":[],"current_hp_per_floor":[59,59,59,59,59,59,45,38,38,37,37,23,23,13,32,4,51,51,51,51,51,51,41,41,35,35,54,54,39,39,44,63,0,0],"gold":24,"neow_bonus":"BOSS_RELIC","is_daily":false,"chose_seed":false,"campfire_upgraded":3,"win_rate":0.0,"timestamp":1609890584,"path_taken":["M","M","?","M","?","R","E","M","T","?","$","E","?","E","R","BOSS","M","?","?","?","M","E","R","E","T","R","$","E","R","?","R","BOSS"],"items_purchased_type":[],"build_version":"2020-12-22","purchased_purges":1,"victory":false,"max_hp_per_floor":[66,66,66,66,66,66,66,66,66,66,66,66,66,66,66,66,66,66,66,66,66,66,66,66,66,66,66,66,66,66,66,66,66,66],"relic_stats":{"Nunchaku":[9],"counters":[16,84],"Astrolabe":["Bullet Time","Acrobatics","Dagger Spray"],"Ectoplasm":457,"PreservedInsect":185,"MawBank":0,"obtain_stats":[{"Astrolabe":17,"Oddly Smooth Stone":7,"PreservedInsect":9,"The Courier":29,"Omamori":19,"Odd Mushroom":10,"Ancient Tea Set":25,"MawBank":26,"Anchor":12,"Nunchaku":14,"Ectoplasm":0,"Ring of the Snake":0,"Meat on the Bone":23},{"Astrolabe":9,"Oddly Smooth Stone":4,"PreservedInsect":5,"The Courier":14,"Omamori":10,"Odd Mushroom":6,"Ancient Tea Set":13,"MawBank":13,"Anchor":7,"Nunchaku":8,"Ectoplasm":0,"Ring of the Snake":0,"Meat on the Bone":12},{"Astrolabe":45,"Oddly Smooth Stone":16,"PreservedInsect":20,"The Courier":70,"Omamori":50,"Odd Mushroom":24,"Ancient Tea Set":65,"MawBank":65,"Anchor":28,"Nunchaku":35,"Ectoplasm":0,"Ring of the Snake":0,"Meat on the Bone":59}],"Meat on the Bone":12},"card_choices":[{"not_picked":["Setup","Deflect"],"picked":"Finisher","floor":1.0},{"not_picked":["Cloak And Dagger","Eviscerate"],"picked":"Poisoned Stab","floor":2.0},{"not_picked":["Terror","Accuracy"],"picked":"Noxious Fumes","floor":4.0},{"not_picked":["Skewer","All Out Attack"],"picked":"Blur","floor":7.0},{"not_picked":["Expertise","Slice","Dodge and Roll"],"picked":"SKIP","floor":8.0},{"not_picked":["Expertise","Slice","Dodge and Roll"],"picked":"SKIP","floor":8.0},{"not_picked":["Deflect","Prepared"],"picked":"PiercingWail","floor":10.0},{"not_picked":["Acrobatics","Doppelganger","Flying Knee"],"picked":"SKIP","floor":12.0},{"not_picked":["Slice","Outmaneuver"],"picked":"Glass Knife","floor":14.0},{"not_picked":["Glass Knife","Doppelganger"],"picked":"Tools of the Trade","floor":16},{"not_picked":["Blade Dance","Accuracy"],"picked":"Bane","floor":18},{"not_picked":["Dagger Throw","Infinite Blades"],"picked":"Poisoned Stab","floor":22},{"not_picked":["Dagger Throw+1","Envenom"],"picked":"Backflip","floor":23},{"not_picked":["Masterful Stab","Deflect"],"picked":"Prepared","floor":25},{"not_picked":["Quick Slash","Doppelganger","Deadly Poison"],"picked":"SKIP","floor":29},{"not_picked":["Quick Slash","Blade Dance+1"],"picked":"Poisoned Stab","floor":31}],"player_experience":373638,"relics_obtained":[{"floor":7.0,"key":"Oddly Smooth Stone"},{"floor":9.0,"key":"PreservedInsect"},{"floor":10.0,"key":"Odd Mushroom"},{"floor":12.0,"key":"Anchor"},{"floor":14.0,"key":"Nunchaku"},{"floor":23,"key":"Meat on the Bone"},{"floor":25,"key":"Ancient Tea Set"},{"floor":26,"key":"MawBank"},{"floor":29,"key":"The Courier"}],"event_choices":[{"cards_removed":["Strike_G"],"damage_healed":0.0,"max_hp_gain":0.0,"max_hp_loss":0.0,"gold_gain":0.0,"event_name":"Purifier","player_choice":"Purged","floor":3.0,"gold_loss":0.0,"damage_taken":0.0},{"damage_healed":0.0,"max_hp_gain":0.0,"max_hp_loss":0.0,"gold_gain":0.0,"event_name":"Mushrooms","player_choice":"Fought Mushrooms","floor":10.0,"gold_loss":0.0,"damage_taken":0.0},{"damage_healed":0,"gold_gain":0,"player_choice":"Opened","damage_taken":0,"relics_obtained":["Omamori"],"max_hp_gain":0,"max_hp_loss":0,"event_name":"The Mausoleum","floor":19,"gold_loss":0,"cards_obtained":["Writhe"]},{"damage_healed":0,"gold_gain":0,"player_choice":"Ignored","damage_taken":0,"max_hp_gain":0,"max_hp_loss":0,"event_name":"Vampires","floor":20,"gold_loss":0},{"damage_healed":0,"gold_gain":0,"player_choice":"1 cards matched","damage_taken":0,"max_hp_gain":0,"max_hp_loss":0,"event_name":"Match and Keep!","floor":21,"gold_loss":0,"cards_obtained":["Phantasmal Killer"]}],"is_beta":false,"boss_relics":[{"not_picked":["Runic Pyramid","Runic Dome"],"picked":"Astrolabe"}],"items_purged_floors":[28],"is_endless":false,"potions_floor_spawned":[1,2,8,12,23,25],"killed_by":"Champ","ascension_level":15}}