{"host":"37dk0reb6x0du8wx","time":1609833244,"event":{"mods":["BaseMod","Colored Map","DeckTracker","Minty Spire (QoL Compilation)","Quick Restart","StSLib"],"gold_per_floor":[109,124,124,124,124,124,139,139,139,153,186,196,196,210,210,309,309,321,321,321,23,33,33,33,33,33,44,44,44],"floor_reached":28,"playtime":835,"items_purged":[],"score":308,"play_id":"78e93784-d849-458a-ab68-854f7694f9cf","local_time":"20210105165404","is_ascension_mode":true,"campfire_choices":[{"data":"Zap","floor":6,"key":"SMITH"},{"data":"Auto Shields","floor":8,"key":"SMITH"},{"floor":13,"key":"REST"},{"floor":15,"key":"REST"},{"floor":23,"key":"REST"},{"floor":25,"key":"REST"}],"circlet_count":0,"master_deck":["Defend_B+1","Defend_B","Defend_B","Defend_B+1","Zap+1","Dualcast","Auto Shields+1","Capacitor","Reinforced Body","Leap","Consume","Leap","Redo","Self Repair+1","Leap"],"relics":["Cracked Core","Emotion Chip","Ice Cream","Empty Cage","MutagenicStrength","Matryoshka","Mercury Hourglass","Omamori"],"acts_visited":["Exordium","TheCity"],"potions_floor_usage":[11,27],"damage_taken":[{"damage":2,"enemies":"Jaw Worm","floor":1,"turns":3},{"damage":2,"enemies":"2 Louse","floor":2,"turns":3},{"damage":1,"enemies":"Cultist","floor":7,"turns":4},{"damage":9,"enemies":"3 Louse","floor":10,"turns":3},{"damage":56,"enemies":"Gremlin Nob","floor":11,"turns":5},{"damage":2,"enemies":"Large Slime","floor":12,"turns":6},{"damage":0,"enemies":"Looter","floor":14,"turns":4},{"damage":0,"enemies":"Slime Boss","floor":16,"turns":11},{"damage":26,"enemies":"3 Byrds","floor":18,"turns":5},{"damage":37,"enemies":"Chosen","floor":22,"turns":8},{"damage":24,"enemies":"Centurion and Healer","floor":27,"turns":12},{"damage":51,"enemies":"Chosen and Byrds","floor":28,"turns":6}],"seed_played":"-4147358982759569673","potions_obtained":[{"floor":1,"key":"FairyPotion"},{"floor":2,"key":"Explosive Potion"},{"floor":11,"key":"SpeedPotion"},{"floor":16,"key":"EssenceOfSteel"}],"is_trial":false,"path_per_floor":["M","M","?","?","?","R","M","R","T","M","E","M","R","M","R","B",null,"M","?","?","$","M","R","?","R","T","M","M"],"character_chosen":"DEFECT","items_purchased":["Matryoshka","Redo"],"campfire_rested":4,"item_purchase_floors":[21,21],"current_hp_per_floor":[73,71,56,49,54,54,53,53,53,44,24,22,46,46,70,70,80,54,54,54,54,17,41,26,51,51,37,0,0],"gold":44,"neow_bonus":"REMOVE_CARD","is_daily":false,"chose_seed":false,"campfire_upgraded":2,"win_rate":0.0,"timestamp":1609833244,"path_taken":["M","M","?","?","?","R","?","R","T","?","E","M","R","M","R","BOSS","M","?","?","$","M","R","?","R","T","M","M"],"items_purchased_type":["Relic","Card"],"build_version":"2020-12-22","purchased_purges":0,"victory":false,"max_hp_per_floor":[75,75,75,75,80,80,80,80,80,80,80,80,80,80,80,80,80,80,80,80,80,80,80,85,85,85,85,85,85],"card_choices":[{"not_picked":["Doom and Gloom","Rebound","Coolheaded"],"picked":"SKIP","floor":1},{"not_picked":["Genetic Algorithm","Sweeping Beam"],"picked":"Auto Shields","floor":2},{"not_picked":["Storm","Darkness"],"picked":"Capacitor","floor":7},{"not_picked":["Recycle","Steam"],"picked":"Reinforced Body","floor":10},{"not_picked":["Aggregate","Reinforced Body"],"picked":"Leap","floor":11},{"not_picked":["Compile Driver","Sweeping Beam","Chill"],"picked":"SKIP","floor":12},{"not_picked":["Redo","Go for the Eyes"],"picked":"Consume","floor":14},{"not_picked":["Hologram+1","Aggregate"],"picked":"Leap","floor":18},{"not_picked":["Barrage+1","Storm"],"picked":"Self Repair+1","floor":22},{"not_picked":["Redo","Hologram"],"picked":"Leap","floor":27}],"player_experience":148016,"relics_obtained":[{"floor":9,"key":"Emotion Chip"},{"floor":11,"key":"Ice Cream"},{"floor":26,"key":"Mercury Hourglass"},{"floor":26,"key":"Omamori"}],"event_choices":[{"damage_healed":0,"gold_gain":0,"player_choice":"Entered Light","damage_taken":15,"max_hp_gain":0,"max_hp_loss":0,"event_name":"Shining Light","floor":3,"gold_loss":0,"cards_upgraded":["Defend_B","Defend_B"]},{"cards_removed":["Strike_B"],"damage_healed":0,"gold_gain":0,"player_choice":"Card Removal","damage_taken":7,"max_hp_gain":0,"max_hp_loss":0,"event_name":"Golden Wing","floor":4,"gold_loss":0},{"damage_healed":0,"gold_gain":0,"player_choice":"Donut","damage_taken":0,"max_hp_gain":5,"max_hp_loss":0,"event_name":"Big Fish","floor":5,"gold_loss":0},{"damage_healed":0,"gold_gain":0,"player_choice":"Ignored","damage_taken":0,"max_hp_gain":0,"max_hp_loss":0,"event_name":"Vampires","floor":19,"gold_loss":0},{"damage_healed":0,"gold_gain":0,"player_choice":"Inject Mutagens","damage_taken":0,"relics_obtained":["MutagenicStrength"],"max_hp_gain":0,"max_hp_loss":0,"event_name":"Drug Dealer","floor":20,"gold_loss":0},{"damage_healed":0,"gold_gain":0,"player_choice":"Shed Blood","damage_taken":20,"max_hp_gain":5,"max_hp_loss":0,"event_name":"Forgotten Altar","floor":24,"gold_loss":0}],"is_beta":false,"boss_relics":[{"not_picked":["Runic Pyramid","Runic Dome"],"picked":"Empty Cage"}],"items_purged_floors":[],"is_endless":false,"potions_floor_spawned":[1,2,11,16],"killed_by":"Chosen and Byrds","ascension_level":3}}