{"host":"ifrtxrfi0kt9ye6r","time":1609875502,"event":{"mods":["100% Spire Juice","Act Like it!","BaseMod","BetterRewards","Downfall","Gensokyo","Hubris","Infinite Spire","Koishi","Marisa£¨Ùöéë¡¡Øª×âÞÞ£©","Minty Spire (QoL Compilation)","Replay The Spire","StSLib","The Animator"],"gold_per_floor":[117,17,17,33,53,53,88,88,88,88,88,15,15,26,26,214,214,214,214],"floor_reached":18,"playtime":1529,"items_purged":["Koishi:BasicStrike","Koishi:BasicStrike"],"score":143,"play_id":"a1a0a4e8-f957-46b5-9d9a-b9c7e6c36435","local_time":"20210106043822","is_ascension_mode":false,"campfire_choices":[{"floor":6,"key":"RECALL"},{"floor":8,"key":"REST"},{"data":"Koishi:EmbersOfLove","floor":17,"key":"SMITH"}],"circlet_count":0,"master_deck":["Koishi:BasicStrike","Koishi:BasicStrike","Koishi:BasicDefend","Koishi:BasicDefend","Koishi:BasicDefend","Koishi:BasicDefend","Koishi:Provoke","Koishi:HauntingSlash","Purity","Koishi:JumpScare","Koishi:BloodcurdlingScream","Koishi:DreadfulBlow","Koishi:StingingMind","Gensokyo:TarnishedGold","Koishi:EmbersOfLove+1","Koishi:TerrifyingSpectre"],"relics":["Koishi:ImaginaryFriend","Toolbox","Replay:Rubber Ducky","ReplayTheSpireMod:Ninjato","Shuriken","Onion Ring","Gensokyo:OccultBall","Nunchaku","Pen Nib"],"acts_visited":["Gensokyo:Gensokyo"],"potions_floor_usage":[7,16,18],"damage_taken":[{"damage":10,"enemies":"Gensokyo:Gryphon","floor":1,"turns":3},{"damage":4,"enemies":"Gensokyo:3_Fairies","floor":4,"turns":3},{"damage":0,"enemies":"Gensokyo:2_Kodama","floor":5,"turns":2},{"damage":34,"enemies":"Gensokyo:Cirno","floor":7,"turns":6},{"damage":0,"enemies":"Gensokyo:5_Fairies","floor":14,"turns":3},{"damage":16,"enemies":"Gensokyo:Aya","floor":16,"turns":6},{"damage":67,"enemies":"Gensokyo:Kokoro","floor":18,"turns":11}],"seed_played":"2143764522940605403","potions_obtained":[{"floor":1,"key":"FearPotion"},{"floor":4,"key":"Elixir"},{"floor":14,"key":"Slimebound:ThreeZeroPotion"},{"floor":16,"key":"SpeedPotion"}],"is_trial":false,"path_per_floor":["M","$","?","M","M","R","E","R","PTL","PTL","T","COS","T","M","?","E","R","B"],"character_chosen":"KOISHI","items_purchased":["Toolbox","Purity","Metamorphosis","Koishi:JumpScare"],"campfire_rested":1,"item_purchase_floors":[0,0,0,0],"current_hp_per_floor":[54,54,42,40,42,42,11,29,29,29,29,29,29,32,32,38,38,0,0],"gold":214,"neow_bonus":"","is_daily":false,"chose_seed":false,"campfire_upgraded":1,"win_rate":0.0,"timestamp":1609875502,"path_taken":["M","?","?","M","M","R","E","R","PTL","PTL","T","COS","?","?","?","E","R","BOSS"],"items_purchased_type":["Relic","Card","Card","Card"],"build_version":"2020-12-22","purchased_purges":2,"victory":false,"max_hp_per_floor":[60,60,60,60,60,60,60,60,60,60,60,60,60,60,60,60,60,60,60],"card_choices":[{"not_picked":["Koishi:UnansweredLove","Koishi:FleetingPhantom"],"picked":"Koishi:BloodcurdlingScream","floor":1},{"not_picked":["Koishi:PhantomStrike","Koishi:SubconsciousSweep"],"picked":"Koishi:DreadfulBlow","floor":4},{"not_picked":["Koishi:Jaunt","Koishi:SubconsciousSweep"],"picked":"Koishi:StingingMind","floor":5},{"not_picked":["Koishi:ReleaseOfTheId","Koishi:BloodcurdlingScream","Koishi:EmbryosDream"],"picked":"SKIP","floor":7},{"not_picked":["Koishi:UnansweredLove","Koishi:Whimsy"],"picked":"Koishi:EmbersOfLove","floor":14},{"not_picked":["Koishi:SpiritedAway","Koishi:Jaunt"],"picked":"Koishi:TerrifyingSpectre","floor":16}],"player_experience":259753,"relics_obtained":[{"floor":7,"key":"ReplayTheSpireMod:Ninjato"},{"floor":11,"key":"Shuriken"},{"floor":13,"key":"Onion Ring"},{"floor":16,"key":"Pen Nib"}],"event_choices":[],"is_beta":false,"boss_relics":[],"items_purged_floors":[0,2],"is_endless":false,"potions_floor_spawned":[1,4,14,16],"killed_by":"Gensokyo:Kokoro","ascension_level":0}}