{"host":"oy4pyvr762z5n0bb","time":1609828098,"event":{"mods":["AchievementEnabler","BaseMod","Colored Map","Colored Powertips","Googly Eyes","Key Reminder","Minty Spire (QoL Compilation)","Quick Restart","Relic Sorter","StSLib","SuperFastMode","Unceasing Turn Reminder","slay the spire mod where everything is the same but ironclad has a cowboy hat"],"gold_per_floor":[116,18,18,38,57,57,89,89,89,264,283,283,2,19,19,19,19],"floor_reached":16,"playtime":297,"items_purged":["Normality","Strike_G"],"score":135,"play_id":"f7a64520-9aad-4c58-bad1-ae0ae569cab6","local_time":"20210104222818","is_ascension_mode":true,"campfire_choices":[{"data":"Die Die Die","floor":6,"key":"SMITH"},{"floor":12,"key":"REST"},{"data":"Footwork","floor":15,"key":"SMITH"}],"circlet_count":0,"master_deck":["Strike_G","Strike_G","Strike_G","Strike_G","Defend_G","Defend_G","Defend_G","Defend_G","Defend_G","Survivor","Neutralize","Die Die Die+1","All Out Attack","Quick Slash","Flying Knee","Sucker Punch","Leg Sweep","Doubt","Slice","Footwork+1","Sucker Punch"],"relics":["Ring of the Snake","The Courier","Regal Pillow","Lantern","Strawberry"],"acts_visited":["Exordium"],"potions_floor_usage":[16,16],"damage_taken":[{"damage":9,"enemies":"Small Slimes","floor":1,"turns":5},{"damage":0,"enemies":"Cultist","floor":4,"turns":3},{"damage":3,"enemies":"2 Louse","floor":5,"turns":2},{"damage":7,"enemies":"3 Sentries","floor":7,"turns":4},{"damage":28,"enemies":"Large Slime","floor":11,"turns":6},{"damage":0,"enemies":"Exordium Wildlife","floor":14,"turns":2},{"damage":53,"enemies":"Hexaghost","floor":16,"turns":17}],"seed_played":"-2163769139431225860","potions_obtained":[{"floor":1,"key":"BlessingOfTheForge"},{"floor":3,"key":"DistilledChaos"},{"floor":3,"key":"Ancient Potion"}],"is_trial":false,"path_per_floor":["M","$","?","M","M","R","E","?","T","?","M","R","$","M","R","B"],"character_chosen":"THE_SILENT","items_purchased":["Quick Slash","Strawberry","Footwork","Sucker Punch"],"campfire_rested":1,"item_purchase_floors":[2,13,13,13],"current_hp_per_floor":[54,54,54,54,51,51,44,37,37,37,9,45,52,52,52,0,0],"gold":19,"neow_bonus":"THREE_RARE_CARDS","is_daily":false,"chose_seed":false,"campfire_upgraded":2,"win_rate":0.0,"timestamp":1609828098,"path_taken":["M","$","?","?","M","R","E","?","T","?","M","R","?","M","R","BOSS"],"items_purchased_type":["Card","Relic","Card","Card"],"build_version":"2020-12-22","purchased_purges":2,"victory":false,"max_hp_per_floor":[70,70,70,70,70,70,70,70,70,70,70,70,77,77,77,77,77],"card_choices":[{"not_picked":["Burst","Grand Finale"],"picked":"Die Die Die","floor":0},{"not_picked":["Dagger Spray","Prepared"],"picked":"All Out Attack","floor":1},{"not_picked":["Tactician","Deadly Poison"],"picked":"Flying Knee","floor":4},{"not_picked":["Dodge and Roll","Acrobatics"],"picked":"Sucker Punch","floor":5},{"not_picked":["Backflip","Dodge and Roll"],"picked":"Leg Sweep","floor":7},{"not_picked":["Backflip","Deflect"],"picked":"Slice","floor":11},{"not_picked":["Backflip","Cloak And Dagger","Expertise"],"picked":"SKIP","floor":14}],"player_experience":633725,"relics_obtained":[{"floor":7,"key":"The Courier"},{"floor":9,"key":"Lantern"}],"event_choices":[{"damage_healed":0,"gold_gain":0,"player_choice":"Got Potions","damage_taken":0,"max_hp_gain":0,"max_hp_loss":0,"event_name":"Lab","floor":3,"gold_loss":0},{"damage_healed":0,"gold_gain":0,"player_choice":"Success","damage_taken":7,"relics_obtained":["Regal Pillow"],"max_hp_gain":0,"max_hp_loss":0,"event_name":"Scrap Ooze","floor":8,"gold_loss":0},{"damage_healed":0,"gold_gain":175,"player_choice":"AGREE","damage_taken":0,"max_hp_gain":0,"max_hp_loss":0,"event_name":"Liars Game","floor":10,"gold_loss":0,"cards_obtained":["Doubt"]}],"is_beta":false,"boss_relics":[],"items_purged_floors":[2,13],"is_endless":false,"potions_floor_spawned":[1,7,11],"killed_by":"Hexaghost","ascension_level":7}}