{"host":"y1qks9cbebtax51i","time":1609874597,"event":{"mods":["BaseMod","Better Match","Better Silent Start","BetterRewards","Colorless Booster Pack","Conspire","Downfall","Energized Spire","Exacting","GifTheSpireLib","Gremlin Mod","GungeonMod","Halation","Hubris","Hyrulean Relics","Infinite Spire","Magitek Elite","Minty Spire (QoL Compilation)","RRrroohrrRGHHhhh!!","Rare Cards Sparkle","Replay The Spire","SacredBarkPlus","Small Relic Pack","Spikes Relics","Spire Birthday Party","StSLib","Stuff the Spire","The Construct","The Disciple","Trackpad","Useless Jewels Mod","everything is the same but u backflip on backflip","vexMod"],"gold_per_floor":[114,134,134,134,134,162,176,176,176,176,176,176,189,189,189,189,189],"floor_reached":16,"playtime":404,"items_purged":[],"score":154,"play_id":"175282d2-0ed7-4d4c-a542-54e1cead816a","local_time":"20210105142317","is_ascension_mode":true,"campfire_choices":[{"data":"Zap","floor":8,"key":"SMITH"},{"data":"Streamline","floor":10,"key":"SMITH"},{"data":"Mirror Shield","floor":12,"key":"SMITH"},{"floor":15,"key":"REST"}],"circlet_count":0,"master_deck":["Strike_B","Strike_B","Strike_B","Strike_B","Defend_B","Defend_B","Defend_B","Defend_B","Zap+1","Dualcast","Streamline+1","Stack","Time Bomb","Mirror Shield+1","Regret","ReplayTheSpireMod:Omega Cannon"],"relics":["Cracked Core","NeowsBlessing","hubris:Towel","rorgmod:Decaying Core","conspire:Dentures","uselessJewelsMod:UselessJewelsRelic","Golden Egg"],"acts_visited":["Exordium"],"potions_floor_usage":[13,16],"damage_taken":[{"damage":0,"enemies":"Jaw Worm","floor":1,"turns":1},{"damage":0,"enemies":"Small Slimes","floor":2,"turns":1},{"damage":0,"enemies":"Lagavulin","floor":6,"turns":1},{"damage":1,"enemies":"2 Louse","floor":7,"turns":2},{"damage":32,"enemies":"Large Slime","floor":13,"turns":5},{"damage":68,"enemies":"The Guardian","floor":16,"turns":7}],"seed_played":"1022743893516872799","potions_obtained":[{"floor":1,"key":"LiquidBronze"},{"floor":13,"key":"Weak Potion"}],"is_trial":false,"path_per_floor":["M","M","?","?","?","E","M","R","T","R","?","R","M","T","R","B"],"character_chosen":"DEFECT","items_purchased":[],"campfire_rested":1,"item_purchase_floors":[],"current_hp_per_floor":[75,75,75,75,75,75,74,74,74,74,74,74,42,42,64,0,0],"gold":189,"neow_bonus":"THREE_ENEMY_KILL","is_daily":false,"chose_seed":false,"campfire_upgraded":3,"win_rate":0.0,"timestamp":1609874597,"path_taken":["M","M","?","?","?","E","M","R","T","R","?","R","M","?","R","BOSS"],"items_purchased_type":[],"build_version":"2020-12-22","purchased_purges":0,"victory":false,"max_hp_per_floor":[75,75,75,75,75,75,75,75,75,75,75,75,75,75,75,75,75],"card_choices":[{"not_picked":["rorgmod:Fragmentation","Meteor Strike"],"picked":"Streamline","floor":1},{"not_picked":["rorgmod:Fragmentation","Redo"],"picked":"Stack","floor":2},{"not_picked":["StuffTheSpire:GlassShard","Sunder"],"picked":"Time Bomb","floor":6},{"not_picked":["Cold Snap","Stack"],"picked":"Mirror Shield","floor":7},{"not_picked":["Hologram","Sweeping Beam"],"picked":"ReplayTheSpireMod:Omega Cannon","floor":13}],"player_experience":995613,"relics_obtained":[{"floor":6,"key":"rorgmod:Decaying Core"},{"floor":9,"key":"conspire:Dentures"},{"floor":14,"key":"Golden Egg"}],"event_choices":[{"damage_healed":0,"gold_gain":0,"player_choice":"Box","damage_taken":0,"relics_obtained":["uselessJewelsMod:UselessJewelsRelic"],"max_hp_gain":0,"max_hp_loss":0,"event_name":"Big Fish","floor":11,"gold_loss":0,"cards_obtained":["Regret"]}],"is_beta":false,"boss_relics":[],"items_purged_floors":[],"is_endless":false,"potions_floor_spawned":[1,13],"killed_by":"The Guardian","ascension_level":5}}