{"host":"y6h8h5dnjuludn40","time":1609823326,"event":{"mods":["BaseMod","Colored Map","Colored Powertips","Googly Eyes","Hermit","Minty Spire (QoL Compilation)","Replay The Spire","StSLib","The Construct","The Hierophant"],"gold_per_floor":[114,133,133,133,133,152,186,186,186,221,241,259,259,18,18,141,141,155,170,206,206,241,241,262,306,378,378,378,378,378,432,432,432,432],"floor_reached":33,"playtime":1592,"items_purged":[],"score":275,"play_id":"a1059cda-ccb2-4f99-80c6-d775d07dbf0b","local_time":"20210104230846","is_ascension_mode":false,"campfire_choices":[{"data":"hermit:Reprieve","floor":8,"key":"SMITH"},{"floor":13,"key":"REST"},{"floor":23,"key":"REST"},{"data":"hermit:Showdown","floor":27,"key":"SMITH"},{"floor":29,"key":"REST"},{"floor":32,"key":"REST"}],"circlet_count":0,"master_deck":["hermit:Strike_Hermit","hermit:Strike_Hermit","hermit:Strike_Hermit","hermit:Strike_Hermit+1","hermit:Defend_Hermit","hermit:Defend_Hermit+1","hermit:Defend_Hermit","hermit:Defend_Hermit","hermit:Snapshot","hermit:Covet","hermit:Maintenance+1","hermit:Deadeye","hermit:Reprieve+1","hermit:Enervate","hermit:DeadOrAlive","hermit:Showdown+1","Shame","hermit:Quickdraw"],"relics":["hermit:Momento","Juzu Bracelet","Golden Idol","Question Card","Oddly Smooth Stone","Onion Ring","Empty Cage","StoneCalendar","Pet Ghost","Mirror","ReplayTheSpireMod:Ninjato","Red Mask"],"acts_visited":["Exordium","TheCity"],"potions_floor_usage":[7,10,16,20,20,22,24,25,33],"damage_taken":[{"damage":5,"enemies":"Small Slimes","floor":1,"turns":4},{"damage":3,"enemies":"Jaw Worm","floor":2,"turns":3},{"damage":4,"enemies":"2 Louse","floor":6,"turns":2},{"damage":1,"enemies":"Lagavulin","floor":7,"turns":7},{"damage":12,"enemies":"3 Sentries","floor":10,"turns":9},{"damage":5,"enemies":"Blue Slaver","floor":11,"turns":3},{"damage":4,"enemies":"Exordium Wildlife","floor":12,"turns":3},{"damage":21,"enemies":"The Guardian","floor":16,"turns":9},{"damage":0,"enemies":"Chosen","floor":18,"turns":4},{"damage":29,"enemies":"2 Thieves","floor":19,"turns":4},{"damage":10,"enemies":"Shelled Parasite and Fungi","floor":20,"turns":6},{"damage":17,"enemies":"Centurion and Healer","floor":22,"turns":7},{"damage":15,"enemies":"Snake Plant","floor":24,"turns":5},{"damage":37,"enemies":"Gremlin Leader","floor":25,"turns":7},{"damage":22,"enemies":"Masked Bandits","floor":31,"turns":5},{"damage":64,"enemies":"Automaton","floor":33,"turns":6}],"seed_played":"-8422831783276199979","potions_obtained":[{"floor":1,"key":"LiquidMemories"},{"floor":7,"key":"DistilledChaos"},{"floor":10,"key":"LifebloodPotion"},{"floor":11,"key":"Strength Potion"},{"floor":12,"key":"Block Potion"},{"floor":16,"key":"DuplicationPotion"},{"floor":20,"key":"ColorlessPotion"},{"floor":22,"key":"Milkshake"},{"floor":24,"key":"BlessingOfTheForge"}],"is_trial":false,"path_per_floor":["M","M","?","?","?","M","E","R","T","E","M","M","R","$","R_BF","B",null,"M","M","M","?","M","R","M","E","T","R","T","R","?","?","R","B"],"character_chosen":"HERMIT","items_purchased":["Onion Ring"],"campfire_rested":4,"item_purchase_floors":[14],"current_hp_per_floor":[70,67,67,67,52,48,47,47,47,39,34,34,56,56,56,43,75,75,46,36,36,23,45,34,5,5,5,5,27,27,5,27,0,0],"gold":432,"neow_bonus":"RANDOM_COMMON_RELIC","is_daily":false,"chose_seed":false,"campfire_upgraded":2,"win_rate":0.0,"timestamp":1609823326,"path_taken":["M","M","?","?","?","M","E","R","T","E","M","M","R","$","R_BF","BOSS","M","M","M","?","M","R","M","E","T","R","?","R","?","?","R","BOSS"],"items_purchased_type":["Relic"],"build_version":"2020-12-22","purchased_purges":0,"victory":false,"max_hp_per_floor":[75,75,75,75,75,75,75,75,75,75,75,75,75,75,75,75,75,75,75,75,75,75,75,75,75,75,75,75,75,75,75,75,75,75],"card_choices":[{"not_picked":["hermit:Enervate","hermit:Scavenge"],"picked":"hermit:Maintenance","floor":1},{"not_picked":["hermit:Vantage","hermit:HoleUp"],"picked":"hermit:Deadeye","floor":2},{"not_picked":["hermit:HighCaliber","hermit:Ricochet"],"picked":"hermit:GhostlyPresence","floor":6},{"not_picked":["hermit:Dive","hermit:TakeAim"],"picked":"hermit:Reprieve","floor":7},{"not_picked":["hermit:FlashPowder","hermit:Manifest","hermit:GhostlyPresence","hermit:Combo"],"picked":"SKIP","floor":10},{"not_picked":["hermit:Brawl","hermit:ItchyTrigger","hermit:Midnight"],"picked":"hermit:Enervate","floor":11},{"not_picked":["hermit:Horror","hermit:Glare","hermit:Ricochet","hermit:Desperado"],"picked":"SKIP","floor":12},{"not_picked":["hermit:Magnum","hermit:Dissolve","hermit:Purgatory"],"picked":"hermit:DeadOrAlive","floor":16},{"not_picked":["hermit:NoHoldsBarred","hermit:Scavenge","hermit:CalledShot+1","hermit:WideOpen"],"picked":"SKIP","floor":18},{"not_picked":["hermit:CalledShot+1","hermit:Roulette","hermit:ItchyTrigger+1","hermit:NoHoldsBarred+1"],"picked":"SKIP","floor":19},{"not_picked":["hermit:Glare","hermit:BodyArmor","hermit:Cheat"],"picked":"hermit:Showdown","floor":20},{"not_picked":["hermit:HoleUp","hermit:Glare+1","hermit:Headshot"],"picked":"hermit:Quickdraw","floor":22},{"not_picked":["hermit:Feint","hermit:Roulette","hermit:ItchyTrigger+1","hermit:BigShot"],"picked":"SKIP","floor":24},{"not_picked":["hermit:CalledShot+1","hermit:Snipe","hermit:Combo+1","hermit:Midnight"],"picked":"SKIP","floor":25}],"player_experience":247740,"relics_obtained":[{"floor":7,"key":"Question Card"},{"floor":10,"key":"Oddly Smooth Stone"},{"floor":25,"key":"Pet Ghost"},{"floor":26,"key":"Mirror"},{"floor":28,"key":"ReplayTheSpireMod:Ninjato"},{"floor":31,"key":"Red Mask"}],"event_choices":[{"damage_healed":0,"gold_gain":0,"player_choice":"Take Wound","damage_taken":0,"relics_obtained":["Golden Idol"],"max_hp_gain":0,"max_hp_loss":0,"event_name":"Golden Idol","floor":3,"gold_loss":0,"cards_obtained":["Injury"]},{"damage_healed":0,"gold_gain":0,"player_choice":"Grow","damage_taken":0,"max_hp_gain":0,"max_hp_loss":0,"event_name":"Living Wall","floor":4,"gold_loss":0,"cards_upgraded":["hermit:Maintenance"]},{"damage_healed":0,"gold_gain":0,"player_choice":"Entered Light","damage_taken":15,"max_hp_gain":0,"max_hp_loss":0,"event_name":"Shining Light","floor":5,"gold_loss":0,"cards_upgraded":["hermit:Strike_Hermit","hermit:Defend_Hermit"]},{"damage_healed":0,"gold_gain":0,"player_choice":"Stole Relic","damage_taken":0,"relics_obtained":["StoneCalendar"],"max_hp_gain":0,"max_hp_loss":0,"event_name":"Addict","floor":21,"gold_loss":0,"cards_obtained":["Shame"]},{"damage_healed":0,"gold_gain":0,"player_choice":"Fought Bandits","damage_taken":0,"max_hp_gain":0,"max_hp_loss":0,"event_name":"Masked Bandits","floor":31,"gold_loss":0}],"is_beta":false,"boss_relics":[{"not_picked":["Runic Dome","Runic Pyramid"],"picked":"Empty Cage"}],"items_purged_floors":[],"is_endless":false,"potions_floor_spawned":[1,7,10,11,12,16,20,22,24],"killed_by":"Automaton","ascension_level":0}}