{"host":"0azimyi6n3ugndj4","time":1609862945,"event":{"mods":["2.2 Compatiblity","BaseMod","Bestiary","Conspire","Curses Come First","Defuse TimeMaze Blight","Hermit","Hubris","Hyrulean Relics","Infinite Spire","Jorbs\u0027s Wanderer Trilogy","Minty Spire (QoL Compilation)","Relic Stats","Replay The Spire","StSLib","SuperFastMode","The Cursed","The Hierophant","Uncapped","¡¼?Úª?ø«¡½REMEMod"],"gold_per_floor":[129,129,129,129,204,204,235,235,235],"floor_reached":8,"playtime":142,"items_purged":[],"score":213,"play_id":"80a40a33-0f4d-4794-9ac8-7c07b0bad5a8","local_time":"20210106010905","daily_mods":["SealedDeck","Hoarder","Insanity","Chimera","Specialized","ControlledChaos","Allstar","Diverse","Colorless Cards","Heirloom","Time Dilation","Flight","Elite Swarm","Binary"],"is_ascension_mode":true,"campfire_choices":[{"data":"Wraith Form v2","floor":6,"key":"SMITH"}],"circlet_count":0,"master_deck":["Demon Form","Wraith Form v2+1","Echo Form","DevaForm","stsjorbsmod:ArcaneForm","stsjorbsmod:WastingForm","AscendersBane","Bash","Survivor","Zap","Eruption","Strike_R","Strike_G","Strike_B","Defend_R","Defend_G","Defend_P","stsjorbsmod:OldPocket","Ghostly Armor","TheCursedMod:SmokeScreen","Underhanded Strike","ReplayTheSpireMod:Calculation Training","Coolheaded","Evaluate","Halt","Blade Dance","Setup","stsjorbsmod:WeightOfMemory","TheCursedMod:Stigma","stsjorbsmod:TrueStrike","Distraction","hierophant:Purify","Deadly Poison","Wild Strike","stsjorbsmod:WanderingMind","TalkToTheHand","Havoc","TheCursedMod:SpitefulPray","Dagger Spray","Shrug It Off","hubris:SlightOfHand","Replay:ManipulateFuture","SandsOfTime","Hologram","Pommel Strike","SashWhip","Blade Dance","Conserve Battery","hubris:ReadiedAction","Hologram","hermit:BodyArmor","Acrobatics","hermit:Maintenance","REME_FirmDetermination","hermit:LoneWolf","True Grit","hierophant:SecretStash","hermit:CalledShot","hierophant:Rebuild","hermit:Horror","hermit:ItchyTrigger","Sentinel","stsjorbsmod:BlackTentacles","Turbo","hubris:Ukulele","Feel No Pain","ReplayTheSpireMod:The Works","TheCursedMod:Obscuration","TheCursedMod:Obscuration","TheCursedMod:Obscuration","TheCursedMod:Obscuration","TheCursedMod:Obscuration","TheCursedMod:Obscuration","TheCursedMod:Obscuration","TheCursedMod:Obscuration","TheCursedMod:Obscuration","TheCursedMod:Obscuration","TheCursedMod:Obscuration","TheCursedMod:Obscuration","TheCursedMod:Obscuration","TheCursedMod:Obscuration","TheCursedMod:Obscuration","hermit:ItchyTrigger","hermit:ItchyTrigger","hermit:ItchyTrigger","Outmaneuver","Outmaneuver","Outmaneuver","TheCursedMod:TacticalStrike","TheCursedMod:TacticalStrike","TheCursedMod:TacticalStrike","Tantrum","Tantrum","Tantrum","stsjorbsmod:TrueStrike","stsjorbsmod:TrueStrike","stsjorbsmod:TrueStrike","Flash of Steel","Flash of Steel","Flash of Steel","Rupture","Rupture","Rupture","Sucker Punch","Sucker Punch","Sucker Punch","REME_FearOfPain","REME_FearOfPain","REME_FearOfPain","Recycle","Recycle","Recycle","Noxious Fumes","Noxious Fumes","Noxious Fumes","Clumsy","Clumsy"],"relics":["hierophant:PropheticMaskRelic","Frozen Eye","Busted Crown","REME_ComplimentaryCards","Prayer Wheel","Ring of Fangs","Ring of Misfortune","zeldaRelics:CouragePiece"],"acts_visited":["Exordium"],"potions_floor_usage":[8,8],"damage_taken":[{"damage":9,"enemies":"Jaw Worm","floor":1,"turns":2},{"damage":3,"enemies":"2 Louse","floor":7,"turns":6},{"damage":64,"enemies":"Lagavulin","floor":8,"turns":3}],"seed_played":"1941946164398877452","potions_obtained":[{"floor":1,"key":"BlessingOfTheForge"},{"floor":7,"key":"Venom Potion"}],"is_trial":true,"path_per_floor":["M","?","T","?","T","R","M","E"],"character_chosen":"HIEROPHANT","items_purchased":[],"campfire_rested":0,"item_purchase_floors":[],"current_hp_per_floor":[59,59,59,59,59,59,56,0,0],"gold":235,"neow_bonus":"","is_daily":false,"chose_seed":false,"campfire_upgraded":1,"win_rate":0.0,"timestamp":1609862945,"path_taken":["M","?","?","?","?","R","?","E"],"items_purchased_type":[],"build_version":"2020-12-22","purchased_purges":0,"victory":false,"max_hp_per_floor":[75,75,75,75,75,75,75,75,75],"relic_stats":{"Busted Crown":14,"counters":[3,11],"Prayer Wheel":0,"obtain_stats":[{"Frozen Eye":0,"Busted Crown":0,"Ring of Fangs":2,"hierophant:PropheticMaskRelic":0,"Ring of Misfortune":2,"Prayer Wheel":0,"zeldaRelics:CouragePiece":3,"REME_ComplimentaryCards":0},{"Frozen Eye":0,"Busted Crown":0,"Ring of Fangs":1,"hierophant:PropheticMaskRelic":0,"Ring of Misfortune":1,"Prayer Wheel":0,"zeldaRelics:CouragePiece":1,"REME_ComplimentaryCards":0},{"Frozen Eye":0,"Busted Crown":0,"Ring of Fangs":2,"hierophant:PropheticMaskRelic":0,"Ring of Misfortune":2,"Prayer Wheel":0,"zeldaRelics:CouragePiece":2,"REME_ComplimentaryCards":0}]},"card_choices":[],"player_experience":1548516,"relics_obtained":[{"floor":2,"key":"Ring of Fangs"},{"floor":2,"key":"Ring of Misfortune"},{"floor":3,"key":"zeldaRelics:CouragePiece"},{"floor":5,"key":"zeldaRelics:CouragePiece"}],"event_choices":[{"cards_removed":["Clumsy"],"damage_healed":0,"gold_gain":0,"player_choice":"Forget","damage_taken":0,"max_hp_gain":0,"max_hp_loss":0,"event_name":"Living Wall","floor":4,"gold_loss":0}],"is_beta":false,"boss_relics":[],"items_purged_floors":[],"is_endless":false,"potions_floor_spawned":[1,7],"killed_by":"Lagavulin","ascension_level":20}}