{"host":"mi0eibewekhugwl1","time":1609855455,"event":{"mods":["AchievementEnabler","BaseMod","Colored Map","Colored Powertips","DeckTracker","Keyboard Shortcuts","Minty Spire (QoL Compilation)","Quick Restart","Rare Cards Sparkle","Relic Stats","StSLib","SuperFastMode","everything is the same but u backflip on backflip"],"gold_per_floor":[129,144,183,250,287,287,287,287],"floor_reached":7,"playtime":153,"items_purged":[],"score":90,"play_id":"12112c97-5d76-4c98-9427-7d4bdc587c74","local_time":"20210105230415","is_ascension_mode":true,"campfire_choices":[{"data":"HandOfGreed","floor":6,"key":"SMITH"}],"circlet_count":0,"master_deck":["AscendersBane","Strike_R","Strike_R","Strike_R","Strike_R","Strike_R","Defend_R","Defend_R","Defend_R","Defend_R","Bash","HandOfGreed+1","Ghostly Armor","Shrug It Off","Demon Form","Seeing Red"],"relics":["Burning Blood"],"acts_visited":["Exordium"],"potions_floor_usage":[4,7,7],"damage_taken":[{"damage":0,"enemies":"Cultist","floor":1,"turns":2},{"damage":7,"enemies":"Jaw Worm","floor":2,"turns":2},{"damage":3,"enemies":"Small Slimes","floor":3,"turns":3},{"damage":17,"enemies":"Exordium Thugs","floor":4,"turns":8},{"damage":14,"enemies":"Looter","floor":5,"turns":4},{"damage":62,"enemies":"Gremlin Nob","floor":7,"turns":4}],"seed_played":"557442399723469715","potions_obtained":[{"floor":1,"key":"BlessingOfTheForge"},{"floor":3,"key":"BloodPotion"},{"floor":5,"key":"GamblersBrew"}],"is_trial":false,"path_per_floor":["M","M","M","M","M","R","E"],"character_chosen":"IRONCLAD","items_purchased":[],"campfire_rested":0,"item_purchase_floors":[],"current_hp_per_floor":[68,67,68,57,49,49,0,0],"gold":287,"neow_bonus":"RANDOM_COLORLESS_2","is_daily":false,"chose_seed":false,"campfire_upgraded":1,"win_rate":0.0,"timestamp":1609855455,"path_taken":["M","M","?","M","M","R","E"],"items_purchased_type":[],"build_version":"2020-12-22","purchased_purges":0,"victory":false,"max_hp_per_floor":[68,68,68,68,68,68,68,68],"relic_stats":{"counters":[6,23],"obtain_stats":[{"Burning Blood":0},{"Burning Blood":0},{"Burning Blood":0}],"Burning Blood":22},"card_choices":[{"not_picked":["The Bomb","Transmutation"],"picked":"HandOfGreed","floor":0},{"not_picked":["Clothesline","Dropkick","Body Slam"],"picked":"SKIP","floor":1},{"not_picked":["Anger","Headbutt"],"picked":"Ghostly Armor","floor":2},{"not_picked":["Flex","Wild Strike"],"picked":"Shrug It Off","floor":3},{"not_picked":["Sword Boomerang","Warcry"],"picked":"Demon Form","floor":4},{"not_picked":["Shockwave","Dark Embrace"],"picked":"Seeing Red","floor":5}],"player_experience":1731809,"relics_obtained":[],"event_choices":[],"is_beta":false,"boss_relics":[],"items_purged_floors":[],"is_endless":false,"potions_floor_spawned":[1,3,5],"killed_by":"Gremlin Nob","ascension_level":20}}