{"host":"37dk0reb6x0du8wx","time":1609838059,"event":{"mods":["BaseMod","Colored Map","DeckTracker","Minty Spire (QoL Compilation)","Quick Restart","StSLib"],"gold_per_floor":[110,35,35,35,35,35,69,69,69,69,97,117,142,157,157,253,253,267,286,306,306,133,133,161,161,186,198,35,52,52,52,52],"floor_reached":31,"playtime":731,"items_purged":["Strike_B","Strike_B"],"score":385,"play_id":"a2b1c703-2786-4ea2-bcbd-9b403faa6eda","local_time":"20210105181419","is_ascension_mode":true,"campfire_choices":[{"data":"Defend_B","floor":6,"key":"SMITH"},{"data":"Defend_B","floor":8,"key":"SMITH"},{"data":"Defend_B","floor":10,"key":"SMITH"},{"data":"Darkness","floor":15,"key":"SMITH"},{"data":"Consume","floor":23,"key":"SMITH"},{"floor":25,"key":"REST"},{"floor":30,"key":"REST"}],"circlet_count":0,"master_deck":["Strike_B","Strike_B+1","Defend_B","Defend_B+1","Defend_B+1","Defend_B+1","Zap+1","Dualcast","Darkness+1","Reinforced Body","Auto Shields","Leap","Leap+1","Consume+1","Doom and Gloom","BootSequence","Multi-Cast","Conserve Battery+1"],"relics":["Cracked Core","NeowsBlessing","Ancient Tea Set","Darkstone Periapt","Cables","Ginger","Sozu","FaceOfCleric","CaptainsWheel","Bag of Marbles"],"acts_visited":["Exordium","TheCity"],"potions_floor_usage":[13,13,16],"damage_taken":[{"damage":0,"enemies":"Cultist","floor":1,"turns":1},{"damage":0,"enemies":"Gremlin Nob","floor":7,"turns":1},{"damage":0,"enemies":"Lagavulin","floor":11,"turns":2},{"damage":0,"enemies":"Small Slimes","floor":12,"turns":3},{"damage":5,"enemies":"3 Sentries","floor":13,"turns":6},{"damage":0,"enemies":"2 Louse","floor":14,"turns":2},{"damage":22,"enemies":"Hexaghost","floor":16,"turns":8},{"damage":3,"enemies":"3 Byrds","floor":18,"turns":4},{"damage":0,"enemies":"Shell Parasite","floor":19,"turns":4},{"damage":8,"enemies":"3 Cultists","floor":20,"turns":7},{"damage":66,"enemies":"Slavers","floor":24,"turns":6},{"damage":4,"enemies":"Snake Plant","floor":27,"turns":3},{"damage":4,"enemies":"Snecko","floor":29,"turns":6},{"damage":40,"enemies":"Gremlin Leader","floor":31,"turns":4}],"seed_played":"-3065514887592952875","potions_obtained":[{"floor":1,"key":"Block Potion"},{"floor":11,"key":"Dexterity Potion"},{"floor":14,"key":"AttackPotion"}],"is_trial":false,"path_per_floor":["M","$","?","?","$","R","E","R","T","R","E","M","E","M","R","B",null,"M","M","M","?","$","R","E","R","T","M","$","M","R","E"],"character_chosen":"DEFECT","items_purchased":["Consume","Multi-Cast"],"campfire_rested":2,"item_purchase_floors":[22,28],"current_hp_per_floor":[75,75,60,65,65,65,65,65,65,65,65,65,60,60,60,38,80,77,77,69,69,69,69,4,28,28,25,25,22,46,6,6],"gold":52,"neow_bonus":"THREE_ENEMY_KILL","is_daily":false,"chose_seed":false,"campfire_upgraded":5,"win_rate":0.0,"timestamp":1609838059,"path_taken":["M","?","?","?","?","R","E","R","T","R","E","M","E","M","R","BOSS","M","M","M","?","$","R","E","R","T","?","$","M","R","E"],"items_purchased_type":["Card","Card"],"build_version":"2020-12-22","purchased_purges":2,"victory":false,"max_hp_per_floor":[75,75,75,80,80,80,80,80,80,80,80,80,80,80,80,80,80,80,80,80,80,80,80,81,81,81,82,82,83,83,83,83],"card_choices":[{"not_picked":["Rip and Tear","Aggregate","Beam Cell"],"picked":"SKIP","floor":1},{"not_picked":["Beam Cell","Recycle","Heatsinks"],"picked":"SKIP","floor":7},{"not_picked":["BootSequence","Double Energy"],"picked":"Darkness","floor":11},{"not_picked":["Steam Power","Compile Driver","Hologram"],"picked":"SKIP","floor":12},{"not_picked":["Chill","Hologram"],"picked":"Reinforced Body","floor":13},{"not_picked":["Go for the Eyes","Compile Driver"],"picked":"Auto Shields","floor":14},{"not_picked":["Gash","Static Discharge","Steam+1"],"picked":"SKIP","floor":18},{"not_picked":["Steam+1","Hologram+1"],"picked":"Leap","floor":19},{"not_picked":["Redo","Steam Power"],"picked":"Leap+1","floor":20},{"not_picked":["Fusion","Scrape"],"picked":"Doom and Gloom","floor":24},{"not_picked":["Streamline+1","Sweeping Beam"],"picked":"BootSequence","floor":27},{"not_picked":["Sweeping Beam+1","Steam"],"picked":"Conserve Battery+1","floor":29}],"player_experience":155942,"relics_obtained":[{"floor":7,"key":"Ancient Tea Set"},{"floor":9,"key":"Darkstone Periapt"},{"floor":11,"key":"Cables"},{"floor":13,"key":"Ginger"},{"floor":24,"key":"CaptainsWheel"},{"floor":26,"key":"Bag of Marbles"}],"event_choices":[{"damage_healed":0,"gold_gain":0,"player_choice":"Entered Light","damage_taken":15,"max_hp_gain":0,"max_hp_loss":0,"event_name":"Shining Light","floor":3,"gold_loss":0,"cards_upgraded":["Strike_B","Zap"]},{"damage_healed":0,"gold_gain":0,"player_choice":"Donut","damage_taken":0,"max_hp_gain":5,"max_hp_loss":0,"event_name":"Big Fish","floor":4,"gold_loss":0},{"damage_healed":0,"gold_gain":0,"player_choice":"Trade","damage_taken":0,"relics_obtained":["FaceOfCleric"],"max_hp_gain":0,"max_hp_loss":0,"event_name":"FaceTrader","floor":21,"gold_loss":0}],"is_beta":false,"boss_relics":[{"not_picked":["Coffee Dripper","Snecko Eye"],"picked":"Sozu"}],"items_purged_floors":[2,22],"is_endless":false,"potions_floor_spawned":[1,11,14,18,19,20],"killed_by":"Gremlin Leader","ascension_level":4}}