{"host":"9tch52zpouts7b2p","time":1609822960,"event":{"mods":["BaseMod","Colored Map","Minty Spire (QoL Compilation)","StSLib","UnlockEverythingMod"],"gold_per_floor":[119,134,84,84,84,84,97,97,124,124,139,152,152,178,178,276,276,286,286,305,305,87,87,113,113,167,179,179,27,27,54,54,154,154,166,182,182,36,36,36],"floor_reached":39,"playtime":2264,"items_purged":[],"score":446,"play_id":"26a66bbb-a02a-40a6-891d-f43c555a3793","local_time":"20210105130240","is_ascension_mode":true,"campfire_choices":[{"data":"Dualcast","floor":6.0,"key":"SMITH"},{"data":"Zap","floor":8.0,"key":"SMITH"},{"data":"Streamline","floor":10.0,"key":"SMITH"},{"data":"Echo Form","floor":13.0,"key":"SMITH"},{"data":"Defragment","floor":15.0,"key":"SMITH"},{"floor":23.0,"key":"REST"},{"floor":25.0,"key":"REST"},{"floor":28.0,"key":"REST"},{"floor":32.0,"key":"REST"}],"circlet_count":0,"master_deck":["Defend_B","Defend_B","Defend_B","Zap+1","Dualcast+1","Stack","Cold Snap","Auto Shields","Echo Form+1","Defragment+1","Glacier","Machine Learning","Fusion+1","Reinforced Body","Conserve Battery+1","Rip and Tear","Steam","Apotheosis","Turbo","Seek","White Noise","Reboot","Meteor Strike","Hologram","Capacitor+1"],"relics":["Cracked Core","Omamori","DataDisk","Odd Mushroom","Astrolabe","Nilry\u0027s Codex","Mercury Hourglass","Bag of Marbles","Runic Capacitor","StoneCalendar","Inserter","Membership Card"],"acts_visited":["Exordium","TheCity","TheBeyond"],"potions_floor_usage":[33,36,39,39],"damage_taken":[{"damage":2.0,"enemies":"Jaw Worm","floor":1.0,"turns":3.0},{"damage":1.0,"enemies":"2 Louse","floor":2.0,"turns":2.0},{"damage":0.0,"enemies":"Small Slimes","floor":7.0,"turns":2.0},{"damage":0.0,"enemies":"Looter","floor":11.0,"turns":2.0},{"damage":0.0,"enemies":"2 Fungi Beasts","floor":12.0,"turns":2.0},{"damage":14.0,"enemies":"The Mushroom Lair","floor":14.0,"turns":4.0},{"damage":21.0,"enemies":"Slime Boss","floor":16.0,"turns":5.0},{"damage":7.0,"enemies":"Spheric Guardian","floor":18.0,"turns":5.0},{"damage":1.0,"enemies":"Chosen","floor":20.0,"turns":3.0},{"damage":34.0,"enemies":"Book of Stabbing","floor":24.0,"turns":5.0},{"damage":25.0,"enemies":"Snake Plant","floor":27.0,"turns":4.0},{"damage":30.0,"enemies":"Slavers","floor":31.0,"turns":7.0},{"damage":12,"enemies":"Champ","floor":33,"turns":7},{"damage":31,"enemies":"3 Shapes","floor":35,"turns":3},{"damage":38,"enemies":"3 Darklings","floor":36,"turns":7},{"damage":22,"enemies":"Jaw Worm Horde","floor":39,"turns":4}],"seed_played":"-4208730156262279912","potions_obtained":[{"floor":1.0,"key":"Strength Potion"},{"floor":2.0,"key":"Block Potion"},{"floor":16.0,"key":"DuplicationPotion"},{"floor":31.0,"key":"AttackPotion"},{"floor":35,"key":"Strength Potion"},{"floor":36,"key":"ColorlessPotion"}],"is_trial":false,"path_per_floor":["M","M","?","?","?","R","M","R","T","R","M","M","R","?","R","B",null,"M","?","M","?","$","R","E","R","T","M","R","$","?","E","R","B",null,"M","M","?","$","M"],"character_chosen":"DEFECT","items_purchased":["Apotheosis","Turbo","Runic Capacitor","Membership Card"],"campfire_rested":4,"item_purchase_floors":[22,22,29,38],"current_hp_per_floor":[73,72,72,77,70,70,70,70,70,70,70,70,70,56,56,35,80,73,57,56,56,56,80,46,70,70,45,69,69,69,39,63,51,80,49,11,11,11,0,0],"gold":36,"neow_bonus":"TRANSFORM_CARD","is_daily":false,"chose_seed":false,"campfire_upgraded":5,"win_rate":0.0,"timestamp":1609822960,"path_taken":["M","M","?","?","?","R","M","R","T","R","M","M","R","?","R","BOSS","M","?","M","?","$","R","E","R","T","M","R","$","?","E","R","BOSS","M","M","?","$","M"],"items_purchased_type":["Card","Card","Relic","Relic"],"build_version":"2020-12-22","purchased_purges":0,"victory":false,"max_hp_per_floor":[75,75,75,80,80,80,80,80,80,80,80,80,80,80,80,80,80,80,80,80,80,80,80,80,80,80,80,80,80,80,80,80,80,80,80,80,80,80,80,80],"card_choices":[{"not_picked":["Heatsinks","Cold Snap"],"picked":"Stack","floor":1.0},{"not_picked":["Hologram","Steam"],"picked":"Cold Snap","floor":2.0},{"not_picked":["Chaos","Redo"],"picked":"Auto Shields","floor":7.0},{"not_picked":["Ball Lightning","Chaos"],"picked":"Echo Form","floor":11.0},{"not_picked":["Chill","Scrape"],"picked":"Defragment","floor":12.0},{"not_picked":["Capacitor","Ball Lightning"],"picked":"Glacier","floor":14.0},{"not_picked":["Hyperbeam","Thunder Strike"],"picked":"Machine Learning","floor":16.0},{"not_picked":["Beam Cell","Compile Driver"],"picked":"Reinforced Body","floor":18.0},{"not_picked":["Cold Snap","Ball Lightning"],"picked":"Conserve Battery+1","floor":20.0},{"not_picked":["Cold Snap+1","Force Field"],"picked":"Seek","floor":24.0},{"not_picked":["Auto Shields","Go for the Eyes","Sweeping Beam"],"picked":"SKIP","floor":27.0},{"not_picked":["Echo Form","Redo+1"],"picked":"Reboot","floor":31.0},{"not_picked":["Echo Form","Machine Learning"],"picked":"Meteor Strike","floor":33},{"not_picked":["Cold Snap","Gash"],"picked":"Hologram","floor":35},{"not_picked":["Stack","Chaos+1"],"picked":"Capacitor+1","floor":36}],"player_experience":126742,"relics_obtained":[{"floor":9.0,"key":"DataDisk"},{"floor":14.0,"key":"Odd Mushroom"},{"floor":19.0,"key":"Nilry\u0027s Codex"},{"floor":24.0,"key":"Mercury Hourglass"},{"floor":26.0,"key":"Bag of Marbles"},{"floor":31.0,"key":"StoneCalendar"}],"event_choices":[{"cards_removed":["Strike_B"],"damage_healed":0.0,"max_hp_gain":0.0,"max_hp_loss":0.0,"gold_gain":0.0,"event_name":"The Cleric","player_choice":"Card Removal","floor":3.0,"gold_loss":50.0,"damage_taken":0.0},{"damage_healed":0.0,"max_hp_gain":5.0,"max_hp_loss":0.0,"gold_gain":0.0,"event_name":"Big Fish","player_choice":"Donut","floor":4.0,"gold_loss":0.0,"damage_taken":0.0},{"damage_healed":0.0,"max_hp_gain":0.0,"max_hp_loss":0.0,"gold_gain":0.0,"event_name":"Scrap Ooze","player_choice":"Success","floor":5.0,"gold_loss":0.0,"damage_taken":7.0,"relics_obtained":["Omamori"]},{"damage_healed":0.0,"max_hp_gain":0.0,"max_hp_loss":0.0,"gold_gain":0.0,"event_name":"Mushrooms","player_choice":"Fought Mushrooms","floor":14.0,"gold_loss":0.0,"damage_taken":0.0},{"damage_healed":0.0,"max_hp_gain":0.0,"max_hp_loss":0.0,"gold_gain":0.0,"event_name":"Cursed Tome","player_choice":"Obtained Book","floor":19.0,"gold_loss":0.0,"damage_taken":16.0},{"damage_healed":0.0,"max_hp_gain":0.0,"max_hp_loss":0.0,"gold_gain":0.0,"cards_transformed":["Hyperbeam","Hello World"],"event_name":"Drug Dealer","player_choice":"Became Test Subject","floor":21.0,"gold_loss":0.0,"damage_taken":0.0,"cards_obtained":["Rip and Tear","Steam"]},{"damage_healed":0.0,"max_hp_gain":0.0,"max_hp_loss":0.0,"gold_gain":0.0,"event_name":"The Library","player_choice":"Read","floor":30.0,"gold_loss":0.0,"damage_taken":0.0,"cards_obtained":["White Noise"]},{"cards_removed":["Streamline"],"damage_healed":0,"gold_gain":0,"player_choice":"Removed Attack","damage_taken":0,"max_hp_gain":0,"max_hp_loss":0,"event_name":"Falling","floor":37,"gold_loss":0}],"is_beta":false,"boss_relics":[{"not_picked":["Black Star","Ectoplasm"],"picked":"Astrolabe"},{"not_picked":["Runic Pyramid","Fusion Hammer"],"picked":"Inserter"}],"items_purged_floors":[],"is_endless":false,"potions_floor_spawned":[1,2,16,31,35,36],"killed_by":"Jaw Worm Horde","ascension_level":2}}