{"host":"ic2t2jxz7s3jvs1m","time":1609851703,"event":{"mods":["AchievementEnabler","Aspiration","BaseMod","Better Third Choice","Block Reminder","Colored Map","Conspire","Curses Come First","Downfall","Energized Spire","Halation","Hubris","Infinite Spire","Jess\u0027s Bottle","Minty Spire (QoL Compilation)","Quick Restart","Relic Stats","Replay The Spire","SacredBarkPlus","Small Relic Pack","StSLib","The Blue Laboratory","Trackpad","Transform Curses","Uncapped","vexMod"],"gold_per_floor":[116,116,116,116,131,161,181,200,200,234,250,264,264,58,58,153,153,164,164,179,189,189,189,189,189,189,189,203,203,231,5,5,107,107,133,133,152,177,177,177,200,175,244,244,277,277,313,313,313,313],"floor_reached":51,"playtime":6338,"items_purged":[],"score":702,"play_id":"a40e3f89-7f5c-4506-a774-ffb226cff711","local_time":"20210105070143","is_ascension_mode":false,"campfire_choices":[{"floor":13.0,"key":"REST"},{"floor":15.0,"key":"REST"},{"floor":23.0,"key":"REST"},{"floor":24.0,"key":"REST"},{"floor":27.0,"key":"REST"},{"floor":32.0,"key":"REST"},{"floor":40.0,"key":"REST"},{"data":"DevaForm","floor":44.0,"key":"SMITH"},{"data":"hubris:InfiniteBlow+16","floor":49.0,"key":"SMITH"}],"circlet_count":0,"master_deck":["Replay:Bag of Tricks+1","Survivor","Neutralize","Acrobatics","ReplaySort+1","DevaForm+1","Cloak And Dagger","Storm of Steel","Blade Dance","Deadly Poison","Unload","conspire:DoublingDagger","PiercingWail","Catalyst+1","Deadly Poison+1","Bane+1","Deflect+1","Terror","hubris:InfiniteBlow+33","ReplayTheSpireMod:Scrap Shanks","Replay:Poison Smokescreen","Tools of the Trade","Phantasmal Killer","Poison Darts","ReplayTheSpireMod:The Works","Backstab","Concentrate","hubris:Counter","Bullet Time","Doppelganger","Dagger Spray","Heel Hook","Concentrate+1","Prepared","Outmaneuver+1","Dash+1","Sucker Punch+1","Infinite Blades+1"],"relics":["Ring of the Snake","aspiration:Nostalgia","m_BurningSludge","PreservedInsect","trackpad:GuardianSpirit","halation:PinkSoulGem","aspiration:StickyExplosives_weak","Pear","halation:QuantumPhysicsTextbook","trackpad:AdjectivePendant","hubris:RunicObelisk","hubris:Towel","conspire:InfiniteJournal","Ice Cream","Potion Belt","halation:Prosthetics","halation:OrihimeAndHikoboshiSamaAndTears","hubris:SlimyHat","infinitespire:EvilPickle","Pandora\u0027s Box","Unceasing Top","Bag of Marbles","hubris:TinFlute","halation:PapillonHeart"],"acts_visited":["Exordium","TheCity","TheBeyond"],"potions_floor_usage":[],"damage_taken":[{"damage":0.0,"enemies":"Jaw Worm","floor":1.0,"turns":3.0},{"damage":5.0,"enemies":"2 Louse","floor":5.0,"turns":4.0},{"damage":12.0,"enemies":"3 Sentries","floor":6.0,"turns":7.0},{"damage":0.0,"enemies":"Small Slimes","floor":7.0,"turns":4.0},{"damage":2.0,"enemies":"Looter","floor":8.0,"turns":4.0},{"damage":11.0,"enemies":"Gremlin Nob","floor":10.0,"turns":3.0},{"damage":7.0,"enemies":"Lots of Slimes","floor":11.0,"turns":4.0},{"damage":1.0,"enemies":"2 Fungi Beasts","floor":12.0,"turns":3.0},{"damage":25.0,"enemies":"Fading Forest","floor":16.0,"turns":11.0},{"damage":48.0,"enemies":"Spheric Guardian","floor":18.0,"turns":8.0},{"damage":11.0,"enemies":"Shell Parasite","floor":20.0,"turns":4.0},{"damage":15.0,"enemies":"conspire:HollyBat","floor":21.0,"turns":7.0},{"damage":21.0,"enemies":"Cultist and Chosen","floor":28.0,"turns":5.0},{"damage":27.0,"enemies":"Book of Stabbing","floor":30.0,"turns":5.0},{"damage":13.0,"enemies":"Pondfish","floor":33.0,"turns":8.0},{"damage":3.0,"enemies":"3 Shapes","floor":35.0,"turns":3.0},{"damage":10.0,"enemies":"Orb Walker","floor":37.0,"turns":3.0},{"damage":0.0,"enemies":"Spire Growth","floor":38.0,"turns":2.0},{"damage":4.0,"enemies":"4 Shapes","floor":41.0,"turns":7.0},{"damage":8.0,"enemies":"Writhing Mass","floor":45.0,"turns":2.0},{"damage":0.0,"enemies":"Transient","floor":47.0,"turns":5.0},{"damage":0,"enemies":"Replay:Hell Engine","floor":50,"turns":1}],"seed_played":"7757896778118193910","potions_obtained":[{"floor":1.0,"key":"Fire Potion"},{"floor":7.0,"key":"blueLaboratory:RememoryPotion"},{"floor":20.0,"key":"ColorlessPotion"},{"floor":33.0,"key":"blueLaboratory:ForbiddenFruitJuice"},{"floor":37.0,"key":"blueLaboratory:HeartbeatPotion"},{"floor":38.0,"key":"blueLaboratory:NinjaPotion"},{"floor":45.0,"key":"Death Potion"}],"is_trial":false,"path_per_floor":["M","?","?","?","M","E","M","M","T","E","M","M","R","$","R_BF","B",null,"M","?","M","M","?","R","R","T","T","R","M","AVR","E","$","R","B",null,"M","?","M","M","AVR","R","M","?","T","R","M","HB","M","?","R","B",null],"character_chosen":"THE_SILENT","items_purchased":["trackpad:AdjectivePendant","Catalyst+1","hubris:SlimyHat","Replay:Poison Smokescreen"],"campfire_rested":7,"item_purchase_floors":[14,14,31,31],"current_hp_per_floor":[70,42,42,35,30,18,18,16,26,15,8,7,31,31,55,43,80,32,32,24,12,12,36,60,60,60,80,59,45,18,18,31,21,45,42,42,35,38,38,45,41,41,41,41,36,23,23,22,22,22],"gold":313,"neow_bonus":"NOSTALGIA","is_daily":false,"chose_seed":false,"campfire_upgraded":2,"win_rate":0.0,"timestamp":1609851703,"path_taken":["M","?","?","?","M","E","M","M","T","E","?","M","R","$","R_BF","BOSS","M","?","M","?","?","R","R","?","T","R","M","AVR","E","$","R","BOSS","M","?","?","?","AVR","R","M","?","T","R","M","HB","M","?","R","BOSS"],"items_purchased_type":["Relic","Card","Relic","Card"],"build_version":"2020-12-22","purchased_purges":0,"victory":true,"max_hp_per_floor":[70,70,70,70,70,70,70,70,80,80,80,80,80,80,80,80,80,80,80,80,80,80,80,80,80,80,80,80,45,45,45,45,45,45,45,45,45,45,45,45,45,45,45,45,45,23,23,22,22,22],"relic_stats":{"counters":[22,102],"Pandora\u0027s Box":["Phantasmal Killer","Poison Darts","ReplayTheSpireMod:The Works","Backstab","Concentrate","hubris:Counter","Bullet Time","Doppelganger","Dagger Spray","Heel Hook"],"PreservedInsect":92,"obtain_stats":[{"trackpad:GuardianSpirit":2,"Ice Cream":26,"Potion Belt":29,"halation:OrihimeAndHikoboshiSamaAndTears":30,"halation:PapillonHeart":48,"Pear":9,"halation:QuantumPhysicsTextbook":10,"aspiration:Nostalgia":0,"PreservedInsect":2,"hubris:SlimyHat":31,"hubris:RunicObelisk":17,"hubris:Towel":22,"halation:Prosthetics":29,"aspiration:StickyExplosives_weak":6,"conspire:InfiniteJournal":25,"infinitespire:EvilPickle":33,"Pandora\u0027s Box":34,"Bag of Marbles":42,"trackpad:AdjectivePendant":14,"halation:PinkSoulGem":3,"Unceasing Top":39,"hubris:TinFlute":43,"Ring of the Snake":0,"m_BurningSludge":0},{"trackpad:GuardianSpirit":1,"Ice Cream":12,"Potion Belt":13,"halation:OrihimeAndHikoboshiSamaAndTears":14,"halation:PapillonHeart":21,"Pear":5,"halation:QuantumPhysicsTextbook":6,"aspiration:Nostalgia":0,"PreservedInsect":1,"hubris:SlimyHat":14,"hubris:RunicObelisk":9,"hubris:Towel":12,"halation:Prosthetics":13,"aspiration:StickyExplosives_weak":3,"conspire:InfiniteJournal":12,"infinitespire:EvilPickle":15,"Pandora\u0027s Box":15,"Bag of Marbles":19,"trackpad:AdjectivePendant":8,"halation:PinkSoulGem":1,"Unceasing Top":18,"hubris:TinFlute":19,"Ring of the Snake":0,"m_BurningSludge":0},{"trackpad:GuardianSpirit":3,"Ice Cream":61,"Potion Belt":66,"halation:OrihimeAndHikoboshiSamaAndTears":71,"halation:PapillonHeart":101,"Pear":21,"halation:QuantumPhysicsTextbook":24,"aspiration:Nostalgia":0,"PreservedInsect":3,"hubris:SlimyHat":71,"hubris:RunicObelisk":42,"hubris:Towel":61,"halation:Prosthetics":66,"aspiration:StickyExplosives_weak":14,"conspire:InfiniteJournal":61,"infinitespire:EvilPickle":79,"Pandora\u0027s Box":79,"Bag of Marbles":94,"trackpad:AdjectivePendant":31,"halation:PinkSoulGem":3,"Unceasing Top":87,"hubris:TinFlute":94,"Ring of the Snake":0,"m_BurningSludge":0}],"Unceasing Top":[20],"Ring of the Snake":[44]},"card_choices":[{"not_picked":["Eviscerate","Poisoned Stab"],"picked":"Acrobatics","floor":1.0},{"not_picked":["Poisoned Stab","Dagger Spray"],"picked":"Cloak And Dagger","floor":5.0},{"not_picked":["Twin Strike","Poisoned Stab"],"picked":"Storm of Steel","floor":6.0},{"not_picked":["Flying Knee","Dagger Throw"],"picked":"Blade Dance","floor":7.0},{"not_picked":["Underhanded Strike","Hidden Blade"],"picked":"Deadly Poison","floor":8.0},{"not_picked":["Poisoned Stab","Dagger Spray"],"picked":"Unload","floor":10.0},{"not_picked":["Distraction","Heel Hook"],"picked":"conspire:DoublingDagger","floor":11.0},{"not_picked":["Dagger Spray","Underhanded Strike"],"picked":"PiercingWail","floor":12.0},{"not_picked":["Bullet Time","Glass Knife"],"picked":"Reaper","floor":16.0},{"not_picked":["Dagger Spray","Dagger Throw+1"],"picked":"Deadly Poison+1","floor":18.0},{"not_picked":["Endless Agony","Flechettes"],"picked":"Bane+1","floor":20.0},{"not_picked":["Blade Dance+1","hubris:SlightOfHand+1"],"picked":"Deflect+1","floor":21.0},{"not_picked":["Dagger Throw","Dagger Spray"],"picked":"Terror","floor":28.0},{"not_picked":["Hidden Blade","hubris:TrickCloak"],"picked":"ReplayTheSpireMod:Scrap Shanks","floor":30.0},{"not_picked":["Poison Darts","Wraith Form v2"],"picked":"Tools of the Trade","floor":33.0},{"not_picked":["Deadly Poison+1","Toxin Wave+1"],"picked":"Concentrate+1","floor":35.0},{"not_picked":["Sucker Punch","Underhanded Strike"],"picked":"Prepared","floor":37.0},{"not_picked":["Dagger Throw+1","Cloak And Dagger"],"picked":"Outmaneuver+1","floor":38.0},{"not_picked":["conspire:PoisonWeapons","Prepared+1"],"picked":"Dash+1","floor":41.0},{"not_picked":["ReplayTheSpireMod:Tripwire","PiercingWail"],"picked":"Sucker Punch+1","floor":45.0},{"not_picked":["Corpse Explosion","Eviscerate"],"picked":"Infinite Blades+1","floor":47.0}],"player_experience":289008,"relics_obtained":[{"floor":6.0,"key":"aspiration:StickyExplosives_weak"},{"floor":9.0,"key":"Pear"},{"floor":10.0,"key":"halation:QuantumPhysicsTextbook"},{"floor":25.0,"key":"conspire:InfiniteJournal"},{"floor":26.0,"key":"Ice Cream"},{"floor":30.0,"key":"halation:OrihimeAndHikoboshiSamaAndTears"},{"floor":43.0,"key":"hubris:TinFlute"}],"event_choices":[{"damage_healed":0.0,"max_hp_gain":0.0,"max_hp_loss":0.0,"gold_gain":0.0,"event_name":"Wheel of Change","player_choice":"Damaged","floor":4.0,"gold_loss":0.0,"damage_taken":7.0},{"cards_removed":["Reaper"],"damage_healed":0.0,"max_hp_gain":0.0,"max_hp_loss":0.0,"gold_gain":0.0,"event_name":"Purifier","player_choice":"Purged","floor":19.0,"gold_loss":0.0,"damage_taken":0.0},{"damage_healed":0.0,"max_hp_gain":0.0,"max_hp_loss":0.0,"gold_gain":0.0,"event_name":"NoteForYourself","player_choice":"Ignored","floor":36.0,"gold_loss":0.0,"damage_taken":0.0}],"is_beta":false,"boss_relics":[{"not_picked":["vexMod:FluxCapacitor","energizedSpire:NeverEndingSparkler"],"picked":"hubris:RunicObelisk"},{"not_picked":["hubris:GrandSneckoEye","vexMod:RockOfEvil"],"picked":"Pandora\u0027s Box"}],"items_purged_floors":[],"is_endless":false,"potions_floor_spawned":[1,7,10,20,21,33,37,38,45],"ascension_level":0}}