{"host":"qswkx8hggytna0kc","time":1609831177,"event":{"mods":["Aspiration","BaseMod","BetterRewards","Colored Map","Colored Powertips","Highlight Path","Hubris","Mimic Mod","Minty Spire (QoL Compilation)","Quick Restart","Replay The Spire","StSLib","SuperFastMode"],"gold_per_floor":[118,130,130,142,157,177,202,221,236,286,301,301,301,301,320,320,422,422,434,444,460,476,476,476,506,506,506,523,523,534,534,1,1,97,97,112,130,147,163,182,216,236,266,333,333,373,473,473,514,514,540,540],"floor_reached":51,"playtime":2887,"items_purged":["Strike_B"],"score":968,"play_id":"80925197-c631-42b9-83d6-f1ff69cb5c48","local_time":"20210105151937","is_ascension_mode":true,"campfire_choices":[{"floor":16,"key":"REST"},{"data":"Double Energy","floor":29,"key":"SMITH"},{"data":"Scrape","floor":31,"key":"SMITH"},{"data":"ReplayReversal","floor":33,"key":"SMITH"},{"floor":45,"key":"RECALL"},{"data":"A Thousand Cuts","floor":48,"key":"SMITH"},{"data":"Zap","floor":50,"key":"PURGE"}],"circlet_count":0,"master_deck":["Defend_B","Defend_B","Defend_B","Defend_B","Dualcast","Neutralize","Defend_P","Chill","Gash","Steam","Seek","Redo","Panic Button","Steam Power","Scrape+1","Turbo","Stack","Beam Cell","Conserve Battery","Core Surge","Mirror Shield","Genetic Algorithm+1","Gash","Beam Cell","Panic Button+1","Redo+1","Turbo","Stack+1","Bite","Bite","Bite","Bite","Bite","Double Energy+1","ReplayReversal+1","Midas Touch","JustLucky","A Thousand Cuts+1","Hologram+1","Secret Weapon","Flash of Steel+1","ReplayTheSpireMod:The Works+1","Flash of Steel+1","Jack Of All Trades","ReplayTheSpireMod:System Scan","Battle Trance+1","Bandage Up+1","Panic Button","Offering","JustLucky+1","Die Die Die"],"relics":["Cracked Core","Prayer Wheel","aspiration:FrozenJewel","Dream Catcher","Runic Capacitor","Replay:Drink Me","PrismaticShard","Prayer Wheel","Peace Pipe","Cables","Calipers","hubris:VirtuousBlindfold","White Beast Statue","Replay:Bandana"],"acts_visited":["Exordium","TheCity","TheBeyond"],"potions_floor_usage":[12,51,51],"damage_taken":[{"damage":7.0,"enemies":"Cultist","floor":1.0,"turns":4.0},{"damage":0.0,"enemies":"Small Slimes","floor":2.0,"turns":2.0},{"damage":1.0,"enemies":"2 Fungi Beasts","floor":4.0,"turns":4.0},{"damage":1.0,"enemies":"Looter","floor":5.0,"turns":3.0},{"damage":0.0,"enemies":"Exordium Wildlife","floor":6.0,"turns":6.0},{"damage":18.0,"enemies":"3 Sentries","floor":7.0,"turns":10.0},{"damage":0.0,"enemies":"Gremlin Gang","floor":8.0,"turns":6.0},{"damage":0,"enemies":"Looter","floor":9,"turns":4},{"damage":0,"enemies":"3 Louse","floor":11,"turns":3},{"damage":0,"enemies":"Gremlin Gang","floor":12,"turns":3},{"damage":0,"enemies":"Blue Slaver","floor":15,"turns":3},{"damage":19,"enemies":"Fading Forest","floor":17,"turns":11},{"damage":0,"enemies":"2 Thieves","floor":19,"turns":4},{"damage":0,"enemies":"Spheric Guardian","floor":20,"turns":4},{"damage":0,"enemies":"Centurion and Healer","floor":21,"turns":8},{"damage":1,"enemies":"Chosen and Byrds","floor":22,"turns":7},{"damage":3,"enemies":"Slavers","floor":25,"turns":7},{"damage":10,"enemies":"Snake Plant","floor":28,"turns":7},{"damage":0,"enemies":"Sentry and Sphere","floor":30,"turns":5},{"damage":0,"enemies":"Collector","floor":34,"turns":10},{"damage":0,"enemies":"Orb Walker","floor":36,"turns":4},{"damage":0,"enemies":"3 Shapes","floor":37,"turns":3},{"damage":0,"enemies":"Maw","floor":38,"turns":6},{"damage":0,"enemies":"Spire Growth","floor":39,"turns":4},{"damage":0,"enemies":"Jaw Worm Horde","floor":40,"turns":3},{"damage":0,"enemies":"Giant Head","floor":41,"turns":9},{"damage":0,"enemies":"4 Shapes","floor":42,"turns":4},{"damage":0,"enemies":"Nemesis","floor":43,"turns":5},{"damage":6,"enemies":"Writhing Mass","floor":44,"turns":3},{"damage":6,"enemies":"Writhing Mass","floor":46,"turns":5},{"damage":6,"enemies":"Maw","floor":49,"turns":5},{"damage":68,"enemies":"Time Eater","floor":51,"turns":10}],"seed_played":"-6143892800702223014","potions_obtained":[{"floor":1.0,"key":"EssenceOfSteel"},{"floor":7.0,"key":"FearPotion"},{"floor":8.0,"key":"SmokeBomb"},{"floor":17,"key":"SkillPotion"},{"floor":19,"key":"Energy Potion"},{"floor":28,"key":"Block Potion"},{"floor":36,"key":"PowerPotion"},{"floor":37,"key":"LiquidMemories"}],"is_trial":false,"path_per_floor":["M","M","M","M","M","M","E","M","M","T","M","M","$","$","M","R_BF","B",null,"M","M","M","M","?","?","E","?","T","M","R","M","R","$","R","B",null,"M","M","M","M","M","E","M","E","MIM","R","M","?","R","M","R_BF","B"],"character_chosen":"DEFECT","items_purchased":["Runic Capacitor","Cables","Calipers"],"campfire_rested":1,"item_purchase_floors":[13,32,32],"current_hp_per_floor":[61,61,61,60,59,59,41,41,41,41,41,41,26,26,26,48,49,55,55,55,55,54,54,46,43,39,39,35,35,39,39,39,39,39,39,39,39,39,39,39,39,39,39,39,39,39,39,39,39,39,0,0],"gold":540,"neow_bonus":"THREE_RARE_CARDS","is_daily":false,"chose_seed":false,"campfire_upgraded":4,"win_rate":0.0,"timestamp":1609831177,"path_taken":["M","M","M","M","M","M","E","M","M","T","M","M","?","?","M","R_BF","BOSS","M","M","M","M","?","?","E","?","T","M","R","M","R","$","R","BOSS","M","M","M","M","M","E","M","E","MIM","R","M","?","R","?","R_BF","BOSS"],"items_purchased_type":["Relic","Relic","Relic"],"build_version":"2020-12-22","purchased_purges":1,"victory":false,"max_hp_per_floor":[75,75,75,75,75,75,75,75,75,75,75,75,75,75,75,75,75,57,57,57,57,57,57,57,57,39,39,39,39,39,39,39,39,39,39,39,39,39,39,39,39,39,39,39,39,39,39,39,39,39,39,39],"card_choices":[{"not_picked":["Rainbow","Seek"],"picked":"ReplayTheSpireMod:Fabricate Wheel","floor":0.0},{"not_picked":["Hologram","Barrage"],"picked":"Chill","floor":1.0},{"not_picked":["Chaos","BasicCrystalCard"],"picked":"Gash","floor":1.0},{"not_picked":["Leap","Darkness"],"picked":"Steam","floor":2.0},{"not_picked":["Hologram","Darkness","Coolheaded"],"picked":"SKIP","floor":2.0},{"not_picked":["Stack","Rebound"],"picked":"Seek","floor":4.0},{"not_picked":["BasicCrystalCard","Melter","Tempest"],"picked":"SKIP","floor":4.0},{"not_picked":["hubris:PowerSurge","aspiration:Polymerization"],"picked":"Redo","floor":5.0},{"not_picked":["Cold Snap","Chaos","Melter"],"picked":"SKIP","floor":5.0},{"not_picked":["aspiration:Polymerization","Reinforced Body"],"picked":"Panic Button","floor":6.0},{"not_picked":["Sweeping Beam","Barrage"],"picked":"Steam Power","floor":6.0},{"not_picked":["ReplayTheSpireMod:Reroute Power","Tempest"],"picked":"Scrape","floor":7.0},{"not_picked":["BasicCrystalCard","Melter"],"picked":"Turbo","floor":8.0},{"not_picked":["ReplayRNGCard","Turbo","Ball Lightning"],"picked":"SKIP","floor":8.0},{"not_picked":["Capacitor","Compile Driver"],"picked":"Stack","floor":9},{"not_picked":["Compile Driver","Redo","Double Energy"],"picked":"SKIP","floor":9},{"not_picked":["Barrage","Turbo"],"picked":"Beam Cell","floor":11},{"not_picked":["Steam","Tempest","Leap"],"picked":"SKIP","floor":11},{"not_picked":["Auto Shields","Compile Driver"],"picked":"Conserve Battery","floor":15},{"not_picked":["FIFO Queue","Leap","Cold Snap"],"picked":"SKIP","floor":15},{"not_picked":["Cold Snap","FIFO Queue"],"picked":"Core Surge","floor":16},{"not_picked":["ReplayRNGCard","Buffer"],"picked":"Mirror Shield","floor":17},{"not_picked":["Redo+1","FIFO Queue"],"picked":"Genetic Algorithm+1","floor":19},{"not_picked":["Conserve Battery+1","BasicCrystalCard","Glacier"],"picked":"SKIP","floor":19},{"not_picked":["Auto Shields+1","Cold Snap"],"picked":"Gash","floor":20},{"not_picked":["Chaos","Skim+1"],"picked":"Beam Cell","floor":20},{"not_picked":["Leap+1","Hologram"],"picked":"Panic Button+1","floor":21},{"not_picked":["BootSequence","Multi-Cast"],"picked":"Redo+1","floor":21},{"not_picked":["Beam Cell","BasicCrystalCard"],"picked":"Turbo","floor":22},{"not_picked":["ReplaySolidLightProjector","Storm"],"picked":"Stack+1","floor":22},{"not_picked":["ReplayTheSpireMod:Limb From Limb","Hemogenesis","ClearTheMind"],"picked":"SKIP","floor":25},{"not_picked":["Rebound","Carnage+1"],"picked":"Double Energy","floor":28},{"not_picked":["Shrug It Off+1","Wild Strike","Bloodletting"],"picked":"SKIP","floor":28},{"not_picked":["ReplayReversal","Entrench+1","Leg Sweep"],"picked":"SKIP","floor":28},{"not_picked":["Entrench+1","Leg Sweep"],"picked":"ReplayReversal","floor":28},{"not_picked":["Shrug It Off+1","Wild Strike","Bloodletting"],"picked":"SKIP","floor":28},{"not_picked":["Shrug It Off+1","Wild Strike","Bloodletting"],"picked":"SKIP","floor":28},{"not_picked":["ReplayTheSpireMod:Strike From Hell","Deadly Poison"],"picked":"Midas Touch","floor":30},{"not_picked":["EmptyFist","Enlightenment"],"picked":"JustLucky","floor":30},{"not_picked":["Compile Driver","Flex","Armaments"],"picked":"SKIP","floor":30},{"not_picked":["Wraith Form v2","Panache"],"picked":"A Thousand Cuts","floor":34},{"not_picked":["Redo+1","Iron Wave"],"picked":"Hologram+1","floor":36},{"not_picked":["Steam","Sucker Punch+1","Reckless Charge"],"picked":"SKIP","floor":36},{"not_picked":["BasicCrystalCard","Dodge and Roll","Flex"],"picked":"SKIP","floor":36},{"not_picked":["Blade Dance","Dagger Spray+1"],"picked":"Secret Weapon","floor":37},{"not_picked":["Metallicize+1","Wallop"],"picked":"Flash of Steel+1","floor":37},{"not_picked":["Leap","Caltrops+1"],"picked":"ReplayTheSpireMod:The Works+1","floor":37},{"not_picked":["Storm+1","Cleave+1"],"picked":"Flash of Steel+1","floor":38},{"not_picked":["Rupture","Deadly Poison"],"picked":"Jack Of All Trades","floor":38},{"not_picked":["SignatureMove","Ball Lightning","FIFO Queue+1"],"picked":"SKIP","floor":38},{"not_picked":["Pommel Strike+1","Replay:AtTheReady+1"],"picked":"ReplayTheSpireMod:System Scan","floor":39},{"not_picked":["Poisoned Stab+1","Protect","Iron Wave+1"],"picked":"SKIP","floor":39},{"not_picked":["Clash+1","Ghostly Armor+1","Whirlwind+1"],"picked":"SKIP","floor":39},{"not_picked":["Eviscerate","Reinforced Body","Replay:Many Hands"],"picked":"SKIP","floor":40},{"not_picked":["Crescendo","Cleave+1","PiercingWail+1"],"picked":"SKIP","floor":40},{"not_picked":["ThirdEye+1","Lockon+1","Adaptation"],"picked":"SKIP","floor":40},{"not_picked":["Thunderclap+1","CutThroughFate+1"],"picked":"Battle Trance+1","floor":41},{"not_picked":["ClearTheMind","Armaments+1"],"picked":"Bandage Up+1","floor":42},{"not_picked":["Flex","PathToVictory+1"],"picked":"Panic Button","floor":42},{"not_picked":["Halt","Replay:BluntJabs","Lockon+1"],"picked":"SKIP","floor":42},{"not_picked":["Judgement","Deadly Poison"],"picked":"Offering","floor":43},{"not_picked":["Cold Snap+1","Life Link"],"picked":"JustLucky+1","floor":46},{"not_picked":["hubris:Counter","Pommel Strike","Tempest"],"picked":"SKIP","floor":46},{"not_picked":["Leap","SashWhip","Streamline+1"],"picked":"SKIP","floor":46},{"not_picked":["ThirdEye","Pommel Strike+1"],"picked":"Die Die Die","floor":49},{"not_picked":["Replay:Sssssssssshield","Prostrate","hubris:Prefetch"],"picked":"SKIP","floor":49},{"not_picked":["Dagger Spray+1","Poisoned Stab+1","Reprogram+1"],"picked":"SKIP","floor":49}],"player_experience":223727,"relics_obtained":[{"floor":7.0,"key":"aspiration:FrozenJewel"},{"floor":10,"key":"Dream Catcher"},{"floor":24,"key":"PrismaticShard"},{"floor":25,"key":"Prayer Wheel"},{"floor":27,"key":"Peace Pipe"},{"floor":41,"key":"White Beast Statue"},{"floor":43,"key":"Replay:Bandana"}],"event_choices":[{"damage_healed":0,"gold_gain":0,"player_choice":"Became a vampire","damage_taken":0,"max_hp_gain":0,"max_hp_loss":18,"event_name":"Vampires","floor":26,"gold_loss":0,"cards_obtained":["Bite","Bite","Bite","Bite","Bite"]},{"damage_healed":0,"gold_gain":100,"player_choice":"Pray","damage_taken":0,"max_hp_gain":0,"max_hp_loss":0,"event_name":"Golden Shrine","floor":47,"gold_loss":0}],"is_beta":false,"boss_relics":[{"not_picked":["Replay:Grab Bag","hubris:CrackedHourglass"],"picked":"Replay:Drink Me"},{"not_picked":["hubris:HollowSoul","aspiration:BursterCore"],"picked":"hubris:VirtuousBlindfold"}],"items_purged_floors":[13],"is_endless":false,"potions_floor_spawned":[1,7,8,17,19,20,25,28,36,37,40,42,43,44,46,49],"killed_by":"Time Eater","ascension_level":6}}