{"host":"00yob6u0fiu7ehgs","time":1609874182,"event":{"mods":["Act Like it!","Arknights The Spire","Art Attack!","BaseMod","Chen","Colored Powertips","Elementarium","Gensokyo","GifTheSpireLib","Infinite Spire","Jorbs\u0027s Wanderer Trilogy","Koishi","Marisa????????","Minty Spire (QoL Compilation)","Rare Cards Sparkle","Reimu??????","Remilia??????","Replay The Spire","StSLib","The Alterego","The Animator","The Cursed","The Forsaken","The Marked","The Servant 0.9.4","Wandering Minibosses","Yakumo Yukari mod"],"gold_per_floor":[113,128,138,157,157,192,192,220,296,296,296],"floor_reached":10,"playtime":522,"items_purged":[],"score":82,"play_id":"37c3577f-b234-49c0-8294-7f1bae5e4c46","local_time":"20210105121622","is_ascension_mode":true,"campfire_choices":[{"floor":7,"key":"REST"}],"circlet_count":0,"master_deck":["ats:Strike C","ats:Strike G","ats:Strike S","ats:Strike V","ats:Armor Crushing Shot","ats:Defend","ats:Defend","ats:Defend","ats:Defend","ats:Emotion Absorption","ats:Ignite","ats:Explosion Area Strengthen","ats:Shell Defense","ats:Thorns","Voices","animator:Curse_Nutcracker","infinitespire:Collect","ats:Consecutive Shot Auto","ats:Beaten Up"],"relics":["ats:Sanity","NeowsBlessing","ats:Originium","Replay:Wax Seal","Unceasing Top"],"acts_visited":["Exordium"],"potions_floor_usage":[4,10],"damage_taken":[{"damage":0,"enemies":"Cultist","floor":1,"turns":1},{"damage":0,"enemies":"2 Louse","floor":2,"turns":1},{"damage":0,"enemies":"Jaw Worm","floor":3,"turns":1},{"damage":37,"enemies":"Lots of Slimes","floor":4,"turns":6},{"damage":18,"enemies":"Lagavulin","floor":6,"turns":10},{"damage":47,"enemies":"3 Sentries","floor":8,"turns":11},{"damage":60,"enemies":"Gremlin Nob","floor":10,"turns":6}],"seed_played":"-340067172321548153","potions_obtained":[{"floor":3,"key":"ColorlessPotion"},{"floor":6,"key":"Weak Potion"}],"is_trial":false,"path_per_floor":["M","M","M","M","?","E","R","E","T","E"],"character_chosen":"DOCTOR_CLASS","items_purchased":[],"campfire_rested":1,"item_purchase_floors":[],"current_hp_per_floor":[72,72,72,41,41,34,55,14,14,0,0],"gold":296,"neow_bonus":"THREE_ENEMY_KILL","is_daily":false,"chose_seed":false,"campfire_upgraded":0,"win_rate":0.0,"timestamp":1609874182,"path_taken":["M","M","M","?","?","E","R","E","T","E"],"items_purchased_type":[],"build_version":"2020-12-22","purchased_purges":0,"victory":false,"max_hp_per_floor":[72,72,72,72,72,72,72,72,72,72,72],"card_choices":[{"not_picked":["ats:Revitalization","ats:Shell Defense"],"picked":"ats:Ignite","floor":1},{"not_picked":["ats:Shadow Raid","ats:Red Shift"],"picked":"ats:Explosion Area Strengthen","floor":2},{"not_picked":["ats:Poison Spread","ats:Leaping Hammer"],"picked":"ats:Shell Defense","floor":3},{"not_picked":["ats:Explosion Area Strengthen","ats:Assault Order"],"picked":"ats:Thorns","floor":4},{"not_picked":["infinitespire:Execution","ReplayTheSpireMod:Haul"],"picked":"infinitespire:Collect","floor":5},{"not_picked":["ats:Durian","ats:Part Time Job"],"picked":"ats:Consecutive Shot Auto","floor":6},{"not_picked":["ats:Flexible Camouflage","ats:Hammer On"],"picked":"ats:Beaten Up","floor":8}],"player_experience":353385,"relics_obtained":[{"floor":6,"key":"ats:Originium"},{"floor":6,"key":"Replay:Wax Seal"},{"floor":8,"key":"ats:Originium"},{"floor":8,"key":"Unceasing Top"}],"event_choices":[],"is_beta":false,"boss_relics":[],"items_purged_floors":[],"is_endless":false,"potions_floor_spawned":[3,6],"killed_by":"Gremlin Nob","ascension_level":1}}