{"host":"p4zclu0beiy6gkiq","time":1609856889,"event":{"mods":["AchievementEnabler","BaseMod","Bestiary","Colored Map","Colored Powertips","DeckTracker","Minty Spire (QoL Compilation)","Quick Restart","StSLib","SuperFastMode","The Cursed"],"gold_per_floor":[118,118,133,143,68,101,101,1,1,1,19,48,48,68,68,167,167,186,202,202,202],"floor_reached":20,"playtime":1683,"items_purged":["Strike_R","Defend_R"],"score":221,"play_id":"9561de9e-a80b-4628-b7f8-cfa65292e129","local_time":"20210105232809","is_ascension_mode":true,"campfire_choices":[{"data":"Bloodletting","floor":7,"key":"SMITH"},{"data":"Demon Form","floor":10,"key":"SMITH"},{"data":"Fire Breathing","floor":13,"key":"SMITH"},{"data":"Dropkick","floor":15,"key":"SMITH"}],"circlet_count":0,"master_deck":["Strike_R","Strike_R","Strike_R","Strike_R","Defend_R","Defend_R","Defend_R","Bash","Decay","Reaper","Bloodletting+1","Pain","Headbutt","Dropkick+1","Demon Form+1","Fire Breathing+1","Sword Boomerang","Dual Wield+1","Impervious+1","Havoc+1","Sword Boomerang"],"relics":["Burning Blood","WarpedTongs","Eternal Feather","Toxic Egg 2","Nunchaku","Philosopher\u0027s Stone"],"acts_visited":["Exordium","TheCity"],"potions_floor_usage":[6,20,20],"damage_taken":[{"damage":15,"enemies":"Jaw Worm","floor":1,"turns":5},{"damage":10,"enemies":"Cultist","floor":3,"turns":3},{"damage":9,"enemies":"Small Slimes","floor":4,"turns":5},{"damage":32,"enemies":"Lagavulin","floor":6,"turns":7},{"damage":23,"enemies":"2 Fungi Beasts","floor":11,"turns":4},{"damage":36,"enemies":"Gremlin Nob","floor":12,"turns":4},{"damage":19,"enemies":"3 Louse","floor":14,"turns":4},{"damage":28,"enemies":"The Guardian","floor":16,"turns":6},{"damage":65,"enemies":"3 Byrds","floor":18,"turns":5},{"damage":25,"enemies":"Shell Parasite","floor":19,"turns":4},{"damage":17,"enemies":"Snake Plant","floor":20,"turns":3}],"seed_played":"-8219549695139212465","potions_obtained":[{"floor":1,"key":"Strength Potion"},{"floor":12,"key":"LiquidMemories"},{"floor":18,"key":"Strength Potion"}],"is_trial":false,"path_per_floor":["M","?","M","M","$","E","R","$","T","R","M","E","R","M","R","B",null,"M","M","M"],"character_chosen":"IRONCLAD","items_purchased":[],"campfire_rested":0,"item_purchase_floors":[],"current_hp_per_floor":[77,77,76,77,77,51,60,60,60,69,57,27,36,31,40,34,80,29,16,0,0],"gold":202,"neow_bonus":"THREE_RARE_CARDS","is_daily":false,"chose_seed":false,"campfire_upgraded":4,"win_rate":0.0,"timestamp":1609856889,"path_taken":["M","?","M","?","$","E","R","$","T","R","M","E","R","M","R","BOSS","M","M","?"],"items_purchased_type":[],"build_version":"2020-12-22","purchased_purges":2,"victory":false,"max_hp_per_floor":[80,80,80,80,80,80,80,80,80,80,80,80,80,80,80,80,80,80,80,80,80],"card_choices":[{"not_picked":["Impervious","Fiend Fire"],"picked":"Reaper","floor":0},{"not_picked":["Fire Breathing","Sword Boomerang"],"picked":"Bloodletting","floor":1},{"not_picked":["Armaments","Cleave"],"picked":"Headbutt","floor":3},{"not_picked":["Pommel Strike","Cleave"],"picked":"Dropkick","floor":4},{"not_picked":["Thunderclap","Clothesline"],"picked":"Demon Form","floor":6},{"not_picked":["Heavy Blade","Reckless Charge"],"picked":"Fire Breathing","floor":11},{"not_picked":["Entrench+1","Twin Strike"],"picked":"Sword Boomerang","floor":12},{"not_picked":["Thunderclap","Havoc+1"],"picked":"Dual Wield+1","floor":14},{"not_picked":["Bludgeon","Barricade"],"picked":"Impervious+1","floor":16},{"not_picked":["Thunderclap","Body Slam"],"picked":"Havoc+1","floor":18},{"not_picked":["Heavy Blade","Thunderclap"],"picked":"Sword Boomerang","floor":19}],"player_experience":246753,"relics_obtained":[{"floor":6,"key":"Eternal Feather"},{"floor":9,"key":"Toxic Egg 2"},{"floor":12,"key":"Nunchaku"}],"event_choices":[{"damage_healed":0,"gold_gain":0,"player_choice":"Rummage","damage_taken":0,"relics_obtained":["WarpedTongs"],"max_hp_gain":0,"max_hp_loss":0,"event_name":"Accursed Blacksmith","floor":2,"gold_loss":0,"cards_obtained":["Pain"]}],"is_beta":false,"boss_relics":[{"not_picked":["Runic Dome","Snecko Eye"],"picked":"Philosopher\u0027s Stone"}],"items_purged_floors":[5,8],"is_endless":false,"potions_floor_spawned":[1,12,18],"killed_by":"Snake Plant","ascension_level":4}}