{"host":"6qo42zgaknezulyg","time":1609822435,"event":{"mods":["2.2 Compatiblity","BaseMod","Colored Map","Downfall","Keyboard Shortcuts","Minty Spire (QoL Compilation)","Permanent Neow","Quick Restart","StSLib","SuperFastMode"],"gold_per_floor":[99,109,125,125,136,136,136,166,180,194,194,211,211,49,60,161,161,161,171,190,190,209,209,232,242,242,242,242,252,252,263,279,375,375,375,375,375,389,262,279,279,279,154,4,4,4,15,32,51,51],"floor_reached":51,"playtime":2287,"items_purged":["downfall:Icky","bronze:Strike","downfall:Malfunctioning","Injury"],"score":741,"play_id":"cfb91d83-28f6-4a44-9a40-5e6e6445ca74","local_time":"20210105135355","is_ascension_mode":true,"campfire_choices":[{"data":"bronze:Goto","floor":1.0,"key":"SMITH"},{"data":"bronze:SearingBeam","floor":6.0,"key":"SMITH"},{"data":"bronze:SearingBeam+1","floor":11.0,"key":"SMITH"},{"data":"bronze:SearingBeam+2","floor":13.0,"key":"SMITH"},{"data":"bronze:SearingBeam+3","floor":18.0,"key":"SMITH"},{"data":"bronze:SearingBeam+4","floor":23.0,"key":"SMITH"},{"data":"bronze:SearingBeam+5","floor":26.0,"key":"SMITH"},{"data":"bronze:SearingBeam+6","floor":28.0,"key":"SMITH"},{"data":"bronze:SearingBeam+7","floor":30.0,"key":"SMITH"},{"data":"bronze:SearingBeam+8","floor":35.0,"key":"SMITH"},{"data":"bronze:SearingBeam+9","floor":42.0,"key":"SMITH"},{"data":"bronze:SearingBeam+10","floor":46.0,"key":"SMITH"}],"circlet_count":0,"master_deck":["bronze:Defend","bronze:Defend","bronze:Defend","bronze:Defend","bronze:Replicate","bronze:Goto+1","bronze:SearingBeam+11","bronze:FollowUp","bronze:DelayedSlice","bronze:Safeguard","bronze:ChildClass","bronze:GetLatest","bronze:Repulsor+1","bronze:SpaghettiCode","bronze:CutThrough+1","bronze:Flail+1","bronze:Shield+1","bronze:Assembly","bronze:Optimize+1","bronze:ForceShield+1","bronze:MaxOutput+1","bronze:ChildClass","bronze:Shell+1","Parasite","bronze:Invalidate+1"],"relics":["bronze:BronzeCore","Oddly Smooth Stone","Frozen Egg 2","sneckomod:BlankCard","Cursed Key","Strawberry","downfall:KnowingSkull","bronze:MakeshiftBattery","Gremlin Horn","Kunai","bronze:BottledCode"],"acts_visited":["Exordium","TheCity","TheBeyond"],"potions_floor_usage":[50,50,50,50],"damage_taken":[{"damage":0.0,"enemies":"2 Louse","floor":2.0,"turns":3.0},{"damage":0.0,"enemies":"Cultist","floor":3.0,"turns":3.0},{"damage":2.0,"enemies":"Small Slimes","floor":5.0,"turns":4.0},{"damage":19.0,"enemies":"3 Sentries","floor":8.0,"turns":9.0},{"damage":0.0,"enemies":"3 Louse","floor":9.0,"turns":2.0},{"damage":1.0,"enemies":"Exordium Wildlife","floor":10.0,"turns":2.0},{"damage":2.0,"enemies":"Large Slime","floor":12.0,"turns":6.0},{"damage":0.0,"enemies":"downfall:FleeingMerchant","floor":14.0,"turns":4.0},{"damage":5.0,"enemies":"Red Slaver","floor":15.0,"turns":3.0},{"damage":40.0,"enemies":"downfall:Defect","floor":16.0,"turns":10.0},{"damage":0.0,"enemies":"Chosen","floor":19.0,"turns":4.0},{"damage":0.0,"enemies":"Centurion and Healer","floor":20.0,"turns":3.0},{"damage":0.0,"enemies":"3 Cultists","floor":22.0,"turns":4.0},{"damage":12.0,"enemies":"Snake Plant","floor":25.0,"turns":2.0},{"damage":9.0,"enemies":"Shelled Parasite and Fungi","floor":29.0,"turns":4.0},{"damage":2.0,"enemies":"Centurion and Healer","floor":31.0,"turns":3.0},{"damage":0.0,"enemies":"Snecko","floor":32.0,"turns":3.0},{"damage":8.0,"enemies":"downfall:Silent","floor":33.0,"turns":6.0},{"damage":7.0,"enemies":"3 Darklings","floor":38.0,"turns":2.0},{"damage":1.0,"enemies":"downfall:FleeingMerchant","floor":39.0,"turns":4.0},{"damage":1.0,"enemies":"3 Shapes","floor":40.0,"turns":2.0},{"damage":0.0,"enemies":"Maw","floor":47.0,"turns":4.0},{"damage":6.0,"enemies":"Writhing Mass","floor":48.0,"turns":7.0},{"damage":0.0,"enemies":"Jaw Worm Horde","floor":49.0,"turns":2.0},{"damage":10,"enemies":"downfall:Ironclad","floor":50,"turns":6}],"seed_played":"1586417137801903012","potions_obtained":[{"floor":5.0,"key":"Guardian:BlockOnCardUsePotion"},{"floor":8.0,"key":"bronze:FreeFunctionsPotion"},{"floor":15.0,"key":"Dexterity Potion"},{"floor":22.0,"key":"Weak Potion"},{"floor":25.0,"key":"FearPotion"},{"floor":33.0,"key":"PowerPotion"},{"floor":38.0,"key":"PowerPotion"}],"is_trial":false,"path_per_floor":["R","M","M","?","M","R","T","E","M","M","R","M","R","$","M","B",null,"R","M","M","?","M","R","T","M","R","?","R","M","R","M","M","B",null,"R","?","?","M","$","M","T","R","$","$","?","R","M","M","M","B",null],"character_chosen":"THE_AUTOMATON","items_purchased":["bronze:Repulsor+1","bronze:MaxOutput+1","Gremlin Horn"],"campfire_rested":0,"item_purchase_floors":[14,39,39],"current_hp_per_floor":[70,70,70,70,68,68,68,49,49,48,48,46,46,46,41,1,70,70,70,70,70,70,70,77,65,65,58,58,49,49,47,47,39,77,77,77,77,70,69,68,68,68,68,68,67,67,67,61,61,51],"gold":51,"neow_bonus":"RANDOM_COMMON_RELIC","is_daily":false,"chose_seed":false,"campfire_upgraded":12,"win_rate":0.0,"timestamp":1609822435,"path_taken":["R","M","M","?","M","R","T","E","?","?","R","?","R","$","M","BOSS","R","M","M","?","M","R","T","M","R","?","R","M","R","?","M","BOSS","R","?","?","M","$","M","T","R","?","$","?","R","M","M","M","BOSS"],"items_purchased_type":["Card","Card","Relic"],"build_version":"2020-12-22","purchased_purges":4,"victory":true,"max_hp_per_floor":[70,70,70,70,70,70,70,70,70,70,70,70,70,70,70,70,70,70,70,70,70,70,70,77,77,77,77,77,77,77,77,77,77,77,77,77,77,77,77,77,77,77,77,77,67,67,67,67,67,67],"card_choices":[{"not_picked":["bronze:Constructor","bronze:Deprecate"],"picked":"bronze:SearingBeam","floor":2.0},{"not_picked":["bronze:DigitalCarnage","bronze:DelayedGuard"],"picked":"bronze:FollowUp","floor":3.0},{"not_picked":["bronze:Frontload","bronze:BitShift"],"picked":"bronze:DelayedSlice","floor":5.0},{"not_picked":["bronze:BronzeArmor","bronze:FineTuning"],"picked":"bronze:Safeguard","floor":8.0},{"not_picked":["bronze:Terminator","bronze:Backtrace","bronze:Refactor"],"picked":"SKIP","floor":9.0},{"not_picked":["bronze:Terminator","bronze:Backtrace","bronze:Refactor"],"picked":"SKIP","floor":9.0},{"not_picked":["bronze:BitShift","bronze:ClassDefault+1"],"picked":"bronze:ChildClass","floor":10.0},{"not_picked":["bronze:WildBeam","bronze:BronzeArmor"],"picked":"bronze:ForceShield","floor":12.0},{"not_picked":["bronze:Constructor","bronze:OilSpill"],"picked":"bronze:GetLatest","floor":14.0},{"not_picked":["bronze:Overheat","bronze:WildBeam","bronze:Refactor"],"picked":"SKIP","floor":15.0},{"not_picked":["bronze:ShipIt","bronze:CleanCode+1"],"picked":"bronze:SpaghettiCode","floor":16.0},{"not_picked":["bronze:BugBarrage+1","bronze:FineTuning","bronze:DelayedGuard"],"picked":"SKIP","floor":19.0},{"not_picked":["bronze:Terminator+1","bronze:DelayedGuard"],"picked":"bronze:CutThrough+1","floor":20.0},{"not_picked":["bronze:RecursiveStrike","bronze:BugBarrage+1"],"picked":"bronze:Flail+1","floor":22.0},{"not_picked":["bronze:Repulsor+1","bronze:Iterate","bronze:BugBarrage"],"picked":"SKIP","floor":25.0},{"not_picked":["bronze:Overheat+1","bronze:WildBeam"],"picked":"bronze:Shield+1","floor":29.0},{"not_picked":["bronze:Shield","bronze:RecursiveStrike+1","bronze:SearingBeam"],"picked":"SKIP","floor":31.0},{"not_picked":["bronze:BitShift","bronze:Constructor","bronze:Shield"],"picked":"SKIP","floor":32.0},{"not_picked":["bronze:ShipIt","bronze:Mutator+1"],"picked":"bronze:Assembly","floor":33.0},{"not_picked":["bronze:Branch+1","bronze:Iterate"],"picked":"bronze:Optimize+1","floor":38.0},{"not_picked":["bronze:Branch","bronze:HyperBeam"],"picked":"bronze:ForceShield+1","floor":39.0},{"not_picked":["bronze:Repulsor+1","bronze:Deprecate+1"],"picked":"bronze:ChildClass","floor":40.0},{"not_picked":["bronze:Repulsor+1","bronze:MaxOutput+1"],"picked":"bronze:Shell+1","floor":47.0},{"not_picked":["bronze:ChildClass+1","bronze:WhirlingStrike+1"],"picked":"bronze:Invalidate+1","floor":48.0},{"not_picked":["bronze:WhirlingStrike+1","bronze:ChildClass","bronze:CutThrough"],"picked":"SKIP","floor":49.0}],"player_experience":1095172,"relics_obtained":[{"floor":7.0,"key":"Frozen Egg 2"},{"floor":8.0,"key":"sneckomod:BlankCard"},{"floor":24.0,"key":"Strawberry"},{"floor":41.0,"key":"Kunai"}],"event_choices":[{"cards_removed":["bronze:ForceShield"],"damage_healed":0.0,"max_hp_gain":0.0,"max_hp_loss":0.0,"gold_gain":0.0,"event_name":"Falling","player_choice":"Removed Skill","floor":36.0,"gold_loss":0.0,"damage_taken":0.0}],"is_beta":false,"boss_relics":[{"not_picked":["Snecko Eye","Philosopher\u0027s Stone"],"picked":"Cursed Key"},{"not_picked":["SacredBark","Runic Dome"],"picked":"bronze:MakeshiftBattery"}],"items_purged_floors":[14,39,43,44],"is_endless":false,"potions_floor_spawned":[5,8,15,22,25,32,33,38,47],"ascension_level":2}}