{"host":"ig7tc0uedzltt2sr","time":1609827830,"event":{"mods":["BaseMod","Better Twitch Integration","Block Reminder","Colored Map","Colored Powertips","Communication Mod","Current Relic Mod","GifTheSpireLib","HexUI Lib","Minty Spire (QoL Compilation)","Quick Restart","Random Character Button","Rare Cards Sparkle","Relic Sorter","Relic Stats","Slay the Relics Exporter","StSLib","SuperFastMode","Synergy Search","Twitch Decklist","Twitch Utils","everything is the same but u backflip on backflip","slay the spire mod where everything is the same but ironclad has a cowboy hat"],"gold_per_floor":[117,137,149,168,180,180,180,180],"floor_reached":7,"playtime":92,"items_purged":[],"score":45,"play_id":"4cedcf9e-920c-45c0-a5a7-15b3c4e72878","local_time":"20210104222350","is_ascension_mode":false,"campfire_choices":[{"floor":6,"key":"REST"}],"circlet_count":0,"master_deck":["Strike_R","Strike_R","Strike_R","Strike_R","Strike_R","Defend_R","Defend_R","Defend_R","Defend_R","Bash","Evolve","Rage","Metallicize","Ghostly Armor","Sword Boomerang"],"relics":["Burning Blood"],"acts_visited":["Exordium"],"potions_floor_usage":[],"damage_taken":[{"damage":42,"enemies":"Cultist","floor":1,"turns":9},{"damage":12,"enemies":"2 Louse","floor":2,"turns":5},{"damage":14,"enemies":"Small Slimes","floor":3,"turns":7},{"damage":30,"enemies":"Blue Slaver","floor":4,"turns":6},{"damage":7,"enemies":"3 Louse","floor":5,"turns":6},{"damage":44,"enemies":"Lagavulin","floor":7,"turns":11}],"seed_played":"1402249460824941426","potions_obtained":[{"floor":3,"key":"Explosive Potion"},{"floor":4,"key":"SneckoOil"}],"is_trial":false,"path_per_floor":["M","M","M","M","M","R","E"],"character_chosen":"IRONCLAD","items_purchased":[],"campfire_rested":1,"item_purchase_floors":[],"current_hp_per_floor":[52,46,38,14,13,39,0,0],"gold":180,"neow_bonus":"TEN_PERCENT_HP_BONUS","is_daily":false,"chose_seed":false,"campfire_upgraded":0,"win_rate":0.0,"timestamp":1609827830,"path_taken":["M","M","?","M","M","R","E"],"items_purchased_type":[],"build_version":"2020-12-22","purchased_purges":0,"victory":false,"max_hp_per_floor":[88,88,88,88,88,88,88,88],"relic_stats":{"counters":[6,44],"obtain_stats":[{"Burning Blood":0},{"Burning Blood":0},{"Burning Blood":0}],"Burning Blood":30},"card_choices":[{"not_picked":["Havoc","Warcry"],"picked":"Evolve","floor":1},{"not_picked":["Warcry","Iron Wave"],"picked":"Rage","floor":2},{"not_picked":["Pommel Strike","Havoc"],"picked":"Metallicize","floor":3},{"not_picked":["Iron Wave","Burning Pact"],"picked":"Ghostly Armor","floor":4},{"not_picked":["Thunderclap","Anger"],"picked":"Sword Boomerang","floor":5}],"player_experience":1427983,"relics_obtained":[],"event_choices":[],"is_beta":false,"boss_relics":[],"items_purged_floors":[],"is_endless":false,"potions_floor_spawned":[3,4],"killed_by":"Lagavulin","ascension_level":0}}