{"host":"armnliea5o2aqs4b","time":1609823279,"event":{"mods":["BaseMod","Hubris","Infinite Spire","Minty Spire (QoL Compilation)","Quick Restart","StSLib"],"gold_per_floor":[110,110,90,108,108,108,143,74,74,74,92,117,144,157,157,157,157],"floor_reached":16,"playtime":498,"items_purged":[],"score":140,"play_id":"d72808df-1247-4782-a4d8-0d146a454003","local_time":"20210105160759","is_ascension_mode":true,"campfire_choices":[{"data":"Blade Dance","floor":6,"key":"SMITH"},{"data":"Infinite Blades","floor":10,"key":"SMITH"},{"data":"Neutralize","floor":15,"key":"SMITH"}],"circlet_count":0,"master_deck":["Strike_G","Strike_G","Strike_G","Strike_G","Defend_G","Defend_G","Defend_G","Defend_G","Defend_G","Survivor","Neutralize+1","Blade Dance+1","hubris:SlightOfHand","Infinite Blades+1","Leg Sweep","PiercingWail"],"relics":["Ring of the Snake","NeowsBlessing","hubris:Towel","Nunchaku","Calipers","infinitespire:Satchel","Odd Mushroom"],"acts_visited":["Exordium"],"potions_floor_usage":[12,12],"damage_taken":[{"damage":0,"enemies":"2 Louse","floor":1,"turns":1},{"damage":0,"enemies":"Small Slimes","floor":4,"turns":1},{"damage":0,"enemies":"Lagavulin","floor":7,"turns":1},{"damage":0,"enemies":"Cultist","floor":11,"turns":3},{"damage":1,"enemies":"Gremlin Nob","floor":12,"turns":4},{"damage":18,"enemies":"The Mushroom Lair","floor":13,"turns":5},{"damage":4,"enemies":"Looter","floor":14,"turns":4},{"damage":43,"enemies":"The Guardian","floor":16,"turns":8}],"seed_played":"-7879045149985228799","potions_obtained":[{"floor":3,"key":"Block Potion"},{"floor":11,"key":"Strength Potion"}],"is_trial":false,"path_per_floor":["M","?","?","M","?","R","E","$","T","R","M","E","?","M","R","B"],"character_chosen":"THE_SILENT","items_purchased":["Infinite Blades"],"campfire_rested":0,"item_purchase_floors":[8],"current_hp_per_floor":[70,63,63,63,63,63,63,63,63,63,63,62,44,40,40,0,0],"gold":157,"neow_bonus":"THREE_ENEMY_KILL","is_daily":false,"chose_seed":false,"campfire_upgraded":3,"win_rate":0.0,"timestamp":1609823279,"path_taken":["M","?","?","?","?","R","E","$","T","R","M","E","?","M","R","BOSS"],"items_purchased_type":["Card"],"build_version":"2020-12-22","purchased_purges":0,"victory":false,"max_hp_per_floor":[70,70,70,70,70,70,70,70,70,70,70,70,70,70,70,70,70],"card_choices":[{"not_picked":["Expertise","Deadly Poison"],"picked":"Blade Dance","floor":1},{"not_picked":["Cloak And Dagger","Calculated Gamble"],"picked":"hubris:SlightOfHand","floor":4},{"not_picked":["Well Laid Plans","Slice","Caltrops"],"picked":"SKIP","floor":7},{"not_picked":["Blade Dance","Bane"],"picked":"Leg Sweep","floor":11},{"not_picked":["Deflect","Prepared","Leg Sweep"],"picked":"SKIP","floor":12},{"not_picked":["Acrobatics","Dagger Throw"],"picked":"PiercingWail","floor":13},{"not_picked":["hubris:SlightOfHand","Dash","Poisoned Stab"],"picked":"SKIP","floor":14}],"player_experience":185860,"relics_obtained":[{"floor":7,"key":"Nunchaku"},{"floor":9,"key":"Calipers"},{"floor":12,"key":"infinitespire:Satchel"},{"floor":13,"key":"Odd Mushroom"}],"event_choices":[{"cards_removed":["Strike_G"],"damage_healed":0,"gold_gain":0,"player_choice":"Card Removal","damage_taken":7,"max_hp_gain":0,"max_hp_loss":0,"event_name":"Golden Wing","floor":2,"gold_loss":0},{"damage_healed":0,"gold_gain":0,"player_choice":"Bought 1 Potion","damage_taken":0,"max_hp_gain":0,"max_hp_loss":0,"event_name":"The Woman in Blue","floor":3,"gold_loss":0},{"damage_healed":0,"gold_gain":0,"player_choice":"Fought Mushrooms","damage_taken":0,"max_hp_gain":0,"max_hp_loss":0,"event_name":"Mushrooms","floor":13,"gold_loss":0}],"is_beta":false,"boss_relics":[],"items_purged_floors":[],"is_endless":false,"potions_floor_spawned":[11,12],"killed_by":"The Guardian","ascension_level":1}}