{"host":"a0paspe0zwqgzttz","time":1609889866,"event":{"mods":["AchievementEnabler","Act Like it!","BaseMod","BetterRewards","Colored Powertips","Conspire","Downfall","GifTheSpireLib","Hermit","Highlight Path","Lobotomy","Marisa????????","Minty Spire (QoL Compilation)","Quick Restart","Replay The Spire","Robot Space Explorer","Shop Mod","StSLib","SuperFastMode","The Bug Knight","The Construct","The Cursed","The Hierophant","The Jungle","The Mystic","The Necromancer","The Runesmith","The Senshi","The Servant 0.9.4"],"gold_per_floor":[117,117,160,160,173,173,193,193,216,216,251,263,9,27,27,135,135,145,145,161,436,73,73,98,98,98,118,118,125,125],"floor_reached":29,"playtime":1150,"items_purged":[],"score":223,"play_id":"8228ea6c-daf4-431e-936f-ead31b6f29d4","local_time":"20210105183746","is_ascension_mode":false,"campfire_choices":[{"data":"hermit:Maintenance","floor":6,"key":"SMITH"},{"data":"hermit:Maintenance","floor":8,"key":"SMITH"},{"data":"hermit:Dive","floor":10,"key":"SMITH"},{"data":"hermit:Scavenge","floor":15,"key":"SMITH"},{"data":"RitualDagger","floor":23,"key":"SMITH"},{"data":"hermit:EyeOfTheStorm","floor":28,"key":"SMITH"}],"circlet_count":0,"master_deck":["hermit:Strike_Hermit","hermit:Strike_Hermit","hermit:Strike_Hermit","hermit:Strike_Hermit","hermit:Defend_Hermit","hermit:Defend_Hermit","hermit:Defend_Hermit","hermit:Defend_Hermit","hermit:Snapshot","hermit:Covet","ReplayTheSpireMod:Doomed","hermit:Maintenance+1","hermit:Dive+1","Guardian:Aged","expansioncontent:FaceSlap","hermit:Maintenance+1","hermit:ShadowCloak","hermit:RoundhouseKick","hermit:Vantage","hermit:Scavenge+1","hermit:OverwhelmingPower","hermit:Virtue","RitualDagger+1","hermit:LowProfile","Regret","hermit:FlashPowder","hermit:EyeOfTheStorm+1","hermit:Cheat"],"relics":["hermit:Momento","Replay:Kaleidoscope","ReplayTheSpireMod:Ring of Sloth","Ring of Hypnosis","Replay:Baseball","Chameleon Ring","conspire:DeflatedDodgeball","construct:ClawGrip","Gremlin Food","Nloth\u0027s Gift","Replay:Accelerometer"],"acts_visited":["Exordium","TheCity"],"potions_floor_usage":[16,16,20,24],"damage_taken":[{"damage":1,"enemies":"2 Louse","floor":1,"turns":4},{"damage":2,"enemies":"conspire:MimicChest","floor":3,"turns":7},{"damage":0,"enemies":"Small Slimes","floor":5,"turns":3},{"damage":2,"enemies":"Jaw Worm","floor":7,"turns":4},{"damage":7,"enemies":"3 Sentries","floor":11,"turns":8},{"damage":12,"enemies":"3 Louse","floor":12,"turns":4},{"damage":6,"enemies":"Red Slaver","floor":14,"turns":5},{"damage":13,"enemies":"Slime Boss","floor":16,"turns":12},{"damage":10,"enemies":"Spheric Guardian","floor":18,"turns":3},{"damage":18,"enemies":"Shell Parasite","floor":20,"turns":4},{"damage":6,"enemies":"Centurion and Healer","floor":24,"turns":5},{"damage":0,"enemies":"Snake Plant","floor":27,"turns":5},{"damage":44,"enemies":"3 Cultists","floor":29,"turns":7}],"seed_played":"3973240856593078976","potions_obtained":[{"floor":3,"key":"Fire Potion"},{"floor":11,"key":"SteroidPotion"},{"floor":16,"key":"ColorlessPotion"},{"floor":20,"key":"DistilledChaos"}],"is_trial":false,"path_per_floor":["M","?","?","?","M","R","M","R","T","R","E","M","$","M","R","B",null,"M","?","M","?","$","R","M","?","T","M","R","M"],"character_chosen":"HERMIT","items_purchased":["conspire:DeflatedDodgeball","Blue Doll","Gremlin Food","hermit:FlashPowder"],"campfire_rested":0,"item_purchase_floors":[13,22,22,22],"current_hp_per_floor":[74,74,72,72,72,72,70,70,70,70,63,51,51,45,45,32,75,65,59,41,41,41,41,35,35,35,35,35,0,0],"gold":125,"neow_bonus":"ONE_RARE_RELIC","is_daily":false,"chose_seed":false,"campfire_upgraded":6,"win_rate":0.0,"timestamp":1609889866,"path_taken":["M","?","?","?","?","R","?","R","T","R","E","M","$","M","R","BOSS","M","?","M","?","$","R","?","?","T","M","R","M"],"items_purchased_type":["Relic","Relic","Relic","Card"],"build_version":"2020-12-22","purchased_purges":0,"victory":false,"max_hp_per_floor":[75,75,75,75,75,75,75,75,75,75,75,75,75,75,75,75,75,75,75,75,75,75,75,75,75,75,75,75,75,75],"card_choices":[{"not_picked":["hermit:PistolWhip","hermit:Feint"],"picked":"hermit:Maintenance","floor":1},{"not_picked":["hermit:Snipe","hermit:ItchyTrigger"],"picked":"hermit:Dive","floor":3},{"not_picked":["hermit:LowProfile","hermit:FatalDesire"],"picked":"hermit:Maintenance","floor":5},{"not_picked":["hermit:SprayPray","hermit:Quickdraw"],"picked":"hermit:ShadowCloak","floor":7},{"not_picked":["hermit:SprayPray","hermit:Combo"],"picked":"hermit:RoundhouseKick","floor":11},{"not_picked":["hermit:LowProfile","hermit:Spite"],"picked":"hermit:Vantage","floor":12},{"not_picked":["hermit:Grudge","hermit:Ricochet"],"picked":"hermit:Scavenge","floor":14},{"not_picked":["hermit:Reprieve","hermit:FatalDesire"],"picked":"hermit:OverwhelmingPower","floor":16},{"not_picked":["hermit:Snipe+1","hermit:Roulette"],"picked":"hermit:Virtue","floor":18},{"not_picked":["hermit:WideOpen","hermit:Maintenance"],"picked":"hermit:LowProfile","floor":20},{"not_picked":["hermit:FlashPowder","hermit:Deadeye"],"picked":"hermit:EyeOfTheStorm","floor":24},{"not_picked":["hermit:ItchyTrigger","hermit:GoldenBullet"],"picked":"hermit:Cheat","floor":27}],"player_experience":388298,"relics_obtained":[{"floor":2,"key":"ReplayTheSpireMod:Ring of Sloth"},{"floor":2,"key":"Ring of Hypnosis"},{"floor":3,"key":"Replay:Baseball"},{"floor":11,"key":"Chameleon Ring"},{"floor":26,"key":"Replay:Accelerometer"}],"event_choices":[{"damage_healed":0,"gold_gain":0,"player_choice":"2 cards matched","damage_taken":0,"max_hp_gain":0,"max_hp_loss":0,"event_name":"Match and Keep!","floor":4,"gold_loss":0,"cards_obtained":["Guardian:Aged","expansioncontent:FaceSlap"]},{"damage_healed":0,"gold_gain":0,"player_choice":"Joined the Cult","damage_taken":6,"max_hp_gain":0,"max_hp_loss":0,"event_name":"Nest","floor":19,"gold_loss":0,"cards_obtained":["RitualDagger"]},{"damage_healed":0,"gold_gain":275,"player_choice":"Desecrate","damage_taken":0,"max_hp_gain":0,"max_hp_loss":0,"event_name":"Golden Shrine","floor":21,"gold_loss":0,"cards_obtained":["Regret"]},{"damage_healed":0,"gold_gain":0,"player_choice":"Traded Relic","damage_taken":0,"relics_obtained":["Nloth\u0027s Gift"],"max_hp_gain":0,"max_hp_loss":0,"event_name":"N\u0027loth","floor":25,"relics_lost":["Blue Doll"],"gold_loss":0}],"is_beta":false,"boss_relics":[{"not_picked":["hermit:ClaspedLocket","Empty Cage"],"picked":"construct:ClawGrip"}],"items_purged_floors":[],"is_endless":false,"potions_floor_spawned":[3,11,16,20],"killed_by":"3 Cultists","ascension_level":0}}