{"host":"icrrc9b69c1a6188","time":1609825979,"event":{"mods":["Act Like it!","BaseMod","Bestiary","Better Altar","Better Match","Better Note","Better Sensory Stone","Better Skull","Better Third Choice","Block Reminder","Colored Map","Colored Powertips","Curses Come First","Displayed Cursed Tome","Faster Ascension Climbing","HexUI Lib","Jorbs\u0027s Wanderer Trilogy","Minty Spire (QoL Compilation)","Quick Restart","RNG Fix","Random Character Mod","Rare Cards Sparkle","Spicy Shops","StSLib","Unceasing Turn Reminder"],"gold_per_floor":[118,193,25,55,75,75,99,99,122,36,63,103,103,138,138,138,138],"floor_reached":16,"playtime":1214,"items_purged":[],"score":204,"play_id":"9ae37732-7abe-4400-bd57-82b3d97f7c0b","local_time":"20210104235259","is_ascension_mode":true,"campfire_choices":[{"data":"stsjorbsmod:BookOfTongues","floor":6,"key":"SMITH"},{"data":"stsjorbsmod:Index","floor":8,"key":"SMITH"},{"floor":13,"key":"REST"},{"data":"stsjorbsmod:Rediscovery","floor":15,"key":"SMITH"}],"circlet_count":0,"master_deck":["AscendersBane","stsjorbsmod:ForbiddenGrimoire+1","stsjorbsmod:Strike_Wanderer","stsjorbsmod:Strike_Wanderer","stsjorbsmod:Strike_Wanderer","stsjorbsmod:Strike_Wanderer","stsjorbsmod:Defend_Wanderer","stsjorbsmod:Defend_Wanderer","stsjorbsmod:Defend_Wanderer","stsjorbsmod:Defend_Wanderer","stsjorbsmod:FreshAdventure","stsjorbsmod:EyeOfTheStorm","stsjorbsmod:LocateObject","stsjorbsmod:Index+1","stsjorbsmod:BookOfTongues+1","stsjorbsmod:SmithingStrike","stsjorbsmod:Message","stsjorbsmod:Rediscovery+1"],"relics":["Sozu","Membership Card","stsjorbsmod:BottledMemoryRelic","WingedGreaves","Ginger","Bottled Flame"],"acts_visited":["Exordium"],"potions_floor_usage":[],"damage_taken":[{"damage":0,"enemies":"2 Louse","floor":1,"turns":8},{"damage":2,"enemies":"Jaw Worm","floor":4,"turns":3},{"damage":8,"enemies":"Small Slimes","floor":5,"turns":7},{"damage":2,"enemies":"2 Fungi Beasts","floor":7,"turns":8},{"damage":12,"enemies":"Looter","floor":11,"turns":5},{"damage":8,"enemies":"Large Slime","floor":12,"turns":5},{"damage":29,"enemies":"Gremlin Nob","floor":14,"turns":4},{"damage":8,"enemies":"Hexaghost","floor":16,"turns":5}],"seed_played":"-13899022676150278","potions_obtained":[],"is_trial":false,"path_per_floor":["M","?","$","M","M","R","M","R","T","$","M","M","R","E","R","B"],"character_chosen":"WANDERER","items_purchased":["Membership Card","WingedGreaves","Ginger"],"campfire_rested":1,"item_purchase_floors":[3,10,10],"current_hp_per_floor":[58,47,47,45,37,37,35,35,35,35,23,17,36,7,7,0,0],"gold":138,"neow_bonus":"BOSS_RELIC","is_daily":false,"chose_seed":false,"campfire_upgraded":3,"win_rate":0.0,"timestamp":1609825979,"path_taken":["M","?","$","M","M","R","M","R","T","$","M","M","R","E","R","BOSS"],"items_purchased_type":["Relic","Relic","Relic"],"build_version":"2020-12-22","purchased_purges":0,"victory":false,"max_hp_per_floor":[64,64,64,64,64,64,64,64,64,64,64,66,66,66,66,66,66],"card_choices":[{"not_picked":["stsjorbsmod:SchoolsOfMagic","stsjorbsmod:ChainLightning"],"picked":"stsjorbsmod:LocateObject","floor":1},{"not_picked":["stsjorbsmod:TrueStrike","stsjorbsmod:ParryingBlow"],"picked":"stsjorbsmod:Index","floor":4},{"not_picked":["stsjorbsmod:Mending","stsjorbsmod:WeightOfMemory"],"picked":"stsjorbsmod:BookOfTongues","floor":5},{"not_picked":["stsjorbsmod:Stalwart","stsjorbsmod:Hibernate"],"picked":"stsjorbsmod:SmithingStrike","floor":7},{"not_picked":["stsjorbsmod:TollTheDead","stsjorbsmod:TinyHut"],"picked":"stsjorbsmod:Message","floor":11},{"not_picked":["stsjorbsmod:Prepare","stsjorbsmod:BlackTentacles","stsjorbsmod:ChainLightning"],"picked":"SKIP","floor":12},{"not_picked":["stsjorbsmod:Index","stsjorbsmod:BurningFlask"],"picked":"stsjorbsmod:Rediscovery","floor":14}],"player_experience":731948,"relics_obtained":[{"floor":9,"key":"stsjorbsmod:BottledMemoryRelic"},{"floor":14,"key":"Bottled Flame"}],"event_choices":[{"damage_healed":0,"gold_gain":75,"player_choice":"Gold","damage_taken":11,"max_hp_gain":0,"max_hp_loss":0,"event_name":"betterThird:BetterGoop","floor":2,"gold_loss":0}],"is_beta":false,"boss_relics":[],"items_purged_floors":[],"is_endless":false,"potions_floor_spawned":[1,7],"killed_by":"Hexaghost","ascension_level":20}}