{"host":"yuoancq4cku3x8wq","time":1609861866,"event":{"mods":["AchievementEnabler","BaseMod","Minty Spire (QoL Compilation)","Quick Restart","StSLib","SuperFastMode"],"gold_per_floor":[113,113,127,202,127,153,153,73,73,73,83,94,94,112,112,190,190,203,253,253,223,157,157,157,157,206,206,223,123,3,21,21,97,97,107,117,117,132,132,132,157,157,157,172,32,43,72,85,85,85,85],"floor_reached":50,"playtime":1932,"items_purged":["Strike_G","Strike_G","Strike_G","Strike_G","Neutralize"],"score":1200,"play_id":"047c70fc-076b-4fed-bc8e-185db9bf439e","local_time":"20210105235106","is_ascension_mode":true,"campfire_choices":[{"data":"Footwork","floor":7.0,"key":"SMITH"},{"data":"Underhanded Strike","floor":10.0,"key":"SMITH"},{"data":"Bouncing Flask","floor":13.0,"key":"SMITH"},{"data":"Concentrate","floor":15.0,"key":"SMITH"},{"data":"Calculated Gamble","floor":23.0,"key":"SMITH"},{"data":"Reflex","floor":24.0,"key":"SMITH"},{"data":"Bouncing Flask","floor":25.0,"key":"SMITH"},{"floor":27.0,"key":"REST"},{"floor":32.0,"key":"REST"},{"data":"Wraith Form v2","floor":40.0,"key":"SMITH"},{"data":"Acrobatics","floor":42,"key":"SMITH"},{"floor":49,"key":"RECALL"}],"circlet_count":0,"master_deck":["AscendersBane","Defend_G","Defend_G","Defend_G","Defend_G","Survivor","Underhanded Strike+1","Reflex+1","Footwork+1","Concentrate+1","Bouncing Flask+1","Adrenaline","Bouncing Flask+1","Calculated Gamble+1","Acrobatics+1","Prepared","Wraith Form v2+1","Tactician+1","Prepared+1","Acrobatics+1","Blur"],"relics":["Ring of the Snake","NeowsBlessing","Potion Belt","The Courier","Tough Bandages","Sozu","WingedGreaves","Anchor","HoveringKite","Bottled Tornado","Strawberry"],"acts_visited":["Exordium","TheCity","TheBeyond"],"potions_floor_usage":[],"damage_taken":[{"damage":0.0,"enemies":"Small Slimes","floor":1.0,"turns":1.0},{"damage":0.0,"enemies":"Jaw Worm","floor":3.0,"turns":1.0},{"damage":0.0,"enemies":"Gremlin Nob","floor":6.0,"turns":1.0},{"damage":0.0,"enemies":"2 Louse","floor":11.0,"turns":2.0},{"damage":0.0,"enemies":"Looter","floor":12.0,"turns":4.0},{"damage":9.0,"enemies":"Large Slime","floor":14.0,"turns":3.0},{"damage":6.0,"enemies":"The Guardian","floor":16.0,"turns":9.0},{"damage":34.0,"enemies":"3 Byrds","floor":18.0,"turns":6.0},{"damage":5.0,"enemies":"2 Thieves","floor":21.0,"turns":4.0},{"damage":0.0,"enemies":"Snake Plant","floor":28.0,"turns":4.0},{"damage":17.0,"enemies":"Chosen and Byrds","floor":31.0,"turns":6.0},{"damage":11.0,"enemies":"Collector","floor":33.0,"turns":9.0},{"damage":6.0,"enemies":"3 Darklings","floor":35.0,"turns":3.0},{"damage":0.0,"enemies":"3 Shapes","floor":36.0,"turns":6.0},{"damage":0.0,"enemies":"Transient","floor":38.0,"turns":6.0},{"damage":0,"enemies":"Reptomancer","floor":41,"turns":6},{"damage":0,"enemies":"3 Darklings","floor":44,"turns":3},{"damage":0,"enemies":"Sphere and 2 Shapes","floor":46,"turns":2},{"damage":0,"enemies":"Nemesis","floor":47,"turns":5},{"damage":0,"enemies":"Jaw Worm Horde","floor":48,"turns":4},{"damage":56,"enemies":"Time Eater","floor":50,"turns":11}],"seed_played":"4373453088670019184","potions_obtained":[{"floor":3.0,"key":"AttackPotion"},{"floor":6.0,"key":"CunningPotion"},{"floor":12.0,"key":"PowerPotion"},{"floor":16.0,"key":"Swift Potion"}],"is_trial":false,"path_per_floor":["M","?","M","?","$","E","R","$","T","R","M","M","R","M","R","B",null,"M","?","?","M","?","R","R","R","T","R","M","$","$","M","R","B",null,"M","M","?","M","?","R","E","R","T","M","$","M","E","M","R","B"],"character_chosen":"THE_SILENT","items_purchased":[],"campfire_rested":2,"item_purchase_floors":[],"current_hp_per_floor":[59,33,33,22,22,22,22,22,22,22,22,22,22,13,13,7,51,17,17,17,12,12,12,12,12,12,31,31,31,31,14,33,22,55,49,49,49,49,45,45,45,45,45,45,45,45,52,52,52,0,0],"gold":85,"neow_bonus":"THREE_ENEMY_KILL","is_daily":false,"chose_seed":false,"campfire_upgraded":9,"win_rate":0.0,"timestamp":1609861866,"path_taken":["M","?","M","?","?","E","R","$","T","R","M","M","R","M","R","BOSS","M","?","?","M","?","R","R","R","T","R","M","$","$","?","R","BOSS","M","?","?","?","?","R","E","R","T","?","$","M","E","M","R","BOSS"],"items_purchased_type":[],"build_version":"2020-12-22","purchased_purges":5,"victory":false,"max_hp_per_floor":[66,66,66,66,66,66,66,66,66,66,66,66,66,66,66,66,66,66,66,66,66,66,66,66,66,66,66,66,66,66,66,66,66,66,66,66,66,66,66,66,66,66,66,66,66,66,73,73,73,73,73],"card_choices":[{"not_picked":["Deadly Poison","Calculated Gamble"],"picked":"Underhanded Strike","floor":1.0},{"not_picked":["Predator","Setup"],"picked":"Reflex","floor":3.0},{"not_picked":["Riddle With Holes","Underhanded Strike"],"picked":"Footwork","floor":6.0},{"not_picked":["Slice","Dagger Throw"],"picked":"Concentrate","floor":11.0},{"not_picked":["Masterful Stab","Slice"],"picked":"Bouncing Flask","floor":12.0},{"not_picked":["Deflect","Flechettes","Deadly Poison"],"picked":"SKIP","floor":14.0},{"not_picked":["Tools of the Trade","Storm of Steel"],"picked":"Adrenaline","floor":16.0},{"not_picked":["Flying Knee","Sucker Punch"],"picked":"Bouncing Flask","floor":18.0},{"not_picked":["Escape Plan","Dodge and Roll"],"picked":"Calculated Gamble","floor":21.0},{"not_picked":["Deflect","Expertise"],"picked":"Acrobatics","floor":28.0},{"not_picked":["Quick Slash","Dodge and Roll"],"picked":"Prepared","floor":31.0},{"not_picked":["Malaise","Storm of Steel"],"picked":"Wraith Form v2","floor":33.0},{"not_picked":["Dagger Throw","PiercingWail"],"picked":"Tactician+1","floor":35.0},{"not_picked":["Poisoned Stab","All Out Attack"],"picked":"Prepared+1","floor":36.0},{"not_picked":["Accuracy+1","Flying Knee","Cloak And Dagger+1"],"picked":"SKIP","floor":38.0},{"not_picked":["Sucker Punch","Bullet Time","Quick Slash"],"picked":"SKIP","floor":41},{"not_picked":["Heel Hook","Quick Slash+1","Slice"],"picked":"SKIP","floor":44},{"not_picked":["Outmaneuver","Deflect"],"picked":"Acrobatics+1","floor":46},{"not_picked":["Bane","Dodge and Roll"],"picked":"Blur","floor":47},{"not_picked":["Dagger Spray+1","Bouncing Flask","Flechettes"],"picked":"SKIP","floor":48}],"player_experience":242347,"relics_obtained":[{"floor":6.0,"key":"The Courier"},{"floor":9.0,"key":"Tough Bandages"},{"floor":26.0,"key":"Anchor"},{"floor":41,"key":"Bottled Tornado"},{"floor":47,"key":"Strawberry"}],"event_choices":[{"damage_healed":0.0,"max_hp_gain":0.0,"max_hp_loss":0.0,"gold_gain":0.0,"event_name":"Scrap Ooze","player_choice":"Success","floor":2.0,"gold_loss":0.0,"damage_taken":26.0,"relics_obtained":["Potion Belt"]},{"damage_healed":0.0,"max_hp_gain":0.0,"max_hp_loss":0.0,"gold_gain":75.0,"event_name":"World of Goop","player_choice":"Gather Gold","floor":4.0,"gold_loss":0.0,"damage_taken":11.0},{"damage_healed":0.0,"max_hp_gain":0.0,"max_hp_loss":0.0,"gold_gain":50.0,"event_name":"Nest","player_choice":"Stole From Cult","floor":19.0,"gold_loss":0.0,"damage_taken":0.0},{"cards_removed":["Strike_G"],"damage_healed":0.0,"max_hp_gain":0.0,"max_hp_loss":0.0,"gold_gain":0.0,"event_name":"Back to Basics","player_choice":"Elegance","floor":20.0,"gold_loss":0.0,"damage_taken":0.0},{"damage_healed":0.0,"max_hp_gain":0.0,"max_hp_loss":0.0,"gold_gain":0.0,"event_name":"WeMeetAgain","player_choice":"Paid Gold","floor":22.0,"gold_loss":66.0,"damage_taken":0.0,"relics_obtained":["WingedGreaves"]},{"cards_removed":["Defend_G"],"damage_healed":0.0,"max_hp_gain":0.0,"max_hp_loss":0.0,"gold_gain":0.0,"event_name":"Purifier","player_choice":"Purged","floor":37.0,"gold_loss":0.0,"damage_taken":0.0},{"damage_healed":0.0,"max_hp_gain":0.0,"max_hp_loss":0.0,"gold_gain":0.0,"event_name":"The Woman in Blue","player_choice":"Bought 0 Potions","floor":39.0,"gold_loss":0.0,"damage_taken":0.0}],"is_beta":false,"boss_relics":[{"not_picked":["Ectoplasm","SlaversCollar"],"picked":"Sozu"},{"not_picked":["Cursed Key","Runic Dome"],"picked":"HoveringKite"}],"items_purged_floors":[5,8,29,30,45],"is_endless":false,"potions_floor_spawned":[3,6,12,16,18,21,36,38,47],"killed_by":"Time Eater","ascension_level":20}}