{"host":"pbf6u3tyx46snqc7","time":1609887408,"event":{"mods":["AchievementEnabler","BaseMod","Colored Map","Minty Spire (QoL Compilation)","Rare Cards Sparkle","SuperFastMode"],"gold_per_floor":[15,15,74,3,3,34,34,50,100,129,304,304,323,38,38,38,38],"floor_reached":16,"playtime":459,"items_purged":["Doubt"],"score":138,"play_id":"0b59ea85-92d8-43ba-904d-adcff205d5d7","local_time":"20210106075648","is_ascension_mode":true,"campfire_choices":[{"data":"Corruption","floor":7,"key":"SMITH"},{"data":"Uppercut","floor":12,"key":"SMITH"},{"floor":15,"key":"REST"}],"circlet_count":0,"master_deck":["Strike_R","Strike_R","Defend_R","Defend_R","Defend_R","Defend_R","Bash","Corruption+1","Fiend Fire","Uppercut+1","Cleave","Reaper","Wild Strike","Burning Pact","Twin Strike","Immolate","Shrug It Off","True Grit"],"relics":["Burning Blood","Kunai","Blood Vial","Smiling Mask","Bag of Preparation"],"acts_visited":["Exordium"],"potions_floor_usage":[10],"damage_taken":[{"damage":20,"enemies":"Jaw Worm","floor":1,"turns":5},{"damage":22,"enemies":"Gremlin Nob","floor":6,"turns":4},{"damage":5,"enemies":"2 Louse","floor":8,"turns":3},{"damage":30,"enemies":"3 Sentries","floor":10,"turns":7},{"damage":12,"enemies":"Small Slimes","floor":13,"turns":3},{"damage":59,"enemies":"Hexaghost","floor":16,"turns":10}],"seed_played":"-8157330524139609471","potions_obtained":[{"floor":6,"key":"Fire Potion"}],"is_trial":false,"path_per_floor":["M","?","?","$","?","E","R","M","T","E","?","R","M","$","R","B"],"character_chosen":"IRONCLAD","items_purchased":["Reaper","Shrug It Off","Bag of Preparation","True Grit"],"campfire_rested":1,"item_purchase_floors":[4,14,14,14],"current_hp_per_floor":[58,58,58,58,46,30,30,41,41,31,31,31,27,27,51,0,0],"gold":38,"neow_bonus":"TRANSFORM_TWO_CARDS","is_daily":false,"chose_seed":false,"campfire_upgraded":2,"win_rate":0.0,"timestamp":1609887408,"path_taken":["M","?","?","$","?","E","R","M","T","E","?","R","M","?","R","BOSS"],"items_purchased_type":["Card","Card","Relic","Card"],"build_version":"2020-12-22","purchased_purges":1,"victory":false,"max_hp_per_floor":[80,80,80,80,80,80,80,80,80,80,80,80,80,80,80,80,80],"card_choices":[{"not_picked":["Cleave","Battle Trance"],"picked":"Uppercut","floor":1},{"not_picked":["Rupture","Double Tap"],"picked":"Wild Strike","floor":6},{"not_picked":["Flex","Armaments"],"picked":"Burning Pact","floor":8},{"not_picked":["Searing Blow","Battle Trance"],"picked":"Twin Strike","floor":10},{"not_picked":["Clash","Dropkick"],"picked":"Immolate","floor":13}],"player_experience":389840,"relics_obtained":[{"floor":6,"key":"Blood Vial"},{"floor":10,"key":"Smiling Mask"}],"event_choices":[{"damage_healed":0,"gold_gain":0,"cards_transformed":["Strike_R"],"player_choice":"Change","damage_taken":0,"max_hp_gain":0,"max_hp_loss":0,"event_name":"Living Wall","floor":2,"gold_loss":0,"cards_obtained":["Cleave"]},{"damage_healed":0,"gold_gain":59,"player_choice":"Gained Gold","damage_taken":0,"max_hp_gain":0,"max_hp_loss":0,"event_name":"Golden Wing","floor":3,"gold_loss":0},{"damage_healed":0,"gold_gain":0,"player_choice":"Success","damage_taken":12,"relics_obtained":["Kunai"],"max_hp_gain":0,"max_hp_loss":0,"event_name":"Scrap Ooze","floor":5,"gold_loss":0},{"damage_healed":0,"gold_gain":175,"player_choice":"AGREE","damage_taken":0,"max_hp_gain":0,"max_hp_loss":0,"event_name":"Liars Game","floor":11,"gold_loss":0,"cards_obtained":["Doubt"]}],"is_beta":false,"boss_relics":[],"items_purged_floors":[14],"is_endless":false,"potions_floor_spawned":[6],"killed_by":"Hexaghost","ascension_level":6}}