{"host":"oy4pyvr762z5n0bb","time":1609822910,"event":{"mods":["AchievementEnabler","BaseMod","Colored Map","Colored Powertips","Googly Eyes","Key Reminder","Minty Spire (QoL Compilation)","Quick Restart","Relic Sorter","StSLib","SuperFastMode","Unceasing Turn Reminder","slay the spire mod where everything is the same but ironclad has a cowboy hat"],"gold_per_floor":[118,293,243,243,263,295,295,59,59,75,101,101,128,128,128,128,128],"floor_reached":16,"playtime":184,"items_purged":[],"score":216,"play_id":"952ad7f9-7f24-4c9b-9558-25a908e5098e","local_time":"20210104210150","is_ascension_mode":true,"campfire_choices":[{"data":"Sword Boomerang","floor":7,"key":"SMITH"},{"data":"Twin Strike","floor":15,"key":"SMITH"}],"circlet_count":0,"master_deck":["Strike_R","Strike_R","Strike_R","Strike_R","Strike_R","Defend_R","Defend_R","Defend_R","Defend_R","Bash","Headbutt","Sword Boomerang+1","Sword Boomerang+1","Battle Trance","Offering","Thunderclap","Twin Strike+1"],"relics":["Burning Blood","NeowsBlessing","Akabeko","Lee\u0027s Waffle","Kunai","Frozen Egg 2","Matryoshka","Ice Cream","keyreminder:keyreminder"],"acts_visited":["Exordium"],"potions_floor_usage":[11,13,16],"damage_taken":[{"damage":0,"enemies":"Jaw Worm","floor":1,"turns":1},{"damage":0,"enemies":"2 Louse","floor":5,"turns":1},{"damage":0,"enemies":"Gremlin Nob","floor":6,"turns":1},{"damage":0,"enemies":"Small Slimes","floor":10,"turns":2},{"damage":15,"enemies":"3 Sentries","floor":11,"turns":4},{"damage":6,"enemies":"Gremlin Nob","floor":13,"turns":2},{"damage":80,"enemies":"Hexaghost","floor":16,"turns":9}],"seed_played":"3863919489026327773","potions_obtained":[{"floor":6,"key":"AttackPotion"},{"floor":11,"key":"Fire Potion"},{"floor":13,"key":"Regen Potion"}],"is_trial":false,"path_per_floor":["M","?","?","?","M","E","R","$","T","M","E","?","E","?","R","B"],"character_chosen":"IRONCLAD","items_purchased":["Battle Trance","Lee\u0027s Waffle"],"campfire_rested":0,"item_purchase_floors":[8,8],"current_hp_per_floor":[78,78,78,78,80,80,80,87,87,87,78,66,66,66,66,0,0],"gold":128,"neow_bonus":"THREE_ENEMY_KILL","is_daily":false,"chose_seed":false,"campfire_upgraded":2,"win_rate":0.0,"timestamp":1609822910,"path_taken":["M","?","?","?","M","E","R","$","T","?","E","?","E","?","R","BOSS"],"items_purchased_type":["Card","Relic"],"build_version":"2020-12-22","purchased_purges":0,"victory":false,"max_hp_per_floor":[80,80,80,80,80,80,80,87,87,87,87,87,87,87,87,87,87],"card_choices":[{"not_picked":["Thunderclap","True Grit"],"picked":"Headbutt","floor":1},{"not_picked":["Clothesline","Dual Wield"],"picked":"Sword Boomerang","floor":5},{"not_picked":["True Grit","Rage"],"picked":"Sword Boomerang","floor":6},{"not_picked":["Feel No Pain","Havoc"],"picked":"Offering","floor":10},{"not_picked":["Intimidate","Carnage"],"picked":"Thunderclap","floor":11},{"not_picked":["Dropkick","Bludgeon"],"picked":"Twin Strike","floor":13}],"player_experience":633541,"relics_obtained":[{"floor":6,"key":"Akabeko"},{"floor":9,"key":"Kunai"},{"floor":11,"key":"Frozen Egg 2"},{"floor":13,"key":"Ice Cream"}],"event_choices":[{"damage_healed":0,"gold_gain":175,"player_choice":"AGREE","damage_taken":0,"max_hp_gain":0,"max_hp_loss":0,"event_name":"Liars Game","floor":2,"gold_loss":0,"cards_obtained":["Doubt"]},{"cards_removed":["Doubt"],"damage_healed":0,"gold_gain":0,"player_choice":"Card Removal","damage_taken":0,"max_hp_gain":0,"max_hp_loss":0,"event_name":"The Cleric","floor":3,"gold_loss":50},{"damage_healed":0,"gold_gain":0,"player_choice":"Ignored","damage_taken":0,"max_hp_gain":0,"max_hp_loss":0,"event_name":"Golden Wing","floor":4,"gold_loss":0},{"damage_healed":0,"gold_gain":0,"player_choice":"Success","damage_taken":12,"relics_obtained":["Matryoshka"],"max_hp_gain":0,"max_hp_loss":0,"event_name":"Scrap Ooze","floor":12,"gold_loss":0},{"damage_healed":0,"gold_gain":0,"player_choice":"Grow","damage_taken":0,"max_hp_gain":0,"max_hp_loss":0,"event_name":"Living Wall","floor":14,"gold_loss":0,"cards_upgraded":["Sword Boomerang"]}],"is_beta":false,"boss_relics":[],"items_purged_floors":[],"is_endless":false,"potions_floor_spawned":[6,11,13],"killed_by":"Hexaghost","ascension_level":6}}