{"host":"qswkx8hggytna0kc","time":1609841364,"event":{"mods":["Aspiration","BaseMod","BetterRewards","Colored Map","Colored Powertips","Highlight Path","Hubris","Mimic Mod","Minty Spire (QoL Compilation)","Quick Restart","Replay The Spire","StSLib","SuperFastMode"],"gold_per_floor":[117,130,145,162,174,200,200,200,200,200,217,244,244,244,244,368,368,357,380,395,413,429,429,429,429],"floor_reached":24,"playtime":781,"items_purged":[],"score":276,"play_id":"b040bcf9-fa01-4ff9-9f4a-73ae86518879","local_time":"20210105180924","is_ascension_mode":true,"campfire_choices":[{"data":"Machine Learning","floor":8.0,"key":"SMITH"},{"floor":10.0,"key":"DIG"},{"floor":15.0,"key":"DIG"},{"data":"Rainbow","floor":23,"key":"SMITH"}],"circlet_count":0,"master_deck":["Strike_B","Strike_B","Strike_B","Defend_B","Defend_B","Defend_B","Defend_B","Dualcast","Go for the Eyes","Scrape","Machine Learning+1","Go for the Eyes","Glacier","Sunder+1","Turbo","Stack","Rainbow+1","Panic Button+1","Chill","Go for the Eyes","Self Repair+1"],"relics":["Cracked Core","aspiration:Nostalgia","Sizzling Blood","hubris:RGBLights","Shovel","Quantum Egg","Emotion Chip","Golden Idol","StoneCalendar","aspiration:BursterCore"],"acts_visited":["Exordium","TheCity"],"potions_floor_usage":[22],"damage_taken":[{"damage":4.0,"enemies":"Small Slimes","floor":1.0,"turns":3.0},{"damage":2.0,"enemies":"Jaw Worm","floor":2.0,"turns":3.0},{"damage":0.0,"enemies":"2 Louse","floor":3.0,"turns":3.0},{"damage":7.0,"enemies":"Blue Slaver","floor":4.0,"turns":3.0},{"damage":17.0,"enemies":"Exordium Thugs","floor":5.0,"turns":6.0},{"damage":19.0,"enemies":"Gremlin Nob","floor":6.0,"turns":4.0},{"damage":4.0,"enemies":"Exordium Wildlife","floor":11.0,"turns":3.0},{"damage":14.0,"enemies":"Lagavulin","floor":12.0,"turns":9.0},{"damage":13.0,"enemies":"The Guardian","floor":16.0,"turns":13.0},{"damage":0.0,"enemies":"2 Thieves","floor":18.0,"turns":4.0},{"damage":0.0,"enemies":"Spheric Guardian","floor":19.0,"turns":5.0},{"damage":32.0,"enemies":"Centurion and Healer","floor":20.0,"turns":5.0},{"damage":16.0,"enemies":"Cultist and Chosen","floor":21.0,"turns":5.0},{"damage":12,"enemies":"Chosen and Byrds","floor":22,"turns":6},{"damage":25,"enemies":"Slavers","floor":24,"turns":3}],"seed_played":"52772057057120823","potions_obtained":[{"floor":2.0,"key":"Milkshake"},{"floor":4.0,"key":"Toxic Potion"},{"floor":11.0,"key":"SneckoOil"},{"floor":18.0,"key":"Flashbang"},{"floor":21.0,"key":"FearPotion"}],"is_trial":false,"path_per_floor":["M","M","M","M","M","E","?","R","T","R","M","E","?","?","R","B",null,"M","M","M","M","M","R","E"],"character_chosen":"DEFECT","items_purchased":[],"campfire_rested":0,"item_purchase_floors":[],"current_hp_per_floor":[72,74,78,75,62,47,47,47,47,47,47,37,37,37,37,28,62,66,70,42,30,22,22,0,0],"gold":429,"neow_bonus":"NOSTALGIA","is_daily":false,"chose_seed":false,"campfire_upgraded":2,"win_rate":0.0,"timestamp":1609841364,"path_taken":["M","M","M","M","M","E","?","R","T","R","M","E","?","?","R","BOSS","M","M","M","M","M","R","E"],"items_purchased_type":[],"build_version":"2020-12-22","purchased_purges":0,"victory":false,"max_hp_per_floor":[79,79,79,79,79,79,79,79,79,79,79,79,79,73,73,73,73,73,73,73,73,73,73,73,73],"card_choices":[{"not_picked":["Streamline","Rebound","Compile Driver"],"picked":"SKIP","floor":1.0},{"not_picked":["Hologram","Steam"],"picked":"Go for the Eyes","floor":2.0},{"not_picked":["Streamline","Compile Driver"],"picked":"Scrape","floor":3.0},{"not_picked":["Reinforced Body","BasicCrystalCard"],"picked":"Machine Learning","floor":4.0},{"not_picked":["Doom and Gloom","Ball Lightning"],"picked":"Go for the Eyes","floor":5.0},{"not_picked":["Melter","Darkness"],"picked":"Glacier","floor":6.0},{"not_picked":["Reinforced Body","Sweeping Beam"],"picked":"Turbo","floor":11.0},{"not_picked":["Sweeping Beam","Multi-Cast"],"picked":"Stack","floor":12.0},{"not_picked":["ReplayRNGCard","Biased Cognition"],"picked":"Rainbow","floor":16.0},{"not_picked":["Stack","Compile Driver","Panic Button"],"picked":"SKIP","floor":18.0},{"not_picked":["Streamline","hubris:Ukulele"],"picked":"Panic Button+1","floor":19.0},{"not_picked":["Streamline","Rip and Tear"],"picked":"Chill","floor":20.0},{"not_picked":["Turbo","Static Discharge+1"],"picked":"Go for the Eyes","floor":21.0},{"not_picked":["FIFO Queue","Conserve Battery+1"],"picked":"Self Repair+1","floor":22}],"player_experience":227441,"relics_obtained":[{"floor":6.0,"key":"hubris:RGBLights"},{"floor":9.0,"key":"Shovel"},{"floor":10.0,"key":"Quantum Egg"},{"floor":12.0,"key":"Emotion Chip"},{"floor":15.0,"key":"StoneCalendar"}],"event_choices":[{"damage_healed":0.0,"max_hp_gain":0.0,"max_hp_loss":6.0,"gold_gain":0.0,"event_name":"Golden Idol","player_choice":"Lose Max HP","floor":14.0,"gold_loss":0.0,"damage_taken":0.0,"relics_obtained":["Golden Idol"]}],"is_beta":false,"boss_relics":[{"not_picked":["aspiration:RitualDagger","Calling Bell"],"picked":"aspiration:BursterCore"}],"items_purged_floors":[],"is_endless":false,"potions_floor_spawned":[2,4,11,18,21],"killed_by":"Slavers","ascension_level":6}}