{"host":"qswkx8hggytna0kc","time":1609818349,"event":{"mods":["Aspiration","BaseMod","BetterRewards","Colored Map","Colored Powertips","Highlight Path","Hubris","Mimic Mod","Minty Spire (QoL Compilation)","Quick Restart","Replay The Spire","StSLib","SuperFastMode"],"gold_per_floor":[117,217,237,127,143,143,170,187,214,242,261,272,285,285,285,382,382,393,383,383,383],"floor_reached":20,"playtime":566,"items_purged":["Doubt"],"score":235,"play_id":"28465f78-3a18-47e0-bb53-bddcb3fa0316","local_time":"20210105114549","is_ascension_mode":true,"campfire_choices":[{"data":"Zap","floor":6,"key":"SMITH"},{"floor":15,"key":"REST"}],"circlet_count":0,"master_deck":["Strike_B","Strike_B","Strike_B","Defend_B","Defend_B","Defend_B","Defend_B","Zap+1","Dualcast","Self Repair","Loop","Redo","Go for the Eyes","Electrodynamics","Capacitor","Stack","ReplaySolidLightProjector","Rainbow","Hello World","Sweeping Beam"],"relics":["Cracked Core","Turnip","Replay:WaspNest","Strawberry","aspiration:HiddenCompartment","aspiration:PoetsPen_weak"],"acts_visited":["Exordium","TheCity"],"potions_floor_usage":[11,20],"damage_taken":[{"damage":2,"enemies":"Small Slimes","floor":1,"turns":4},{"damage":1,"enemies":"Cultist","floor":3,"turns":4},{"damage":6,"enemies":"2 Louse","floor":5,"turns":3},{"damage":41,"enemies":"Gremlin Nob","floor":7,"turns":5},{"damage":10,"enemies":"Red Slaver","floor":8,"turns":3},{"damage":23,"enemies":"Replay:BlueRogue","floor":10,"turns":5},{"damage":0,"enemies":"Gremlin Gang","floor":11,"turns":3},{"damage":14,"enemies":"Blue Slaver","floor":12,"turns":4},{"damage":0,"enemies":"3 Louse","floor":13,"turns":1},{"damage":11,"enemies":"Fading Forest","floor":16,"turns":11},{"damage":37,"enemies":"Spheric Guardian","floor":18,"turns":5},{"damage":33,"enemies":"2 Thieves","floor":19,"turns":4},{"damage":26,"enemies":"3 Cultists","floor":20,"turns":3}],"seed_played":"5089915294951732178","potions_obtained":[{"floor":5,"key":"Dexterity Potion"},{"floor":7,"key":"Strength Potion"},{"floor":10,"key":"Explosive Potion"},{"floor":11,"key":"Venom Potion"}],"is_trial":false,"path_per_floor":["M","?","M","$","M","R","E","M","T","E","M","M","M","?","R","B",null,"M","M","M"],"character_chosen":"DEFECT","items_purchased":["Loop"],"campfire_rested":1,"item_purchase_floors":[4],"current_hp_per_floor":[73,73,72,72,73,73,39,36,43,27,27,20,20,20,44,60,77,47,21,0,0],"gold":383,"neow_bonus":"ONE_RARE_RELIC","is_daily":false,"chose_seed":false,"campfire_upgraded":1,"win_rate":0.0,"timestamp":1609818349,"path_taken":["M","?","M","$","M","R","E","M","T","E","?","?","M","?","R","BOSS","M","M","M"],"items_purchased_type":["Card"],"build_version":"2020-12-22","purchased_purges":1,"victory":false,"max_hp_per_floor":[75,75,75,75,75,75,75,75,82,82,82,82,82,82,82,82,82,82,82,82,82],"card_choices":[{"not_picked":["Rebound","Streamline","hubris:PowerSurge"],"picked":"SKIP","floor":1},{"not_picked":["Redo","ReplaySort"],"picked":"Self Repair","floor":3},{"not_picked":["Hologram","Conserve Battery"],"picked":"Redo","floor":5},{"not_picked":["Rip and Tear","Panic Button"],"picked":"Go for the Eyes","floor":7},{"not_picked":["ReplayTheSpireMod:System Scan","Redo","BasicCrystalCard"],"picked":"SKIP","floor":8},{"not_picked":["Turbo","Hologram"],"picked":"Electrodynamics","floor":10},{"not_picked":["Cold Snap","Rebound","Barrage"],"picked":"SKIP","floor":11},{"not_picked":["Consume","FIFO Queue"],"picked":"Capacitor","floor":12},{"not_picked":["Reprogram","Chaos"],"picked":"Stack","floor":13},{"not_picked":["Electrodynamics","ReplayTheSpireMod:Omega Cannon"],"picked":"Rainbow","floor":16},{"not_picked":["Go for the Eyes","Double Energy+1"],"picked":"Hello World","floor":18},{"not_picked":["ReplaySort","Ball Lightning"],"picked":"Sweeping Beam","floor":19}],"player_experience":219001,"relics_obtained":[{"floor":7,"key":"Replay:WaspNest"},{"floor":9,"key":"Strawberry"},{"floor":10,"key":"aspiration:HiddenCompartment"}],"event_choices":[{"damage_healed":0,"gold_gain":100,"player_choice":"Pray","damage_taken":0,"max_hp_gain":0,"max_hp_loss":0,"event_name":"Golden Shrine","floor":2,"gold_loss":0},{"damage_healed":0,"gold_gain":0,"cards_transformed":["Strike_B"],"player_choice":"Transformed","damage_taken":0,"max_hp_gain":0,"max_hp_loss":0,"event_name":"Transmorgrifier","floor":14,"gold_loss":0,"cards_obtained":["ReplaySolidLightProjector"]}],"is_beta":false,"boss_relics":[{"not_picked":["aspiration:IroncladSkillbook","Fusion Hammer"],"picked":"aspiration:PoetsPen_weak"}],"items_purged_floors":[4],"is_endless":false,"potions_floor_spawned":[5,7,10,11,19],"killed_by":"3 Cultists","ascension_level":5}}