{"host":"04aht2z7d1qbuefv","time":1609807217,"event":{"mods":["AchievementEnabler","BaseMod","Downfall","Minty Spire (QoL Compilation)","StSLib","The Cursed","The Necromancer"],"gold_per_floor":[99,99,99,99,114,127,178,178,278,278,306,306,33,63,74,177,177,27,37,49,34,34,59,140,140,155,155,40,40,68,92,120,232,244,256,282,294,212,487,46,46,46,66,91,16,40,40,57,77,77,77,77,77],"floor_reached":52,"playtime":3008,"items_purged":["Parasite","sneckomod:Strike","sneckomod:Strike","Regret"],"score":774,"play_id":"e331847d-93fa-44f0-8ead-5122daca3ced","local_time":"20210104214017","is_ascension_mode":false,"campfire_choices":[{"floor":1.0,"key":"RECALL"},{"data":"sneckomod:CheapStock","floor":18.0,"key":"SMITH"},{"floor":27.0,"key":"REST"},{"data":"sneckomod:SerpentMind","floor":35.0,"key":"SMITH"},{"floor":45,"key":"REST"},{"floor":47,"key":"REST"}],"circlet_count":0,"master_deck":["sneckomod:Strike","sneckomod:Defend","sneckomod:Defend","sneckomod:Defend","sneckomod:TailWhip","sneckomod:SnekBite","sneckomod:Unknown","sneckomod:Unknown","sneckomod:DiceBlock","sneckomod:MorePower","sneckomod:UnknownStrike+1","sneckomod:UnknownClassGREEN","sneckomod:UnknownColorless+1","sneckomod:UnknownStrength+1","sneckomod:CheapStock+1","sneckomod:Unknown3Cost+1","sneckomod:UnlimitedRolls","sneckomod:UnknownClassTHE_CURSED_PURPLE+1","sneckomod:UnknownEthereal+1","sneckomod:UnknownRarePower+1","sneckomod:UnknownRareAttack+1","sneckomod:Unknown0Cost+1","sneckomod:SerpentMind+1"],"relics":["sneckomod:SneckoSoul","downfall:HeartsMalice","sneckomod:LoadedDie","Vajra","Question Card","SlaversCollar","downfall:HeartBlessingRed","downfall:HeartBlessingGreen","WingedGreaves","Shuriken","Nloth\u0027s Gift","MawBank","Busted Crown","Lizard Tail","TungstenRod","Mercury Hourglass","Kunai","downfall:HeartBlessingBlue","MealTicket"],"acts_visited":["Exordium","TheCity","TheBeyond","TheEnding"],"potions_floor_usage":[50],"damage_taken":[{"damage":0.0,"enemies":"Cultist","floor":2.0,"turns":1.0},{"damage":0.0,"enemies":"2 Louse","floor":3.0,"turns":1.0},{"damage":0.0,"enemies":"Small Slimes","floor":4.0,"turns":1.0},{"damage":20.0,"enemies":"2 Fungi Beasts","floor":5.0,"turns":6.0},{"damage":7.0,"enemies":"Large Slime","floor":6.0,"turns":7.0},{"damage":30.0,"enemies":"Gremlin Nob","floor":11.0,"turns":5.0},{"damage":2.0,"enemies":"downfall:FleeingMerchant","floor":13.0,"turns":4.0},{"damage":35.0,"enemies":"Lagavulin","floor":14.0,"turns":5.0},{"damage":0.0,"enemies":"Lots of Slimes","floor":15.0,"turns":1.0},{"damage":19.0,"enemies":"downfall:Silent","floor":16.0,"turns":12.0},{"damage":1.0,"enemies":"Chosen","floor":19.0,"turns":5.0},{"damage":11.0,"enemies":"Shell Parasite","floor":20.0,"turns":10.0},{"damage":3.0,"enemies":"downfall:FleeingMerchant","floor":21.0,"turns":4.0},{"damage":22.0,"enemies":"Slavers","floor":23.0,"turns":3.0},{"damage":10.0,"enemies":"Snake Plant","floor":26.0,"turns":3.0},{"damage":11.0,"enemies":"downfall:FleeingMerchant","floor":28.0,"turns":4.0},{"damage":12.0,"enemies":"Gremlin Leader","floor":30.0,"turns":6.0},{"damage":21.0,"enemies":"Cultist and Chosen","floor":31.0,"turns":7.0},{"damage":23.0,"enemies":"Centurion and Healer","floor":32.0,"turns":8.0},{"damage":14.0,"enemies":"downfall:Ironclad","floor":33.0,"turns":6.0},{"damage":25.0,"enemies":"3 Shapes","floor":36.0,"turns":5.0},{"damage":23.0,"enemies":"downfall:FleeingMerchant","floor":38.0,"turns":4.0},{"damage":8,"enemies":"Giant Head","floor":43,"turns":5},{"damage":98,"enemies":"Nemesis","floor":44,"turns":7},{"damage":23,"enemies":"Orb Walker","floor":48,"turns":5},{"damage":31,"enemies":"Jaw Worm Horde","floor":49,"turns":2},{"damage":14,"enemies":"downfall:Watcher","floor":50,"turns":6},{"damage":132,"enemies":"downfall:CharBossMerchant","floor":52,"turns":7}],"seed_played":"2191367916528990779","potions_obtained":[{"floor":5.0,"key":"hexamod:EctoCoolerPotion"},{"floor":15.0,"key":"LiquidMemories"},{"floor":16.0,"key":"ColorlessPotion"},{"floor":19.0,"key":"Dexterity Potion"},{"floor":23.0,"key":"Ancient Potion"},{"floor":29.0,"key":"CultistPotion"},{"floor":30.0,"key":"ColorlessPotion"},{"floor":31.0,"key":"ColorlessPotion"},{"floor":32.0,"key":"AttackPotion"},{"floor":33.0,"key":"DistilledChaos"},{"floor":48,"key":"Strength Potion"}],"is_trial":false,"path_per_floor":["R","M","M","M","M","M","T","?","?","?","E","T","$","E","M","B",null,"R","M","M","$","?","E","T","?","M","R","$","?","E","M","M","B",null,"R","M","?","$","?","$","T","$","E","E","R","T","R","M","M","B",null,"E"],"character_chosen":"THE_SNECKO","items_purchased":["Vajra","sneckomod:CheapStock","Lizard Tail","TungstenRod"],"campfire_rested":3,"item_purchase_floors":[13,13,38,40],"current_hp_per_floor":[90,90,90,90,72,66,66,66,66,89,60,60,58,24,24,15,92,92,92,82,79,79,57,57,57,47,75,65,65,54,45,62,48,97,97,72,72,72,72,72,72,72,64,16,58,58,90,76,45,31,107,0,0],"gold":77,"neow_bonus":"THREE_ENEMY_KILL","is_daily":false,"chose_seed":false,"campfire_upgraded":2,"win_rate":0.0,"timestamp":1609807217,"path_taken":["R","M","?","?","M","M","T","?","?","?","E","?","?","E","M","BOSS","R","M","M","$","?","E","T","?","?","R","$","?","E","M","M","BOSS","R","M","?","$","?","$","T","?","E","E","R","?","R","M","M","BOSS","E"],"items_purchased_type":["Relic","Card","Relic","Relic"],"build_version":"2020-12-22","purchased_purges":4,"victory":false,"max_hp_per_floor":[90,90,90,90,92,93,93,93,93,93,94,94,91,92,92,92,92,92,93,94,94,94,94,94,94,94,94,95,95,96,97,97,97,97,97,97,97,97,97,97,97,97,97,97,107,107,107,107,107,107,107,107,107],"card_choices":[{"not_picked":["sneckomod:QuickMove","sneckomod:UnknownStrike","sneckomod:UnknownVulnerable"],"picked":"SKIP","floor":2.0},{"not_picked":["sneckomod:WideSting","sneckomod:UnknownVulnerable"],"picked":"sneckomod:DiceBlock","floor":3.0},{"not_picked":["sneckomod:UnknownClassHEXA_GHOST_PURPLE","sneckomod:SoulRoll"],"picked":"sneckomod:MorePower","floor":4.0},{"not_picked":["sneckomod:UnknownClassTHE_CURSED_PURPLE+1","sneckomod:UnknownClassSLIMEBOUND+1"],"picked":"sneckomod:UnknownStrike+1","floor":5.0},{"not_picked":["sneckomod:DiceCrush","sneckomod:UnknownClassWHITE"],"picked":"sneckomod:UnknownClassGREEN","floor":5.0},{"not_picked":["sneckomod:UnknownRareSkill+1","sneckomod:UnknownRareAttack+1"],"picked":"sneckomod:UnknownColorless+1","floor":6.0},{"not_picked":["sneckomod:MorePower","sneckomod:UnknownCommonAttack","sneckomod:UnknownWeak"],"picked":"SKIP","floor":6.0},{"not_picked":["sneckomod:UnknownClassRED+1","sneckomod:UnknownClassSLIMEBOUND+1"],"picked":"sneckomod:UnknownStrength+1","floor":11.0},{"not_picked":["sneckomod:TrashToTreasure","sneckomod:RainOfDice","sneckomod:SerpentIdol"],"picked":"SKIP","floor":11.0},{"not_picked":["sneckomod:Unknown0Cost","sneckomod:Nope","sneckomod:Unknown1Cost"],"picked":"SKIP","floor":13.0},{"not_picked":["sneckomod:UnknownClassBLUE+1","sneckomod:UnknownClassTHE_CURSED_PURPLE+1"],"picked":"sneckomod:Unknown3Cost+1","floor":14.0},{"not_picked":["sneckomod:DiceBoulder","sneckomod:WideSting","sneckomod:UnknownExhaust"],"picked":"SKIP","floor":14.0},{"not_picked":["sneckomod:DefensiveFlair","sneckomod:UnknownClassRED","sneckomod:SoulRoll","sneckomod:UnknownClassWHITE"],"picked":"SKIP","floor":15.0},{"not_picked":["sneckomod:Unknown3Cost","sneckomod:UnknownRareAttack","sneckomod:Restock"],"picked":"sneckomod:UnlimitedRolls","floor":16.0},{"not_picked":["sneckomod:UnknownWeak+1","sneckomod:UnknownClassPURPLE+1","sneckomod:UnknownClassGREEN+1"],"picked":"sneckomod:UnknownClassTHE_CURSED_PURPLE+1","floor":19.0},{"not_picked":["sneckomod:DiceBlock","sneckomod:DiceCrush+1","sneckomod:SoulDraw","sneckomod:WideSting"],"picked":"SKIP","floor":19.0},{"not_picked":["sneckomod:UnknownBlock+1","sneckomod:UnknownRarePower+1","sneckomod:UnknownClassGREEN+1"],"picked":"sneckomod:UnknownEthereal+1","floor":20.0},{"not_picked":["sneckomod:DiceBlock","sneckomod:Nope+1","sneckomod:ImprovisedAttack","sneckomod:TrashToTreasure"],"picked":"SKIP","floor":20.0},{"not_picked":["sneckomod:UnknownUncommonPower+1","sneckomod:UnknownX+1","sneckomod:UnknownClassWHITE+1","sneckomod:Unknown+1"],"picked":"SKIP","floor":21.0},{"not_picked":["sneckomod:UnknownBlock","sneckomod:Unknown1Cost+1","sneckomod:Unknown0Cost","sneckomod:DiceCrush"],"picked":"SKIP","floor":21.0},{"not_picked":["sneckomod:UnknownStrike","sneckomod:UnknownCommonAttack","sneckomod:RainOfDice+1","sneckomod:Cheat"],"picked":"SKIP","floor":23.0},{"not_picked":["sneckomod:SoulDraw","sneckomod:SlitherStrike+1","sneckomod:SoulCleanse","sneckomod:UnknownCommonAttack+1"],"picked":"SKIP","floor":26.0},{"not_picked":["sneckomod:Unknown0Cost+1","sneckomod:UnknownBlock+1","sneckomod:UnknownClassHEXA_GHOST_PURPLE+1"],"picked":"sneckomod:UnknownRarePower+1","floor":28.0},{"not_picked":["sneckomod:Cheat","sneckomod:UnknownWeak","sneckomod:Restock","sneckomod:UnknownVulnerable"],"picked":"SKIP","floor":28.0},{"not_picked":["sneckomod:UnknownVulnerable+1","sneckomod:UnknownClassRED+1","sneckomod:UnknownClassTHE_CHAMP_GRAY+1"],"picked":"sneckomod:UnknownRareAttack+1","floor":30.0},{"not_picked":["sneckomod:Unknown1Cost","sneckomod:UnknownCommonAttack","sneckomod:UnlimitedRolls","sneckomod:UnknownVulnerable"],"picked":"SKIP","floor":30.0},{"not_picked":["sneckomod:Unknown1Cost+1","sneckomod:UnknownClassPURPLE+1","sneckomod:UnknownEthereal+1"],"picked":"sneckomod:Unknown0Cost+1","floor":31.0},{"not_picked":["sneckomod:UnknownClassTHE_CHAMP_GRAY+1","sneckomod:QuickMove+1","sneckomod:UnknownClassBLUE+1","sneckomod:DiceCrush"],"picked":"SKIP","floor":31.0},{"not_picked":["sneckomod:UnknownX+1","sneckomod:Unknown+1","sneckomod:UnknownClassPURPLE+1","sneckomod:UnknownDexterity+1"],"picked":"SKIP","floor":32.0},{"not_picked":["sneckomod:SoulRoll+1","sneckomod:SlitherStrike","sneckomod:Unknown2Cost","sneckomod:SoulDraw"],"picked":"SKIP","floor":32.0},{"not_picked":["sneckomod:DangerNoodle","sneckomod:Unknown3Cost","sneckomod:Mudshield"],"picked":"sneckomod:SerpentMind","floor":33.0},{"not_picked":["sneckomod:Unknown1Cost","sneckomod:SoulRoll+1"],"picked":"SKIP","floor":36.0},{"not_picked":["sneckomod:UnknownWeak+1","sneckomod:UnknownUncommonAttack+1"],"picked":"SKIP","floor":43},{"not_picked":["sneckomod:SnekBeam+1","sneckomod:QuickBite+1"],"picked":"SKIP","floor":43},{"not_picked":["sneckomod:UnknownRareSkill+1","sneckomod:UnknownClassTHE_CURSED_PURPLE+1"],"picked":"SKIP","floor":44},{"not_picked":["sneckomod:UnknownClassBLUE","sneckomod:UnknownClassHEXA_GHOST_PURPLE+1"],"picked":"SKIP","floor":44},{"not_picked":["sneckomod:Unknown2Cost+1","sneckomod:UnknownX+1"],"picked":"SKIP","floor":48},{"not_picked":["sneckomod:SoulRoll+1","sneckomod:UnknownCommonAttack+1"],"picked":"SKIP","floor":48},{"not_picked":["sneckomod:SoulExchange","sneckomod:UnknownCommonAttack+1"],"picked":"SKIP","floor":49}],"player_experience":149644,"relics_obtained":[{"floor":7.0,"key":"Tiny Chest"},{"floor":11.0,"key":"sneckomod:LoadedDie"},{"floor":14.0,"key":"Question Card"},{"floor":23.0,"key":"WingedGreaves"},{"floor":24.0,"key":"Shuriken"},{"floor":30.0,"key":"MawBank"},{"floor":41,"key":"Mercury Hourglass"},{"floor":44,"key":"Kunai"},{"floor":46,"key":"MealTicket"}],"event_choices":[{"damage_healed":23.0,"max_hp_gain":0.0,"max_hp_loss":0.0,"gold_gain":0.0,"event_name":"Mushrooms","player_choice":"Healed and dodged fight","floor":10.0,"gold_loss":0.0,"damage_taken":0.0,"cards_obtained":["Parasite"]},{"damage_healed":0.0,"max_hp_gain":0.0,"max_hp_loss":0.0,"gold_gain":0.0,"event_name":"Vampires","player_choice":"Ignored","floor":22.0,"gold_loss":0.0,"damage_taken":0.0}],"is_beta":false,"boss_relics":[{"not_picked":["Velvet Choker","Black Star"],"picked":"SlaversCollar"},{"not_picked":["SacredBark","Calling Bell"],"picked":"Busted Crown"}],"items_purged_floors":[13,28,38,40],"is_endless":false,"potions_floor_spawned":[5,15,16,19,23,30,31,32,33,48],"killed_by":"downfall:CharBossMerchant","ascension_level":0}}