{"host":"y9cfhv0nasly8qeh","time":1609822008,"event":{"mods":["BaseMod","Minty Spire (QoL Compilation)","Relic Stats","StSLib","[IsaacMod]ÒÔÈö¼âËþ"],"gold_per_floor":[119,135,57,57,57,85,85,436,436,453,179,179,198,214,214,310,310,328,328,328,641,654,654,665,677,758,214,139,139,312,328,328,432,432,447,447,30,49,10,10,10,10,89,89,114,737,737,754,754,754],"floor_reached":51,"playtime":3113,"items_purged":["Strike_R","Strike_R","Strike_R","Defend_R","Defend_R","BettingIsNotGood","Bash","Infernal Blade"],"score":846,"play_id":"5f57385b-9dcb-43cd-8536-23417b18d66e","local_time":"20210105124648","is_ascension_mode":false,"campfire_choices":[{"data":"Armaments","floor":12.0,"key":"SMITH"},{"data":"Berserk","floor":15.0,"key":"SMITH"},{"data":"Dark Embrace","floor":23.0,"key":"SMITH"},{"data":"Barricade","floor":32.0,"key":"SMITH"},{"data":"Feel No Pain","floor":40,"key":"SMITH"},{"floor":44,"key":"DIG"},{"floor":49,"key":"DIG"}],"circlet_count":0,"master_deck":["Entrench","Dark Embrace+1","Second Wind","Power Through","Berserk+1","Armaments+1","Entrench","Offering","Feel No Pain+1","Barricade+1","Berserk","Seeing Red","Sentinel","Panacea","Feel No Pain+1","EpicFetus"],"relics":["Burning Blood","HushsDoor","GuppysTail","NeowsBlessing","GuppysHead","Sling","PunchingBag","Pear","Kunai","Oddly Smooth Stone","Bag of Marbles","Orrery","Champion Belt","TheBean","Empty Cage","SatanicBible","GuppysCollar","RottenBaby","Enchiridion","HowToJump","Blood Vial","HandDrill","Bottled Tornado","Tiny Chest","Frozen Eye","OrangePellets","Anchor","Coffee Dripper","GuppysPaw","PreservedInsect","Shovel","Letter Opener","FossilizedHelix","Du-Vu Doll","Turnip","White Beast Statue","Medical Kit","Akabeko"],"acts_visited":["Exordium","TheCity","TheBeyond"],"potions_floor_usage":[38,50,50,50],"damage_taken":[{"damage":0.0,"enemies":"2 Louse","floor":1.0,"turns":1.0},{"damage":0.0,"enemies":"Jaw Worm","floor":2.0,"turns":1.0},{"damage":0.0,"enemies":"3 Sentries","floor":6.0,"turns":2.0},{"damage":1.0,"enemies":"Small Slimes","floor":10.0,"turns":3.0},{"damage":0.0,"enemies":"3 Louse","floor":13.0,"turns":2.0},{"damage":0.0,"enemies":"Exordium Wildlife","floor":14.0,"turns":1.0},{"damage":48.0,"enemies":"Hexaghost","floor":16.0,"turns":10.0},{"damage":3.0,"enemies":"Chosen","floor":18.0,"turns":3.0},{"damage":0.0,"enemies":"3 Byrds","floor":22.0,"turns":2.0},{"damage":6.0,"enemies":"Centurion and Healer","floor":24.0,"turns":5.0},{"damage":0.0,"enemies":"Shelled Parasite and Fungi","floor":25.0,"turns":3.0},{"damage":0.0,"enemies":"Cultist and Chosen","floor":31.0,"turns":4.0},{"damage":6.0,"enemies":"Collector","floor":33.0,"turns":6.0},{"damage":6,"enemies":"Orb Walker","floor":35,"turns":3},{"damage":0,"enemies":"3 Shapes","floor":38,"turns":3},{"damage":0,"enemies":"Giant Head","floor":45,"turns":4},{"damage":0,"enemies":"Maw","floor":48,"turns":6},{"damage":0,"enemies":"Donu and Deca","floor":50,"turns":8}],"seed_played":"558277535442387367","potions_obtained":[{"floor":6.0,"key":"SpeedPotion"},{"floor":13.0,"key":"AttackPotion"},{"floor":16.0,"key":"FearPotion"},{"floor":18.0,"key":"ColorlessPotion"},{"floor":24.0,"key":"BloodPotion"},{"floor":29.0,"key":"Fruit Juice"},{"floor":29.0,"key":"Ancient Potion"},{"floor":38,"key":"Fruit Juice"},{"floor":45,"key":"FearPotion"}],"is_trial":false,"path_per_floor":["M","M","$","?","?","E","?","$","T","M","$","R","M","M","R","B",null,"M","?","?","$","M","R","M","M","T","$","?","?","$","M","R","B",null,"M","?","$","M","$","R","T","?","T","R","E","$","?","M","R","B",null],"character_chosen":"IRONCLAD","items_purchased":["GuppysHead","Sling","PunchingBag","CultistPotion","Dark Embrace","Fire Potion","Oddly Smooth Stone","Bag of Marbles","Orrery","TheBean","SatanicBible","GuppysCollar","RottenBaby","HowToJump","Blood Vial","HandDrill","Tiny Chest","Frozen Eye","ElixirPotion","Ancient Potion","Barricade","OrangePellets","Anchor","GuppysPaw","PreservedInsect","Seeing Red","Sentinel","SkillPotion","EpicFetus","Turnip","White Beast Statue","Medical Kit"],"campfire_rested":0,"item_purchase_floors":[3,3,3,3,3,8,8,8,8,11,17,17,17,21,21,21,27,27,27,30,30,30,30,34,37,37,39,46,46,46,46,46],"current_hp_per_floor":[80,80,80,78,71,82,82,82,82,87,87,87,90,90,90,48,51,51,51,35,35,43,43,45,51,51,51,51,56,56,56,56,56,46,46,44,44,49,49,49,49,49,49,49,49,49,49,49,49,49],"gold":754,"neow_bonus":"THREE_ENEMY_KILL","is_daily":false,"chose_seed":false,"campfire_upgraded":5,"win_rate":0.0,"timestamp":1609822008,"path_taken":["M","M","$","?","?","E","?","$","T","M","$","R","M","M","R","BOSS","M","?","?","$","M","R","M","M","T","$","?","?","$","M","R","BOSS","M","?","$","M","$","R","?","?","T","R","E","$","?","?","R","BOSS"],"items_purchased_type":["Relic","Relic","Relic","Potion","Card","Potion","Relic","Relic","Relic","Relic","Relic","Relic","Relic","Relic","Relic","Relic","Relic","Relic","Potion","Potion","Card","Relic","Relic","Relic","Relic","Card","Card","Potion","Card","Relic","Relic","Relic"],"build_version":"2020-12-22","purchased_purges":8,"victory":true,"max_hp_per_floor":[80,80,80,90,90,90,90,90,90,90,90,90,90,90,90,90,51,51,51,51,51,51,51,51,51,51,51,51,56,56,56,56,56,46,46,44,44,49,49,49,49,49,49,49,49,49,49,49,49,49],"relic_stats":{"counters":[18,67],"PreservedInsect":125,"Letter Opener":[104],"Medical Kit":[10],"Burning Blood":52,"Blood Vial":6,"OrangePellets":[4],"Shovel":2,"Tiny Chest":1,"Turnip":[3],"HandDrill":[20],"Kunai":[0],"Champion Belt":[44],"obtain_stats":[{"GuppysTail":0,"GuppysPaw":34,"Enchiridion":20,"Bottled Tornado":26,"Sling":3,"Empty Cage":17,"Burning Blood":0,"SatanicBible":17,"Blood Vial":21,"Frozen Eye":27,"TheBean":11,"Shovel":41,"Tiny Chest":27,"HandDrill":21,"Kunai":6,"KeepersGift":0,"PunchingBag":3,"Pear":4,"NeowsBlessing":0,"HowToJump":21,"Oddly Smooth Stone":8,"RottenBaby":17,"PreservedInsect":37,"Letter Opener":43,"Medical Kit":46,"White Beast Statue":46,"Akabeko":49,"Du-Vu Doll":45,"OrangePellets":30,"Anchor":30,"Orrery":8,"Turnip":46,"Bag of Marbles":8,"Coffee Dripper":34,"GuppysHead":3,"Champion Belt":9,"HushsDoor":0,"GuppysCollar":17,"FossilizedHelix":44},{"GuppysTail":0,"GuppysPaw":13,"Enchiridion":8,"Bottled Tornado":11,"Sling":2,"Empty Cage":7,"Burning Blood":0,"SatanicBible":7,"Blood Vial":8,"Frozen Eye":11,"TheBean":4,"Shovel":15,"Tiny Chest":11,"HandDrill":8,"Kunai":3,"KeepersGift":0,"PunchingBag":2,"Pear":2,"NeowsBlessing":0,"HowToJump":8,"Oddly Smooth Stone":3,"RottenBaby":7,"PreservedInsect":14,"Letter Opener":15,"Medical Kit":16,"White Beast Statue":16,"Akabeko":17,"Du-Vu Doll":16,"OrangePellets":11,"Anchor":11,"Orrery":3,"Turnip":16,"Bag of Marbles":3,"Coffee Dripper":13,"GuppysHead":2,"Champion Belt":3,"HushsDoor":0,"GuppysCollar":7,"FossilizedHelix":15},{"GuppysTail":0,"GuppysPaw":43,"Enchiridion":23,"Bottled Tornado":33,"Sling":2,"Empty Cage":20,"Burning Blood":0,"SatanicBible":20,"Blood Vial":23,"Frozen Eye":33,"TheBean":7,"Shovel":49,"Tiny Chest":33,"HandDrill":23,"Kunai":4,"KeepersGift":0,"PunchingBag":2,"Pear":2,"NeowsBlessing":0,"HowToJump":23,"Oddly Smooth Stone":4,"RottenBaby":20,"PreservedInsect":46,"Letter Opener":49,"Medical Kit":53,"White Beast Statue":53,"Akabeko":59,"Du-Vu Doll":53,"OrangePellets":33,"Anchor":33,"Orrery":4,"Turnip":53,"Bag of Marbles":4,"Coffee Dripper":43,"GuppysHead":2,"Champion Belt":4,"HushsDoor":0,"GuppysCollar":20,"FossilizedHelix":49}]},"card_choices":[{"not_picked":[],"picked":"BettingIsNotGood","floor":0.0},{"not_picked":["Cleave","Thunderclap"],"picked":"Infernal Blade","floor":1.0},{"not_picked":["Reckless Charge","Ghostly Armor"],"picked":"Entrench","floor":2.0},{"not_picked":["Searing Blow","Twin Strike"],"picked":"Second Wind","floor":6.0},{"not_picked":["Body Slam","Shrug It Off"],"picked":"Power Through","floor":8.0},{"not_picked":["Flex","Perfected Strike"],"picked":"Berserk","floor":8.0},{"not_picked":["Rampage","Perfected Strike"],"picked":"Armaments","floor":8.0},{"not_picked":["Heavy Blade","Carnage","Dual Wield"],"picked":"SKIP","floor":10.0},{"not_picked":["Pommel Strike","Entrench","Headbutt"],"picked":"SKIP","floor":13.0},{"not_picked":["Pommel Strike","Headbutt"],"picked":"Entrench","floor":13.0},{"not_picked":["Havoc","Sword Boomerang","Sentinel"],"picked":"SKIP","floor":14.0},{"not_picked":["Feed","Juggernaut"],"picked":"Offering","floor":16.0},{"not_picked":["Clash","Anger"],"picked":"Feel No Pain","floor":18.0},{"not_picked":["Sword Boomerang+1","Pommel Strike+1","Thunderclap"],"picked":"SKIP","floor":22.0},{"not_picked":["Flex+1","Wild Strike+1","Blood for Blood+1"],"picked":"SKIP","floor":24.0},{"not_picked":["True Grit","Iron Wave+1","Warcry+1"],"picked":"SKIP","floor":25.0},{"not_picked":["Intimidate","Headbutt","Entrench"],"picked":"SKIP","floor":31.0},{"not_picked":["Exhume","Juggernaut"],"picked":"Berserk","floor":33.0},{"not_picked":["Armaments","Blood for Blood","Wild Strike"],"picked":"SKIP","floor":35},{"not_picked":["Headbutt+1","Flame Barrier+1","Twin Strike+1"],"picked":"SKIP","floor":38},{"not_picked":["Bandage Up","Enlightenment"],"picked":"Panacea","floor":42},{"not_picked":["True Grit+1","Flex"],"picked":"Feel No Pain+1","floor":45},{"not_picked":["Clothesline","Cleave+1","Sword Boomerang+1"],"picked":"SKIP","floor":48}],"player_experience":530028,"relics_obtained":[{"floor":6.0,"key":"Kunai"},{"floor":9.0,"key":"Champion Belt"},{"floor":20.0,"key":"Enchiridion"},{"floor":26.0,"key":"Bottled Tornado"},{"floor":41,"key":"Shovel"},{"floor":43,"key":"Letter Opener"},{"floor":44,"key":"FossilizedHelix"},{"floor":45,"key":"Du-Vu Doll"},{"floor":49,"key":"Akabeko"}],"event_choices":[{"damage_healed":0.0,"max_hp_gain":0.0,"max_hp_loss":0.0,"gold_gain":0.0,"event_name":"Scrap Ooze","player_choice":"Success","floor":4.0,"gold_loss":0.0,"damage_taken":12.0,"relics_obtained":["Pear"]},{"cards_removed":["Strike_R"],"damage_healed":0.0,"max_hp_gain":0.0,"max_hp_loss":0.0,"gold_gain":0.0,"event_name":"Golden Wing","player_choice":"Card Removal","floor":5.0,"gold_loss":0.0,"damage_taken":7.0},{"damage_healed":0.0,"max_hp_gain":0.0,"max_hp_loss":0.0,"gold_gain":0.0,"event_name":"Liars Game","player_choice":"Ignored","floor":7.0,"gold_loss":0.0,"damage_taken":0.0},{"damage_healed":0.0,"max_hp_gain":0.0,"max_hp_loss":0.0,"gold_gain":0.0,"event_name":"Vampires","player_choice":"Ignored","floor":19.0,"gold_loss":0.0,"damage_taken":0.0},{"damage_healed":0.0,"max_hp_gain":0.0,"max_hp_loss":0.0,"gold_gain":0.0,"event_name":"Cursed Tome","player_choice":"Obtained Book","floor":20.0,"gold_loss":0.0,"damage_taken":16.0},{"cards_removed":["Defend_R"],"damage_healed":0.0,"max_hp_gain":0.0,"max_hp_loss":0.0,"gold_gain":0.0,"event_name":"Beggar","player_choice":"Gave Gold","floor":28.0,"gold_loss":75.0,"damage_taken":0.0},{"damage_healed":0.0,"max_hp_gain":0.0,"max_hp_loss":0.0,"gold_gain":0.0,"event_name":"Lab","player_choice":"Got Potions","floor":29.0,"gold_loss":0.0,"damage_taken":0.0},{"damage_healed":0,"gold_gain":0,"player_choice":"Max HP","damage_taken":0,"max_hp_gain":0,"max_hp_loss":2,"event_name":"Winding Halls","floor":36,"gold_loss":0},{"damage_healed":0,"gold_gain":0,"player_choice":"Memory 1","damage_taken":0,"max_hp_gain":0,"max_hp_loss":0,"event_name":"SensoryStone","floor":42,"gold_loss":0}],"is_beta":false,"boss_relics":[{"not_picked":["Calling Bell","Philosopher\u0027s Stone"],"picked":"Empty Cage"},{"not_picked":[]},{"not_picked":["Astrolabe","SlaversCollar"],"picked":"Coffee Dripper"},{"not_picked":[]}],"items_purged_floors":[3,8,11,21,27,30,37,46],"is_endless":false,"potions_floor_spawned":[6,10,13,16,18,24,38,45,48],"ascension_level":0}}