{"host":"l12hrjjiowxu1z6t","time":1609876191,"event":{"mods":["AchievementEnabler","BaseMod","Colored Map","Colored Powertips","Highlight Path","Minty Spire (QoL Compilation)","Relic Stats"],"gold_per_floor":[109,109,34,53,328,328,43,70,119,175,187,206,206,221,221,325,325,342,441,452,452,469,498,498,62,89,89,15,26,58,74,74,173,173,184,200,0,0,10,10,22,22,22,36,50,76,126,142,142,142,142,142,48,83,83],"floor_reached":56,"playtime":3501,"items_purged":["Defend_B","Regret"],"score":1294,"play_id":"9718693f-bd25-4586-9d19-774e46ab8ced","local_time":"20210105194951","is_ascension_mode":false,"campfire_choices":[{"data":"Genetic Algorithm","floor":6,"key":"SMITH"},{"data":"Defend_B","floor":13,"key":"PURGE"},{"floor":15,"key":"REST"},{"floor":24,"key":"REST"},{"floor":27,"key":"REST"},{"floor":32,"key":"REST"},{"floor":40,"key":"RECALL"},{"floor":42,"key":"REST"},{"data":"Strike_B","floor":49,"key":"PURGE"},{"data":"Defend_B","floor":52,"key":"PURGE"}],"circlet_count":0,"master_deck":["Strike_B","Strike_B","Defend_B","Zap","Dualcast","Static Discharge","Lockon","Genetic Algorithm+1","Apotheosis","Reboot","Go for the Eyes","Turbo","Redo","All For One","Hologram+1","Leap","Electrodynamics","Ball Lightning","Defragment","Sweeping Beam","Conserve Battery+1","Skim","All For One","Rebound+1","Genetic Algorithm+1","Beam Cell","Skim","Defragment+1","Beam Cell+1","Madness","BootSequence+1"],"relics":["Cracked Core","Peace Pipe","Oddly Smooth Stone","Pantograph","Sozu","StoneCalendar","Orichalcum","Bag of Preparation","Gremlin Horn","Philosopher\u0027s Stone","Red Mask","Lizard Tail","Bronze Scales","Du-Vu Doll","Kunai"],"acts_visited":["Exordium","TheCity","TheBeyond","TheEnding"],"potions_floor_usage":[21,23,31],"damage_taken":[{"damage":0,"enemies":"Small Slimes","floor":1,"turns":3},{"damage":0,"enemies":"Cultist","floor":4,"turns":2},{"damage":11,"enemies":"Lagavulin","floor":8,"turns":5},{"damage":27,"enemies":"3 Sentries","floor":10,"turns":5},{"damage":8,"enemies":"Jaw Worm","floor":11,"turns":3},{"damage":5,"enemies":"3 Louse","floor":12,"turns":3},{"damage":16,"enemies":"Exordium Wildlife","floor":14,"turns":3},{"damage":0,"enemies":"Slime Boss","floor":16,"turns":6},{"damage":4,"enemies":"3 Byrds","floor":18,"turns":3},{"damage":15,"enemies":"Spheric Guardian","floor":20,"turns":4},{"damage":18,"enemies":"3 Cultists","floor":22,"turns":5},{"damage":20,"enemies":"Gremlin Leader","floor":23,"turns":7},{"damage":9,"enemies":"Snecko","floor":29,"turns":4},{"damage":21,"enemies":"Slavers","floor":30,"turns":3},{"damage":0,"enemies":"Centurion and Healer","floor":31,"turns":5},{"damage":14,"enemies":"Champ","floor":33,"turns":7},{"damage":3,"enemies":"Orb Walker","floor":35,"turns":3},{"damage":0,"enemies":"3 Shapes","floor":36,"turns":2},{"damage":17,"enemies":"Spire Growth","floor":39,"turns":4},{"damage":28,"enemies":"3 Darklings","floor":41,"turns":3},{"damage":0,"enemies":"Transient","floor":44,"turns":5},{"damage":6,"enemies":"Sphere and 2 Shapes","floor":45,"turns":3},{"damage":14,"enemies":"Giant Head","floor":46,"turns":7},{"damage":0,"enemies":"Mind Bloom Boss Battle","floor":47,"turns":3},{"damage":16,"enemies":"Spire Growth","floor":48,"turns":4},{"damage":74,"enemies":"Time Eater","floor":50,"turns":7},{"damage":24,"enemies":"Shield and Spear","floor":54,"turns":5},{"damage":79,"enemies":"The Heart","floor":55,"turns":7}],"seed_played":"-4737243266889705404","potions_obtained":[{"floor":10,"key":"EssenceOfSteel"},{"floor":14,"key":"FearPotion"},{"floor":16,"key":"Fruit Juice"}],"is_trial":false,"path_per_floor":["M","?","$","M","?","R","$","E","T","?","M","M","R","M","R","B",null,"M","?","M","?","M","E","R","$","T","R","$","M","E","M","R","B",null,"M","M","?","?","M","R","M","R","T","M","M","E","?","M","R","B",null,"R","$","E","B",null],"character_chosen":"DEFECT","items_purchased":["Apotheosis","Orichalcum","Bag of Preparation","Electrodynamics","Ball Lightning","Defragment","Madness"],"campfire_rested":5,"item_purchase_floors":[7,25,25,25,25,28,53],"current_hp_per_floor":[82,82,82,82,82,82,82,71,71,44,36,31,31,15,39,64,82,78,78,63,52,34,14,41,41,41,68,68,59,38,38,65,76,92,89,89,89,89,72,72,44,71,71,71,65,51,76,60,60,11,92,92,92,68,13],"gold":83,"neow_bonus":"TEN_PERCENT_HP_BONUS","is_daily":false,"chose_seed":false,"campfire_upgraded":1,"win_rate":0.0,"timestamp":1609876191,"path_taken":["M","?","$","?","?","R","?","E","T","?","M","M","R","M","R","BOSS","M","?","M","?","M","E","R","$","T","R","?","M","E","M","R","BOSS","M","M","?","?","?","R","M","R","T","M","M","E","?","M","R","BOSS","R","$","E","BOSS"],"items_purchased_type":["Card","Relic","Relic","Card","Card","Card","Card"],"build_version":"2020-12-22","purchased_purges":2,"victory":true,"max_hp_per_floor":[82,82,82,82,82,82,82,82,82,82,82,82,82,82,82,82,82,82,82,82,92,92,92,92,92,92,92,92,92,92,92,92,92,92,92,92,92,92,92,92,92,92,92,92,92,92,92,92,92,92,92,92,92,92,92],"relic_stats":{"Peace Pipe":3,"Sozu":10,"Lizard Tail":0,"Gremlin Horn":[9,9],"counters":[28,121],"Pantograph":124,"Bronze Scales":[129],"StoneCalendar":[52],"Bag of Preparation":[32],"Kunai":[5],"Orichalcum":[162],"obtain_stats":[{"Gremlin Horn":30,"Oddly Smooth Stone":9,"StoneCalendar":23,"Bag of Preparation":25,"Orichalcum":25,"Peace Pipe":8,"Sozu":17,"Du-Vu Doll":47,"Lizard Tail":43,"Pantograph":10,"Bronze Scales":46,"Philosopher\u0027s Stone":34,"Red Mask":37,"Kunai":54,"Cracked Core":0},{"Gremlin Horn":14,"Oddly Smooth Stone":3,"StoneCalendar":12,"Bag of Preparation":12,"Orichalcum":12,"Peace Pipe":3,"Sozu":8,"Du-Vu Doll":24,"Lizard Tail":20,"Pantograph":4,"Bronze Scales":23,"Philosopher\u0027s Stone":16,"Red Mask":18,"Kunai":27,"Cracked Core":0},{"Gremlin Horn":56,"Oddly Smooth Stone":10,"StoneCalendar":49,"Bag of Preparation":49,"Orichalcum":49,"Peace Pipe":10,"Sozu":30,"Du-Vu Doll":98,"Lizard Tail":80,"Pantograph":15,"Bronze Scales":95,"Philosopher\u0027s Stone":68,"Red Mask":73,"Kunai":114,"Cracked Core":0}]},"card_choices":[{"not_picked":["Leap","Compile Driver"],"picked":"Static Discharge","floor":1},{"not_picked":["Sweeping Beam","Coolheaded"],"picked":"Genetic Algorithm","floor":4},{"not_picked":["Double Energy","Stack"],"picked":"Reboot","floor":8},{"not_picked":["White Noise","Coolheaded"],"picked":"Go for the Eyes","floor":10},{"not_picked":["Compile Driver","Reinforced Body","Hello World"],"picked":"SKIP","floor":11},{"not_picked":["Go for the Eyes","Beam Cell"],"picked":"Turbo","floor":12},{"not_picked":["Streamline","Beam Cell"],"picked":"Redo","floor":14},{"not_picked":["Creative AI","Core Surge"],"picked":"All For One","floor":16},{"not_picked":["Chill","Force Field","Consume"],"picked":"SKIP","floor":18},{"not_picked":["Ball Lightning","Streamline","Leap"],"picked":"SKIP","floor":20},{"not_picked":["Cold Snap","Recycle"],"picked":"Hologram+1","floor":22},{"not_picked":["Chaos","Blizzard"],"picked":"Leap","floor":23},{"not_picked":["Storm","Static Discharge+1"],"picked":"Sweeping Beam","floor":29},{"not_picked":["Hyperbeam","Sweeping Beam"],"picked":"Conserve Battery+1","floor":30},{"not_picked":["Blizzard","Rebound"],"picked":"Skim","floor":31},{"not_picked":["Rainbow","Amplify"],"picked":"All For One","floor":33},{"not_picked":["Cold Snap+1","Sweeping Beam+1"],"picked":"Rebound+1","floor":35},{"not_picked":["Compile Driver+1","Conserve Battery+1","Chill+1"],"picked":"SKIP","floor":36},{"not_picked":["Go for the Eyes+1","Stack"],"picked":"Beam Cell","floor":39},{"not_picked":["Leap+1","Rainbow"],"picked":"Skim","floor":41},{"not_picked":["Go for the Eyes+1","Leap+1"],"picked":"Defragment+1","floor":44},{"not_picked":["Recycle+1","Auto Shields+1","Stack+1"],"picked":"SKIP","floor":45},{"not_picked":["Buffer","Static Discharge","Doom and Gloom"],"picked":"SKIP","floor":46},{"not_picked":["Sweeping Beam","Streamline+1"],"picked":"Beam Cell+1","floor":48},{"not_picked":["Leap","Core Surge"],"picked":"BootSequence+1","floor":54}],"player_experience":77143,"relics_obtained":[{"floor":8,"key":"Peace Pipe"},{"floor":9,"key":"Oddly Smooth Stone"},{"floor":10,"key":"Pantograph"},{"floor":23,"key":"StoneCalendar"},{"floor":30,"key":"Gremlin Horn"},{"floor":43,"key":"Lizard Tail"},{"floor":46,"key":"Bronze Scales"},{"floor":47,"key":"Du-Vu Doll"},{"floor":54,"key":"Kunai"}],"event_choices":[{"damage_healed":0,"gold_gain":0,"cards_transformed":["Strike_B"],"player_choice":"Transformed","damage_taken":0,"max_hp_gain":0,"max_hp_loss":0,"event_name":"Transmorgrifier","floor":2,"gold_loss":0,"cards_obtained":["Lockon"]},{"damage_healed":0,"gold_gain":275,"player_choice":"Desecrate","damage_taken":0,"max_hp_gain":0,"max_hp_loss":0,"event_name":"Golden Shrine","floor":5,"gold_loss":0,"cards_obtained":["Regret"]},{"damage_healed":0,"gold_gain":0,"player_choice":"Searched \u00271\u0027 times","damage_taken":0,"max_hp_gain":0,"max_hp_loss":0,"event_name":"Dead Adventurer","floor":10,"gold_loss":0},{"damage_healed":0,"gold_gain":99,"player_choice":"Stole From Cult","damage_taken":0,"max_hp_gain":0,"max_hp_loss":0,"event_name":"Nest","floor":19,"gold_loss":0},{"damage_healed":0,"gold_gain":0,"player_choice":"Shed Blood","damage_taken":21,"max_hp_gain":5,"max_hp_loss":0,"event_name":"Forgotten Altar","floor":21,"gold_loss":0},{"damage_healed":0,"gold_gain":0,"player_choice":"Paid","damage_taken":0,"relics_obtained":["Red Mask"],"max_hp_gain":0,"max_hp_loss":0,"event_name":"Tomb of Lord Red Mask","floor":37,"gold_loss":200},{"damage_healed":0,"gold_gain":0,"player_choice":"Copied","damage_taken":0,"max_hp_gain":0,"max_hp_loss":0,"event_name":"Duplicator","floor":38,"gold_loss":0,"cards_obtained":["Genetic Algorithm"]},{"damage_healed":0,"gold_gain":0,"player_choice":"Fight","damage_taken":0,"max_hp_gain":0,"max_hp_loss":0,"event_name":"MindBloom","floor":47,"gold_loss":0}],"is_beta":false,"boss_relics":[{"not_picked":["Tiny House","Busted Crown"],"picked":"Sozu"},{"not_picked":["Coffee Dripper","Runic Pyramid"],"picked":"Philosopher\u0027s Stone"}],"items_purged_floors":[3,7],"is_endless":false,"potions_floor_spawned":[10,14,16,18,20,22,29,35,41,44,45,46,47],"ascension_level":0}}