{"host":"uceopoba4zvqsgiy","time":1609822966,"event":{"mods":["Act Like it!","BaseMod","Better Skull","Better Third Choice","Elementarium","Evolution","GifTheSpireLib","Hermit","Humility","Infinite Spire","Jorbs\u0027s Wanderer Trilogy","Marked Mod","Minty Spire (QoL Compilation)","Potionbrewer","Replay The Spire","Robot Space Explorer","Shade Mod","Spicy Shops","StSLib","Stuff the Spire","The Blue Laboratory","The Caster","The Cursed","The Dragon Tamer","The Hierophant","The Judge","The Jungle","Wandering Minibosses"],"gold_per_floor":[117,117,134,148,148,148,148],"floor_reached":6,"playtime":376,"items_purged":[],"score":36,"play_id":"5c277089-1fe8-462b-83ba-3cc5335bc449","local_time":"20210105153246","is_ascension_mode":false,"campfire_choices":[],"circlet_count":0,"master_deck":["caster:Meteor","caster:DivertFocus","caster:LAZER","caster:LAZER","caster:strike","caster:strike","caster:defend","caster:defend","caster:defend","caster:defend","caster:defend","Mayhem+1","caster:AbsoluteZero","caster:MagicWeapon","caster:Grimoire"],"relics":["caster:MagicBook","EVO:Axolotl"],"acts_visited":["Exordium"],"potions_floor_usage":[],"damage_taken":[{"damage":0,"enemies":"2 Louse","floor":1,"turns":2},{"damage":0,"enemies":"Small Slimes","floor":3,"turns":4},{"damage":5,"enemies":"Cultist","floor":4,"turns":4},{"damage":61,"enemies":"3 Sentries","floor":6,"turns":6}],"seed_played":"1472211977705747798","potions_obtained":[{"floor":1,"key":"Milkshake"}],"is_trial":false,"path_per_floor":["M","?","M","M","?","E"],"character_chosen":"THE_CASTER","items_purchased":[],"campfire_rested":0,"item_purchase_floors":[],"current_hp_per_floor":[58,58,58,53,53,0,0],"gold":148,"neow_bonus":"RANDOM_COLORLESS_2","is_daily":false,"chose_seed":false,"campfire_upgraded":0,"win_rate":0.0,"timestamp":1609822966,"path_taken":["M","?","M","M","?","E"],"items_purchased_type":[],"build_version":"2020-12-22","purchased_purges":0,"victory":false,"max_hp_per_floor":[58,58,58,58,58,58,58],"card_choices":[{"not_picked":["Sadistic Nature","StuffTheSpire:Recharge"],"picked":"Mayhem","floor":0},{"not_picked":["caster:Rectify","caster:FrostDriver"],"picked":"caster:AbsoluteZero","floor":1},{"not_picked":["caster:FlashFrost","caster:Charge"],"picked":"caster:MagicWeapon","floor":3},{"not_picked":["caster:WallOfMirrors","caster:FireWall"],"picked":"caster:Grimoire","floor":4}],"player_experience":1583029,"relics_obtained":[],"event_choices":[{"damage_healed":0,"gold_gain":0,"player_choice":"Leave","damage_taken":0,"max_hp_gain":0,"max_hp_loss":0,"event_name":"The Cleric","floor":2,"gold_loss":0},{"damage_healed":0,"gold_gain":0,"player_choice":"Grow","damage_taken":0,"max_hp_gain":0,"max_hp_loss":0,"event_name":"Living Wall","floor":5,"gold_loss":0,"cards_upgraded":["Mayhem"]}],"is_beta":false,"boss_relics":[],"items_purged_floors":[],"is_endless":false,"potions_floor_spawned":[1],"killed_by":"3 Sentries","ascension_level":0}}