{"host":"Timothy","time":1609816251,"event":{"mods":["AchievementEnabler","BaseMod","Bestiary","Highlight Path","Minty Spire (QoL Compilation)","Quick Restart","Slay-I"],"gold_per_floor":[114,129,144,159,159,197,73,111,111,111,130,149,168,34,34,159,159,178,197,216,235,254,292,142,142,217,257,312,26,41,56,56,156,156,171,171,216,231,246,306,306,321,396,456,471,501,501,516,516,516],"floor_reached":51,"playtime":6414,"items_purged":["Establishment","DevaForm"],"score":999,"play_id":"01a45e3d-32f9-4826-a584-51bc7d5078d3","local_time":"20210104191051","daily_mods":["Shiny","Red Cards","Night Terrors"],"is_ascension_mode":false,"campfire_choices":[{"data":"Brutality","floor":10.0,"key":"SMITH"},{"data":"Blasphemy","floor":15.0,"key":"SMITH"},{"data":"Wish","floor":32.0,"key":"SMITH"},{"data":"BattleHymn","floor":49,"key":"SMITH"}],"circlet_count":0,"master_deck":["Double Tap+1","Demon Form+1","Bludgeon+1","Feed+1","Limit Break+1","Corruption+1","Barricade+1","Fiend Fire+1","Berserk+1","Impervious+1","Juggernaut+1","Brutality+1","Reaper+1","Exhume+1","Offering+1","Immolate+1","Judgement+1","ConjureBlade+1","MasterReality+1","Brilliance+1","Devotion+1","Blasphemy+1","Ragnarok+1","LessonLearned+1","Scrawl+1","Vault+1","Alpha+1","Wish+1","Omniscience+1","SpiritShield+1","DeusExMachina+1","Headbutt+1","Conclude+1","Evaluate+1","Sword Boomerang+1","ReachHeaven+1","True Grit+1","Wallop+1","FollowUp+1","Infernal Blade+1","BowlingBash+1","CarveReality+1","Searing Blow+4","Carnage+1","Immolate+1","SandsOfTime+1","Madness+1","Madness+1","Protect+1","Wish","BattleHymn+1","WheelKick+1"],"relics":["PureWater","Bloody Idol","MealTicket","Kunai","Ornamental Fan","Snecko Eye","Bag of Preparation","ClockworkSouvenir","Molten Egg 2","Blood Vial","Bottled Lightning","Runic Pyramid","Lantern","Mark of the Bloom","Darkstone Periapt","TeardropLocket","Bottled Tornado"],"acts_visited":["TheCity","TheBeyond"],"potions_floor_usage":[50,50],"damage_taken":[{"damage":5.0,"enemies":"Small Slimes","floor":1.0,"turns":4.0},{"damage":0.0,"enemies":"Jaw Worm","floor":2.0,"turns":2.0},{"damage":7.0,"enemies":"2 Louse","floor":3.0,"turns":5.0},{"damage":7.0,"enemies":"Exordium Wildlife","floor":4.0,"turns":4.0},{"damage":12.0,"enemies":"Gremlin Nob","floor":6.0,"turns":3.0},{"damage":0.0,"enemies":"3 Sentries","floor":8.0,"turns":1.0},{"damage":0.0,"enemies":"3 Louse","floor":11.0,"turns":1.0},{"damage":25.0,"enemies":"Gremlin Gang","floor":12.0,"turns":4.0},{"damage":17.0,"enemies":"Lots of Slimes","floor":13.0,"turns":3.0},{"damage":14.0,"enemies":"Slime Boss","floor":16.0,"turns":5.0},{"damage":8.0,"enemies":"2 Thieves","floor":18.0,"turns":3.0},{"damage":8.0,"enemies":"Shell Parasite","floor":19.0,"turns":2.0},{"damage":0.0,"enemies":"Cultist and Chosen","floor":20.0,"turns":2.0},{"damage":28.0,"enemies":"Centurion and Healer","floor":21.0,"turns":4.0},{"damage":0.0,"enemies":"Sentry and Sphere","floor":22.0,"turns":1.0},{"damage":28.0,"enemies":"Book of Stabbing","floor":23.0,"turns":3.0},{"damage":0.0,"enemies":"Snake Plant","floor":27.0,"turns":2.0},{"damage":2.0,"enemies":"Gremlin Leader","floor":28.0,"turns":3.0},{"damage":0.0,"enemies":"Shelled Parasite and Fungi","floor":30.0,"turns":2.0},{"damage":23.0,"enemies":"Snecko","floor":31.0,"turns":5.0},{"damage":0.0,"enemies":"Automaton","floor":33.0,"turns":6.0},{"damage":0.0,"enemies":"Orb Walker","floor":35.0,"turns":3.0},{"damage":3.0,"enemies":"3 Shapes","floor":37.0,"turns":2.0},{"damage":7.0,"enemies":"Spire Growth","floor":38.0,"turns":3.0},{"damage":4.0,"enemies":"3 Darklings","floor":39.0,"turns":2.0},{"damage":0.0,"enemies":"Reptomancer","floor":40.0,"turns":8.0},{"damage":10.0,"enemies":"Sphere and 2 Shapes","floor":42.0,"turns":3.0},{"damage":21.0,"enemies":"Giant Head","floor":44.0,"turns":7.0},{"damage":6.0,"enemies":"Writhing Mass","floor":45.0,"turns":4.0},{"damage":48.0,"enemies":"Nemesis","floor":46.0,"turns":9.0},{"damage":0,"enemies":"3 Darklings","floor":48,"turns":4},{"damage":7,"enemies":"Time Eater","floor":50,"turns":5}],"seed_played":"-8136925521176778862","potions_obtained":[{"floor":4.0,"key":"Fruit Juice"},{"floor":6.0,"key":"ColorlessPotion"},{"floor":11.0,"key":"SteroidPotion"},{"floor":16.0,"key":"FearPotion"},{"floor":19.0,"key":"FearPotion"},{"floor":23.0,"key":"SmokeBomb"},{"floor":35.0,"key":"Regen Potion"},{"floor":46.0,"key":"AttackPotion"}],"is_trial":false,"path_per_floor":["M","M","M","M","?","E","$","E","T","R","M","M","M","$","R","B",null,"M","M","M","M","M","E","$","?","T","M","E","$","M","M","R","B",null,"M","?","M","M","M","E","?","M","T","E","M","E","?","M","R","B",null],"character_chosen":"WATCHER","items_purchased":["True Grit","CarveReality","ClockworkSouvenir","Bottled Lightning","Carnage+1"],"campfire_rested":0,"item_purchase_floors":[7,14,24,29,29],"current_hp_per_floor":[67,67,63,63,45,36,51,54,54,54,54,37,23,38,38,27,95,87,79,82,54,54,32,47,47,52,62,74,89,96,80,80,87,98,98,86,95,95,98,98,98,88,88,67,61,13,13,13,13,6],"gold":516,"neow_bonus":"","is_daily":true,"chose_seed":false,"campfire_upgraded":4,"win_rate":0.0,"timestamp":1609816251,"path_taken":["M","M","M","M","?","E","$","E","T","R","M","M","M","$","R","BOSS","M","M","M","M","M","E","$","?","T","M","E","$","M","M","R","BOSS","M","?","M","M","M","E","?","M","T","E","M","E","?","M","R","BOSS"],"items_purchased_type":["Card","Card","Relic","Relic","Card"],"build_version":"2020-12-18","purchased_purges":2,"victory":true,"max_hp_per_floor":[72,72,72,75,75,78,78,81,81,81,81,89,92,92,92,95,95,95,95,98,98,98,98,98,98,98,98,98,98,98,98,98,98,98,98,98,98,98,98,98,98,98,98,98,98,98,98,98,98,98],"card_choices":[{"not_picked":["Armaments","Clothesline"],"picked":"Headbutt","floor":1.0},{"not_picked":["JustLucky","MasterReality"],"picked":"Conclude","floor":2.0},{"not_picked":["EmptyFist","Halt"],"picked":"Evaluate","floor":3.0},{"not_picked":["WaveOfTheHand","Crescendo"],"picked":"Sword Boomerang","floor":4.0},{"not_picked":["Worship","Clash"],"picked":"ReachHeaven","floor":6.0},{"not_picked":["Spot Weakness","Indignation"],"picked":"Wallop","floor":8.0},{"not_picked":["Disarm","Intimidate"],"picked":"FollowUp","floor":11.0},{"not_picked":["Halt","JustLucky"],"picked":"Infernal Blade","floor":12.0},{"not_picked":["Rampage","Armaments"],"picked":"BowlingBash","floor":13.0},{"not_picked":["EmptyFist+1","TalkToTheHand","Clash"],"picked":"SKIP","floor":18.0},{"not_picked":["Hemokinesis","TalkToTheHand","Halt+1"],"picked":"SKIP","floor":19.0},{"not_picked":["Blood for Blood","Entrench","Reckless Charge"],"picked":"SKIP","floor":20.0},{"not_picked":["EmptyBody","Consecrate","Heavy Blade"],"picked":"SKIP","floor":21.0},{"not_picked":["Fasting2+1","Rage","True Grit"],"picked":"SKIP","floor":22.0},{"not_picked":["Dual Wield+1","InnerPeace"],"picked":"Searing Blow+1","floor":23.0},{"not_picked":["Halt","WreathOfFlame","Clothesline+1"],"picked":"SKIP","floor":27.0},{"not_picked":["Power Through","Pommel Strike+1","Searing Blow+1"],"picked":"SKIP","floor":28.0},{"not_picked":["Power Through","Pommel Strike+1","Searing Blow+1"],"picked":"SKIP","floor":28.0},{"not_picked":["Scrawl","Warcry","Clash+1"],"picked":"SKIP","floor":30.0},{"not_picked":["Feel No Pain","Halt","Nirvana"],"picked":"SKIP","floor":31.0},{"not_picked":["LessonLearned+1","Demon Form"],"picked":"Immolate+1","floor":33.0},{"not_picked":["Heavy Blade+1","Havoc"],"picked":"SandsOfTime+1","floor":35.0},{"not_picked":["BowlingBash+1","Body Slam+1","Flex+1"],"picked":"SKIP","floor":37.0},{"not_picked":["Warcry+1","Body Slam+1","Twin Strike+1"],"picked":"SKIP","floor":38.0},{"not_picked":["Crescendo","Twin Strike+1","Corruption"],"picked":"SKIP","floor":39.0},{"not_picked":["LikeWater","Wild Strike+1"],"picked":"Protect","floor":40.0},{"not_picked":["SignatureMove+1","FlyingSleeves+1","WindmillStrike+1"],"picked":"SKIP","floor":42.0},{"not_picked":["Pray","Anger+1","Flex"],"picked":"SKIP","floor":44.0},{"not_picked":["ForeignInfluence+1","Perfected Strike+1"],"picked":"Wish","floor":45.0},{"not_picked":["Dark Embrace+1","Reckless Charge+1"],"picked":"BattleHymn","floor":46.0},{"not_picked":["BowlingBash+1","Anger+1"],"picked":"WheelKick+1","floor":48}],"player_experience":736900,"relics_obtained":[{"floor":6.0,"key":"MealTicket"},{"floor":8.0,"key":"Kunai"},{"floor":9.0,"key":"Ornamental Fan"},{"floor":23.0,"key":"Bag of Preparation"},{"floor":26.0,"key":"Molten Egg 2"},{"floor":28.0,"key":"Blood Vial"},{"floor":40.0,"key":"Lantern"},{"floor":43.0,"key":"Darkstone Periapt"},{"floor":44.0,"key":"TeardropLocket"},{"floor":46.0,"key":"Bottled Tornado"}],"event_choices":[{"damage_healed":0.0,"max_hp_gain":0.0,"max_hp_loss":0.0,"gold_gain":0.0,"event_name":"Golden Idol","player_choice":"Take Damage","floor":5.0,"gold_loss":0.0,"damage_taken":18.0,"relics_obtained":["Golden Idol"]},{"damage_healed":0.0,"max_hp_gain":0.0,"max_hp_loss":0.0,"gold_gain":0.0,"event_name":"Forgotten Altar","player_choice":"Gave Idol","floor":25.0,"relics_lost":["Golden Idol"],"gold_loss":0.0,"damage_taken":0.0,"relics_obtained":["Bloody Idol"]},{"damage_healed":0.0,"max_hp_gain":0.0,"max_hp_loss":0.0,"gold_gain":0.0,"event_name":"Winding Halls","player_choice":"Embrace Madness","floor":36.0,"gold_loss":0.0,"damage_taken":12.0,"cards_obtained":["Madness","Madness"]},{"damage_healed":0.0,"max_hp_gain":0.0,"max_hp_loss":0.0,"gold_gain":0.0,"event_name":"MindBloom","player_choice":"Upgrade","floor":41.0,"gold_loss":0.0,"damage_taken":0.0,"cards_upgraded":["Double Tap","Demon Form","Bludgeon","Feed","Corruption","Barricade","Fiend Fire","Berserk","Reaper","Exhume","Offering","Judgement","ConjureBlade","MasterReality","Brilliance","Ragnarok","LessonLearned","Scrawl","Vault","Alpha","Omniscience","SpiritShield","DeusExMachina","Headbutt","Conclude","Evaluate","ReachHeaven","True Grit","Wallop","FollowUp","Infernal Blade","BowlingBash","CarveReality","Searing Blow","Madness","Madness","Protect"],"relics_obtained":["Mark of the Bloom"]},{"damage_healed":0.0,"max_hp_gain":0.0,"max_hp_loss":0.0,"gold_gain":0.0,"event_name":"The Moai Head","player_choice":"Ignored","floor":47.0,"gold_loss":0.0,"damage_taken":0.0}],"is_beta":true,"boss_relics":[{"not_picked":["Philosopher\u0027s Stone","Astrolabe"],"picked":"Snecko Eye"},{"not_picked":["Empty Cage","Black Star"],"picked":"Runic Pyramid"}],"items_purged_floors":[7,14],"is_endless":false,"potions_floor_spawned":[4,6,11,16,19,23,27,28,33,35,39,42,46],"ascension_level":0}}