{"host":"5td1gsj4mnrioltg","time":1609884671,"event":{"mods":["2.2 Compatiblity","AchievementEnabler","Act Like it!","Aspiration","BaseMod","Beaked The Cultist","Better Altar","Better Match","Better Note","Better Sensory Stone","Better Silent Start","Better Skull","Better Third Choice","Better Vampires","BetterRewards","Colored Map","Colored Powertips","Displayed Cursed Tome","Downfall","Emptier Cage","Evolution","Friendly Minions","GifTheSpireLib","Highlight Path","Ironclad Rager","Jedi Mod","JesterMod","Mad Scientist","Menagerie","Minty Spire (QoL Compilation)","Permanent Neow","Quick Restart","Replay The Spire","Reworked Bosses","Shade Mod","Spicy Shops","StSLib","The Blue Laboratory","The Dragon Tamer","The Druid","The Elementalist","The Marked","The Necromancer","The Runesmith","Thieving Mod","Transform Curses","Wandering Minibosses","vexMod"],"gold_per_floor":[109,109,109,133,157,193,207,223,223,48,71,109,109,127,127,258,258,277,290,306,325,340,379,392,417,468,486,486,519,519,538,538,658,658,682,695,714,764,780,813,828,828,828,852,357,398,422,397,397,397,397,397,71,112,112],"floor_reached":56,"playtime":2830,"items_purged":["Regret","theMarked:SoldierOfQuellstein","Shame"],"score":2122,"play_id":"3245c429-5cb4-4adf-9723-a0d479abb832","local_time":"20210105141111","is_ascension_mode":true,"campfire_choices":[{"data":"theMarked:EnhanceMovement","floor":15.0,"key":"SMITH"},{"data":"Madness","floor":30,"key":"SMITH"},{"floor":32,"key":"RECALL"},{"data":"theMarked:StartUp","floor":42,"key":"SMITH"},{"data":"theMarked:MysticalArsenal","floor":49,"key":"SMITH"},{"data":"theMarked:Panic","floor":52,"key":"SMITH"}],"circlet_count":0,"master_deck":["theMarked:Parkour+1","theMarked:Parkour+1","theMarked:Parkour+1","theMarked:Parkour+1","theMarked:Parkour+1","theMarked:WastefulDefense","theMarked:WastefulDefense","theMarked:Defend","theMarked:Defend","theMarked:AttractMetal","theMarked:Panic+1","theMarked:EnhanceMovement+1","theMarked:StartUp+1","Madness+1","Inflame+1","theMarked:MysticalArsenal+1","theMarked:StartUp+1","theMarked:MysticalArsenal+1"],"relics":["theMarked:ArtifactOfAir","EVO:Axolotl","aspiration:Nostalgia","m_GuardianBlood","Iron Hammer","Golden Idol","Oddly Smooth Stone","FossilizedHelix","Replay:Bottled Eggs","StoneCalendar","jedi:battlestandard","Potion Belt","Vajra","aspiration:HiddenCompartment","aspiration:PoetsPen_weak","aspiration:HummingbirdHeart","jedi:firstaidkit","vexMod:PaidLearning","Runesmith:AutoHammer","Onion Ring","theMarked:NailFile"],"acts_visited":["Exordium","TheCity","TheBeyond","TheEnding"],"potions_floor_usage":[29,31,50,54,55,55,55,55,55,55],"damage_taken":[{"damage":0.0,"enemies":"2 Louse","floor":1.0,"turns":2.0},{"damage":2.0,"enemies":"Jaw Worm","floor":5.0,"turns":2.0},{"damage":15.0,"enemies":"Lagavulin","floor":6.0,"turns":6.0},{"damage":0.0,"enemies":"Cultist","floor":7.0,"turns":2.0},{"damage":0.0,"enemies":"Blue Slaver","floor":8.0,"turns":3.0},{"damage":0.0,"enemies":"Lots of Slimes","floor":11.0,"turns":2.0},{"damage":0.0,"enemies":"3 Sentries","floor":12.0,"turns":5.0},{"damage":0.0,"enemies":"Gremlin Gang","floor":14.0,"turns":2.0},{"damage":0.0,"enemies":"Slime Boss","floor":16.0,"turns":3.0},{"damage":0.0,"enemies":"Spheric Guardian","floor":18.0,"turns":1.0},{"damage":6.0,"enemies":"Chosen","floor":19.0,"turns":2.0},{"damage":0.0,"enemies":"Snake Plant","floor":20.0,"turns":4.0},{"damage":0.0,"enemies":"Centurion and Healer","floor":21.0,"turns":4.0},{"damage":0.0,"enemies":"Chosen and Byrds","floor":22.0,"turns":4.0},{"damage":0.0,"enemies":"Gremlin Leader","floor":23.0,"turns":3.0},{"damage":0,"enemies":"Shelled Parasite and Fungi","floor":24,"turns":3},{"damage":0,"enemies":"Centurion and Healer","floor":25,"turns":3},{"damage":0,"enemies":"Cultist and Chosen","floor":27,"turns":3},{"damage":26,"enemies":"Slavers","floor":29,"turns":6},{"damage":0,"enemies":"3 Cultists","floor":31,"turns":5},{"damage":0,"enemies":"Pondfish","floor":33,"turns":7},{"damage":0,"enemies":"3 Darklings","floor":35,"turns":2},{"damage":0,"enemies":"Orb Walker","floor":36,"turns":2},{"damage":17,"enemies":"4 Shapes","floor":37,"turns":3},{"damage":0,"enemies":"Sphere and 2 Shapes","floor":39,"turns":3},{"damage":0,"enemies":"Giant Head","floor":40,"turns":4},{"damage":0,"enemies":"3 Darklings","floor":41,"turns":2},{"damage":5,"enemies":"4 Shapes","floor":44,"turns":3},{"damage":0,"enemies":"Nemesis","floor":46,"turns":3},{"damage":0,"enemies":"Spire Growth","floor":47,"turns":3},{"damage":18,"enemies":"bossMod:newAwakened","floor":50,"turns":7},{"damage":0,"enemies":"Shield and Spear","floor":54,"turns":4},{"damage":53,"enemies":"The Heart","floor":55,"turns":6}],"seed_played":"-4946596213710702996","potions_obtained":[{"floor":1.0,"key":"blueLaboratory:BottleOfRum"},{"floor":7.0,"key":"blueLaboratory:HorrorPotion"},{"floor":11.0,"key":"blueLaboratory:BottledHope"},{"floor":12.0,"key":"SmokeBomb"},{"floor":13.0,"key":"blueLaboratory:EmptyBottle"},{"floor":13.0,"key":"Ancient Potion"},{"floor":19.0,"key":"blueLaboratory:ForbiddenFruitJuice"},{"floor":20.0,"key":"Regen Potion"},{"floor":22.0,"key":"jedi:holywater"},{"floor":24,"key":"blueLaboratory:LouseDecoction"},{"floor":25,"key":"blueLaboratory:BottledHope"},{"floor":27,"key":"Weak Potion"},{"floor":33,"key":"Dexterity Potion"},{"floor":35,"key":"blueLaboratory:NullPotion"},{"floor":41,"key":"Energy Potion"},{"floor":44,"key":"SpeedPotion"},{"floor":54,"key":"blueLaboratory:FruitPunch"}],"is_trial":false,"path_per_floor":["M","?","?","T","M","E","M","M","T","$","M","E","?","M","R","B",null,"M","M","M","M","M","E","M","M","T","M","?","E","R","M","R_BF","B",null,"M","M","M","?","M","E","M","R","T","M","$","E","M","?","R","B",null,"R","$","E","B",null],"character_chosen":"THE_DEFAULT","items_purchased":["jedi:firstaidkit","vexMod:PaidLearning","Swift Potion","Onion Ring"],"campfire_rested":0,"item_purchase_floors":[45,45,53,53],"current_hp_per_floor":[70,70,65,65,65,56,62,65,65,65,65,65,65,65,65,65,65,65,65,65,65,65,65,65,65,65,65,65,45,45,65,65,65,65,65,65,54,54,60,65,65,65,65,65,65,65,65,65,65,53,65,65,65,65,56],"gold":112,"neow_bonus":"NOSTALGIA","is_daily":false,"chose_seed":false,"campfire_upgraded":5,"win_rate":0.0,"timestamp":1609884671,"path_taken":["M","?","?","?","M","E","M","?","T","?","?","E","?","M","R","BOSS","M","M","M","?","M","E","?","M","T","M","?","E","R","M","R_BF","BOSS","M","M","M","?","M","E","M","R","T","M","$","E","M","?","R","BOSS","R","$","E","BOSS"],"items_purchased_type":["Relic","Relic","Potion","Relic"],"build_version":"2020-12-22","purchased_purges":3,"victory":true,"max_hp_per_floor":[70,70,65,65,65,65,65,65,65,65,65,65,65,65,65,65,65,65,65,65,65,65,65,65,65,65,65,65,65,65,65,65,65,65,65,65,65,65,65,65,65,65,65,65,65,65,65,65,65,65,65,65,65,65,67],"card_choices":[{"not_picked":["Pummel","theMarked:TunnelVision"],"picked":"theMarked:AttractMetal","floor":1.0},{"not_picked":["theMarked:Parkour","theMarked:SwordAndMagic","theMarked:Panic"],"picked":"SKIP","floor":5.0},{"not_picked":["theMarked:Parkour","theMarked:SwordAndMagic","theMarked:Panic"],"picked":"SKIP","floor":5.0},{"not_picked":["theMarked:Parkour","theMarked:SwordAndMagic"],"picked":"theMarked:Panic","floor":5.0},{"not_picked":["theMarked:ElectricStrings","theMarked:Polarize"],"picked":"theMarked:EnhanceMovement","floor":6.0},{"not_picked":["theMarked:Standoff","theMarked:ReduceFriction","theMarked:ChainLightning"],"picked":"SKIP","floor":7.0},{"not_picked":["theMarked:Standoff","theMarked:TakeCover","theMarked:Polarize"],"picked":"SKIP","floor":8.0},{"not_picked":["Guardian:Gem_Red","Guardian:DonusPower","theMarked:SwordAndMagic"],"picked":"SKIP","floor":11.0},{"not_picked":["theMarked:MagicAdept","theMarked:EnhanceMovement","theMarked:Overcharge"],"picked":"SKIP","floor":12.0},{"not_picked":["theMarked:HeightenedSenses","theMarked:CreepingChasm"],"picked":"theMarked:StartUp","floor":14.0},{"not_picked":["Limit Break","theMarked:Vacuum"],"picked":"Guardian:WeakpointTargeting","floor":16.0},{"not_picked":["theMarked:SwordAndMagic","theMarked:MysticalArsenal","theMarked:EmpowerWeapon"],"picked":"SKIP","floor":18.0},{"not_picked":["theMarked:HeritageOfTheMarked+1","theMarked:WastefulAttack","theMarked:Challenge"],"picked":"SKIP","floor":19.0},{"not_picked":["theMarked:CreepingChasm","theMarked:WastefulAttack","theMarked:Frustration"],"picked":"SKIP","floor":20.0},{"not_picked":["theMarked:WastefulDefense+1","theMarked:AttractMetal+1","theMarked:SelfDefenseTraining"],"picked":"SKIP","floor":21.0},{"not_picked":["theMarked:BanishingWave+1","theMarked:WastefulDefense+1","theMarked:Frustration"],"picked":"SKIP","floor":22.0},{"not_picked":["theMarked:WardOff","theMarked:AttractMetal","theMarked:WastefulAttack+1"],"picked":"SKIP","floor":23.0},{"not_picked":["theMarked:Convert","Heavy Blade"],"picked":"Inflame","floor":24},{"not_picked":["theMarked:SwordAndMagic","Thunderclap","theMarked:ReduceFriction+1"],"picked":"SKIP","floor":25},{"not_picked":["theMarked:Static","theMarked:WastefulAttack","Massacre"],"picked":"SKIP","floor":27},{"not_picked":["Limit Break","theMarked:Overthink","theMarked:SwordAndMagic+1"],"picked":"SKIP","floor":29},{"not_picked":["Heavy Blade","theMarked:HeightenedSenses","theMarked:EnhanceMovement"],"picked":"SKIP","floor":31},{"not_picked":["theMarked:StartUp","theMarked:RepellingDischarge+1"],"picked":"theMarked:MysticalArsenal+1","floor":35},{"not_picked":["theMarked:ResourceFulStrike","theMarked:BanishingStrike","theMarked:WastefulDefense"],"picked":"SKIP","floor":36},{"not_picked":["theMarked:ChainLightning","theMarked:Improvise","theMarked:RepellingDischarge"],"picked":"SKIP","floor":37},{"not_picked":["theMarked:BanishingStrike","theMarked:WastefulDefense+1"],"picked":"theMarked:StartUp","floor":39},{"not_picked":["theMarked:ElementalBlade","theMarked:Standoff","theMarked:HeightenedSenses"],"picked":"SKIP","floor":40},{"not_picked":["theMarked:ElementalBlade+1","theMarked:MagicAdept","theMarked:RepellingDischarge"],"picked":"SKIP","floor":41},{"not_picked":["theMarked:LightningStrikesTwice","theMarked:WastefulDefense","theMarked:ElectricStrings"],"picked":"SKIP","floor":44},{"not_picked":["theMarked:HeightenedSenses","theMarked:DispelDoubt","theMarked:Frustration"],"picked":"SKIP","floor":46},{"not_picked":["theMarked:WardOff+1","theMarked:EmpowerWeapon+1"],"picked":"theMarked:MysticalArsenal","floor":47},{"not_picked":["theMarked:Static","theMarked:ChainLightning+1","theMarked:ThrowWeapon"],"picked":"SKIP","floor":54}],"player_experience":1295163,"relics_obtained":[{"floor":4.0,"key":"Oddly Smooth Stone"},{"floor":6.0,"key":"FossilizedHelix"},{"floor":9.0,"key":"Replay:Bottled Eggs"},{"floor":12.0,"key":"StoneCalendar"},{"floor":23.0,"key":"Potion Belt"},{"floor":26,"key":"Vajra"},{"floor":29,"key":"aspiration:HiddenCompartment"},{"floor":40,"key":"aspiration:HummingbirdHeart"},{"floor":46,"key":"Runesmith:AutoHammer"},{"floor":54,"key":"theMarked:NailFile"}],"event_choices":[{"damage_healed":0.0,"max_hp_gain":0.0,"max_hp_loss":0.0,"gold_gain":0.0,"event_name":"Big Fish","player_choice":"Box","floor":2.0,"gold_loss":0.0,"damage_taken":0.0,"relics_obtained":["Iron Hammer"],"cards_obtained":["Regret"]},{"damage_healed":0.0,"max_hp_gain":0.0,"max_hp_loss":5.0,"gold_gain":0.0,"event_name":"Golden Idol","player_choice":"Lose Max HP","floor":3.0,"gold_loss":0.0,"damage_taken":0.0,"relics_obtained":["Golden Idol"]},{"damage_healed":0.0,"max_hp_gain":0.0,"max_hp_loss":0.0,"gold_gain":0.0,"event_name":"Lab","player_choice":"Got Potions","floor":13.0,"gold_loss":0.0,"damage_taken":0.0}],"is_beta":false,"boss_relics":[{"not_picked":["aspiration:RitualDagger","aspiration:SecretTechniqueScroll"],"picked":"jedi:battlestandard"},{"not_picked":["aspiration:BeakedSkillbook","Kintsugi"],"picked":"aspiration:PoetsPen_weak"}],"items_purged_floors":[10,10,45],"is_endless":false,"potions_floor_spawned":[1,7,11,12,19,20,22,24,25,27,33,35,41,44,54],"ascension_level":3}}