{"host":"dpbezu80jg8zk7un","time":1609838514,"event":{"mods":["BaseMod","Colored Map","Colored Powertips","Custom Start","DeckTracker","Minty Spire (QoL Compilation)","Quick Restart","StSLib","SuperFastMode"],"gold_per_floor":[119,136,150,75,75,75,90,90,90,105,116,145,145,171,171,242,242,253,269,283,100,15,15,15],"floor_reached":23,"playtime":566,"items_purged":["Defend_P","Strike_P"],"score":456,"play_id":"e0d1cb29-ffa4-4980-af27-df467cb687b7","local_time":"20210105182154","is_ascension_mode":true,"campfire_choices":[{"data":"Eruption","floor":6.0,"key":"SMITH"},{"data":"Ragnarok","floor":8.0,"key":"SMITH"},{"data":"TalkToTheHand","floor":13.0,"key":"SMITH"},{"data":"MentalFortress","floor":15.0,"key":"SMITH"}],"circlet_count":0,"master_deck":["AscendersBane","Strike_P","Strike_P","Defend_P","Defend_P","Defend_P+1","Eruption+1","Vigilance+1","Ragnarok+1","TalkToTheHand+1","MentalFortress+1","EmptyFist","DeusExMachina","Establishment","FearNoEvil"],"relics":["PureWater","StrikeDummy","War Paint","Question Card","Fusion Hammer","Letter Opener"],"acts_visited":["Exordium","TheCity"],"potions_floor_usage":[],"damage_taken":[{"damage":0.0,"enemies":"Small Slimes","floor":1.0,"turns":2.0},{"damage":4.0,"enemies":"2 Louse","floor":2.0,"turns":2.0},{"damage":0.0,"enemies":"Jaw Worm","floor":3.0,"turns":4.0},{"damage":4.0,"enemies":"Red Slaver","floor":7.0,"turns":3.0},{"damage":0.0,"enemies":"Exordium Thugs","floor":10.0,"turns":1.0},{"damage":4.0,"enemies":"Blue Slaver","floor":11.0,"turns":3.0},{"damage":3.0,"enemies":"3 Sentries","floor":12.0,"turns":3.0},{"damage":0.0,"enemies":"Lagavulin","floor":14.0,"turns":3.0},{"damage":21.0,"enemies":"Hexaghost","floor":16.0,"turns":9.0},{"damage":0.0,"enemies":"Spheric Guardian","floor":18.0,"turns":1.0},{"damage":4.0,"enemies":"3 Byrds","floor":19.0,"turns":5.0},{"damage":15.0,"enemies":"Centurion and Healer","floor":20.0,"turns":6.0},{"damage":38,"enemies":"Slavers","floor":23,"turns":2}],"seed_played":"-4380406424959854349","potions_obtained":[{"floor":1.0,"key":"ColorlessPotion"},{"floor":7.0,"key":"GamblersBrew"},{"floor":10.0,"key":"Block Potion"},{"floor":14.0,"key":"Block Potion"}],"is_trial":false,"path_per_floor":["M","M","M","$","?","R","M","R","T","M","M","E","R","E","R","B",null,"M","M","M","$","?","E"],"character_chosen":"WATCHER","items_purchased":["FearNoEvil"],"campfire_rested":0,"item_purchase_floors":[21],"current_hp_per_floor":[43,39,39,39,39,39,35,35,35,35,31,28,28,28,28,7,53,53,49,34,34,34,0,0],"gold":15,"neow_bonus":"THREE_RARE_CARDS","is_daily":false,"chose_seed":false,"campfire_upgraded":4,"win_rate":0.0,"timestamp":1609838514,"path_taken":["M","M","M","$","?","R","M","R","T","M","M","E","R","E","R","BOSS","M","M","M","$","?","E"],"items_purchased_type":["Card"],"build_version":"2020-12-22","purchased_purges":2,"victory":false,"max_hp_per_floor":[68,68,68,68,68,68,68,68,68,68,68,68,68,68,68,68,68,68,68,68,68,68,68,68],"card_choices":[{"not_picked":["ConjureBlade","Wish"],"picked":"Ragnarok","floor":0.0},{"not_picked":["EmptyMind","Halt"],"picked":"TalkToTheHand","floor":1.0},{"not_picked":["ThirdEye","FollowUp"],"picked":"MentalFortress","floor":2.0},{"not_picked":["Prostrate","Indignation","Evaluate"],"picked":"SKIP","floor":3.0},{"not_picked":["Wireheading","SashWhip"],"picked":"EmptyFist","floor":7.0},{"not_picked":["SignatureMove","WaveOfTheHand","Vengeance"],"picked":"SKIP","floor":10.0},{"not_picked":["Evaluate","EmptyBody","WindmillStrike"],"picked":"SKIP","floor":11.0},{"not_picked":["SignatureMove","ClearTheMind"],"picked":"DeusExMachina","floor":12.0},{"not_picked":["Pray","DeceiveReality","Worship"],"picked":"SKIP","floor":14.0},{"not_picked":["Ragnarok","DevaForm","Judgement"],"picked":"Establishment","floor":16.0},{"not_picked":["EmptyFist","Weave","ClearTheMind","MentalFortress"],"picked":"SKIP","floor":18.0},{"not_picked":["ReachHeaven","Collect","Crescendo","Consecrate"],"picked":"SKIP","floor":19.0},{"not_picked":["SandsOfTime","Vengeance+1","Protect+1","Study+1"],"picked":"SKIP","floor":20.0}],"player_experience":2837016,"relics_obtained":[{"floor":9.0,"key":"StrikeDummy"},{"floor":12.0,"key":"War Paint"},{"floor":14.0,"key":"Question Card"}],"event_choices":[{"cards_removed":["Strike_P"],"damage_healed":0.0,"max_hp_gain":0.0,"max_hp_loss":0.0,"gold_gain":0.0,"event_name":"Living Wall","player_choice":"Forget","floor":5.0,"gold_loss":0.0,"damage_taken":0.0},{"damage_healed":0.0,"max_hp_gain":0.0,"max_hp_loss":0.0,"gold_gain":0.0,"event_name":"Addict","player_choice":"Obtained Relic","floor":22.0,"gold_loss":85.0,"damage_taken":0.0,"relics_obtained":["Letter Opener"]}],"is_beta":false,"boss_relics":[{"not_picked":["Pandora\u0027s Box","Calling Bell"],"picked":"Fusion Hammer"}],"items_purged_floors":[4,21],"is_endless":false,"potions_floor_spawned":[1,7,10,14],"killed_by":"Slavers","ascension_level":20}}