{"host":"esx1hwjnbftf3eqj","time":1609806344,"event":{"mods":["BaseMod","Colored Map","Minty Spire (QoL Compilation)","StSLib","The Jungle"],"gold_per_floor":[117,129,148,1,76,76,93,93,93,119,137,166,184,194,194,295,295,305,305,305,325,325,325,360,360,387,413,512,512,537,57,57,162,162,176,2,2,2,2,2,31,81,81,81,7,7,7,36,36,36],"floor_reached":51,"playtime":3999,"items_purged":["Burning Pact"],"score":1274,"play_id":"32f6f1c2-9af3-4ad8-8843-d9f04d1e7804","local_time":"20210104162544","is_ascension_mode":true,"campfire_choices":[{"data":"Feed","floor":6.0,"key":"SMITH"},{"data":"Exhume","floor":8.0,"key":"SMITH"},{"data":"Barricade","floor":15.0,"key":"SMITH"},{"data":"Entrench","floor":23.0,"key":"SMITH"},{"floor":25.0,"key":"REST"},{"floor":29.0,"key":"REST"},{"floor":32.0,"key":"REST"},{"data":"Apotheosis","floor":40,"key":"SMITH"},{"data":"Impervious","floor":44,"key":"SMITH"},{"floor":47,"key":"REST"},{"data":"Dual Wield","floor":49,"key":"SMITH"}],"circlet_count":0,"master_deck":["AscendersBane","Bash","Feed+1","Headbutt","Exhume+1","Entrench+1","Barricade+1","Flame Barrier","Limit Break","Clothesline","Demon Form","Rage","Bludgeon","Fiend Fire","Searing Blow","Flame Barrier","Flame Barrier","Flex","Impervious+1","Battle Trance","Battle Trance","Limit Break","Battle Trance","Apotheosis+1","Madness","Madness","Metallicize","Dual Wield+1"],"relics":["Burning Blood","Sling","Incense Burner","Anchor","Pandora\u0027s Box","Nloth\u0027s Gift","WingedGreaves","Pen Nib","Strawberry","MealTicket","Oddly Smooth Stone","ClockworkSouvenir","Mark of Pain","Juzu Bracelet","Unceasing Top","Mercury Hourglass","Orichalcum"],"acts_visited":["Exordium","TheCity","TheBeyond"],"potions_floor_usage":[50,50],"damage_taken":[{"damage":14.0,"enemies":"Small Slimes","floor":1.0,"turns":4.0},{"damage":6.0,"enemies":"Cultist","floor":2.0,"turns":3.0},{"damage":7.0,"enemies":"Jaw Worm","floor":3.0,"turns":3.0},{"damage":16.0,"enemies":"Blue Slaver","floor":7.0,"turns":4.0},{"damage":8.0,"enemies":"Gremlin Nob","floor":10.0,"turns":3.0},{"damage":5.0,"enemies":"2 Fungi Beasts","floor":11.0,"turns":3.0},{"damage":7.0,"enemies":"Lagavulin","floor":12.0,"turns":9.0},{"damage":5.0,"enemies":"3 Louse","floor":13.0,"turns":3.0},{"damage":15.0,"enemies":"Large Slime","floor":14.0,"turns":9.0},{"damage":47.0,"enemies":"Hexaghost","floor":16.0,"turns":10.0},{"damage":33.0,"enemies":"Shell Parasite","floor":18.0,"turns":7.0},{"damage":8.0,"enemies":"Chosen","floor":21.0,"turns":7.0},{"damage":79.0,"enemies":"Slavers","floor":24.0,"turns":9.0},{"damage":49.0,"enemies":"Book of Stabbing","floor":27.0,"turns":7.0},{"damage":39.0,"enemies":"Slavers","floor":30.0,"turns":7.0},{"damage":42.0,"enemies":"Champ","floor":33.0,"turns":17.0},{"damage":81.0,"enemies":"Orb Walker","floor":35.0,"turns":7.0},{"damage":0,"enemies":"Giant Head","floor":41,"turns":8},{"damage":10,"enemies":"Mind Bloom Boss Battle","floor":42,"turns":7},{"damage":26,"enemies":"Reptomancer","floor":48,"turns":6},{"damage":35,"enemies":"Time Eater","floor":50,"turns":10}],"seed_played":"4224111336730807238","potions_obtained":[{"floor":1.0,"key":"DuplicationPotion"},{"floor":2.0,"key":"Swift Potion"},{"floor":7.0,"key":"Swift Potion"},{"floor":11.0,"key":"Strength Potion"},{"floor":16.0,"key":"Explosive Potion"},{"floor":27.0,"key":"Strength Potion"},{"floor":30.0,"key":"Ancient Potion"},{"floor":35.0,"key":"Weak Potion"}],"is_trial":false,"path_per_floor":["M","M","M","$","?","R","M","R","T","E","M","E","M","M","R","B",null,"M","?","?","M","?","R","E","R","T","E","?","R","E","$","R","B",null,"M","$","?","?","$","R","E","?","T","R","$","?","R","E","R","B",null],"character_chosen":"IRONCLAD","items_purchased":["Sling","Oddly Smooth Stone","ClockworkSouvenir","Battle Trance","LiquidMemories","Apotheosis","Metallicize"],"campfire_rested":4,"item_purchase_floors":[4,31,31,31,31,36,45],"current_hp_per_floor":[46,49,51,51,40,40,34,34,48,50,55,58,67,66,66,29,112,89,89,89,91,91,91,26,72,72,36,36,84,59,74,125,93,154,83,98,98,76,91,91,97,97,97,97,112,112,166,146,146,117],"gold":36,"neow_bonus":"THREE_RARE_CARDS","is_daily":false,"chose_seed":false,"campfire_upgraded":7,"win_rate":0.0,"timestamp":1609806344,"path_taken":["M","M","M","$","?","R","M","R","T","E","M","E","M","M","R","BOSS","M","?","?","?","?","R","E","R","T","E","?","R","E","$","R","BOSS","M","$","?","?","$","R","E","?","T","R","$","?","R","E","R","BOSS"],"items_purchased_type":["Relic","Relic","Relic","Card","Potion","Card","Card"],"build_version":"2020-12-22","purchased_purges":1,"victory":true,"max_hp_per_floor":[83,86,89,89,89,89,93,93,107,111,115,119,127,135,135,139,139,143,143,143,147,147,147,155,155,155,162,162,162,170,170,170,174,174,178,178,178,178,178,178,178,182,182,182,182,182,182,182,182,182],"card_choices":[{"not_picked":["Fiend Fire","Exhume"],"picked":"Feed","floor":0.0},{"not_picked":["Anger","Thunderclap"],"picked":"Headbutt","floor":1.0},{"not_picked":["Clash","Flex"],"picked":"Heavy Blade","floor":2.0},{"not_picked":["Fire Breathing","Clash"],"picked":"Exhume","floor":3.0},{"not_picked":["Thunderclap","Anger"],"picked":"Entrench","floor":7.0},{"not_picked":["Wild Strike","Warcry"],"picked":"Barricade","floor":10.0},{"not_picked":["Clothesline","Perfected Strike"],"picked":"Flame Barrier","floor":11.0},{"not_picked":["Thunderclap","Rampage"],"picked":"Limit Break","floor":12.0},{"not_picked":["True Grit","Thunderclap"],"picked":"Clothesline","floor":13.0},{"not_picked":["Clothesline","Iron Wave","Thunderclap"],"picked":"SKIP","floor":14.0},{"not_picked":["Juggernaut","Feed"],"picked":"Demon Form","floor":16.0},{"not_picked":["Perfected Strike","Warcry","Anger"],"picked":"SKIP","floor":18.0},{"not_picked":["True Grit+1","Headbutt","Clothesline"],"picked":"SKIP","floor":21.0},{"not_picked":["Demon Form","Immolate"],"picked":"Impervious","floor":24.0},{"not_picked":["Corruption","Feel No Pain"],"picked":"Battle Trance","floor":27.0},{"not_picked":["Feed","Sword Boomerang","Corruption"],"picked":"SKIP","floor":30.0},{"not_picked":["Corruption","Feed"],"picked":"Limit Break","floor":33.0},{"not_picked":["Iron Wave","Twin Strike"],"picked":"Battle Trance","floor":35.0},{"not_picked":["Combust","Dropkick","Flex"],"picked":"SKIP","floor":41},{"not_picked":["Dark Embrace+1","Infernal Blade"],"picked":"Dual Wield","floor":48}],"player_experience":646524,"relics_obtained":[{"floor":9.0,"key":"Mango"},{"floor":10.0,"key":"Incense Burner"},{"floor":12.0,"key":"Anchor"},{"floor":24.0,"key":"WingedGreaves"},{"floor":26.0,"key":"Pen Nib"},{"floor":27.0,"key":"Strawberry"},{"floor":30.0,"key":"MealTicket"},{"floor":41,"key":"Juzu Bracelet"},{"floor":42,"key":"Unceasing Top"},{"floor":43,"key":"Mercury Hourglass"},{"floor":48,"key":"Orichalcum"}],"event_choices":[{"damage_healed":0.0,"max_hp_gain":0.0,"max_hp_loss":0.0,"gold_gain":75.0,"event_name":"World of Goop","player_choice":"Gather Gold","floor":5.0,"gold_loss":0.0,"damage_taken":11.0},{"damage_healed":0.0,"max_hp_gain":0.0,"max_hp_loss":0.0,"gold_gain":0.0,"event_name":"Vampires","player_choice":"Ignored","floor":19.0,"gold_loss":0.0,"damage_taken":0.0},{"damage_healed":0.0,"max_hp_gain":0.0,"max_hp_loss":0.0,"gold_gain":0.0,"event_name":"N\u0027loth","player_choice":"Traded Relic","floor":20.0,"relics_lost":["Mango"],"gold_loss":0.0,"damage_taken":0.0,"relics_obtained":["Nloth\u0027s Gift"]},{"cards_removed":["Wild Strike"],"damage_healed":0.0,"max_hp_gain":0.0,"max_hp_loss":0.0,"gold_gain":0.0,"event_name":"Back to Basics","player_choice":"Elegance","floor":22.0,"gold_loss":0.0,"damage_taken":0.0},{"damage_healed":0.0,"max_hp_gain":0.0,"max_hp_loss":0.0,"gold_gain":99.0,"event_name":"Nest","player_choice":"Stole From Cult","floor":28.0,"gold_loss":0.0,"damage_taken":0.0},{"cards_removed":["Heavy Blade"],"damage_healed":0,"gold_gain":0,"player_choice":"Removed Attack","damage_taken":0,"max_hp_gain":0,"max_hp_loss":0,"event_name":"Falling","floor":37,"gold_loss":0},{"damage_healed":0,"gold_gain":0,"player_choice":"Embrace Madness","damage_taken":22,"max_hp_gain":0,"max_hp_loss":0,"event_name":"Winding Halls","floor":38,"gold_loss":0,"cards_obtained":["Madness","Madness"]},{"damage_healed":0,"gold_gain":0,"player_choice":"Fight","damage_taken":0,"max_hp_gain":0,"max_hp_loss":0,"event_name":"MindBloom","floor":42,"gold_loss":0},{"damage_healed":0,"gold_gain":0,"player_choice":"Ignored","damage_taken":0,"max_hp_gain":0,"max_hp_loss":0,"event_name":"Mysterious Sphere","floor":46,"gold_loss":0}],"is_beta":false,"boss_relics":[{"not_picked":["Black Star","Runic Dome"],"picked":"Pandora\u0027s Box"},{"not_picked":["Runic Cube","Runic Pyramid"],"picked":"Mark of Pain"}],"items_purged_floors":[31],"is_endless":false,"potions_floor_spawned":[1,2,7,11,16,27,30,35,42],"ascension_level":12}}