{"host":"kncugt8qnf1emsb0","time":1609841814,"event":{"mods":["ATMod(阿瑾Mod)","AchievementEnabler","Act Like it!","BaseMod","Dota2Spire","Friendly Minions","Hallownest","KomeijiMod","Minty Spire (QoL Compilation)","MostiFishMod","Quick Restart","RumiaBox-露米娅的神秘盒子","Shop Mod","Spicy Shops","StSLib","TestMod","The Alterego","【功能Mod】聪明的最终Boss","【遗物卡牌】REMEMod"],"gold_per_floor":[119,134,152,152,163,163,195,225,225,259,259,290,309,340,340,411,411,425,425,425,20,20,50,88,120,145,178,211,5,21,21,21,103,103,113,135,157,176,7,44,73,106,106,143,176,176,33,54,54,147,224,224,238,238,356,286,16,50,50,110,187,187,224,249,249,1248,1248,1344,1344,1364,1284,847,847,847,847,847,344,387,387,418,484,484,370,370,496,496,606,521,51,93,126,126,266,159,274,381,449,187,121,121,121,247,389,389,462,462,576,576,387,387,57,57,168,168,250,327,327,384,384,531,531,580,580,355,355,355,355,434,434,554,387,466,391,256,0,0,313,313,394,726,583,730,849,849,857,757,931,931,527,527,685,441,441,630,630],"floor_reached":154,"playtime":7750,"items_purged":["alterego_mod:HighServant","alterego_mod:Lift","alterego_mod:Palingenesis","alterego_mod:BusterCard+1","alterego_mod:Rip","alterego_mod:Maid+1","MostiFishMod:ShivMaster+1","MostiFishMod:KingOfFree+1","Writhe","alterego_mod:SuperDuperMasochism+1"],"score":9702,"play_id":"645bd959-1e5c-409b-a829-44282c8b2d20","local_time":"20210105181654","daily_mods":["SealedDeck","Vintage","Heirloom","Flight"],"is_ascension_mode":true,"campfire_choices":[{"data":"alterego_mod:Mirror","floor":6,"key":"SMITH"},{"data":"alterego_mod:SakuraLabyrinth","floor":15,"key":"SMITH"},{"data":"alterego_mod:Antipathy","floor":32,"key":"SMITH"},{"data":"alterego_mod:Birthday","floor":46,"key":"SMITH"},{"data":"alterego_mod:Palingenesis+1","floor":49,"key":"SMITH"},{"data":"alterego_mod:BusterCard","floor":59,"key":"SMITH"},{"data":"alterego_mod:SuperDuperMasochism","floor":67,"key":"SMITH"},{"data":"alterego_mod:BrynhildrRomantia","floor":75,"key":"SMITH"},{"data":"alterego_mod:Palingenesis+3","floor":76,"key":"SMITH"},{"data":"MostiFishMod:KingOfFree","floor":84,"key":"SMITH"},{"data":"alterego_mod:AlterEgo","floor":92,"key":"SMITH"},{"data":"AT_EmpoweredMortalDraw","floor":101,"key":"SMITH"},{"data":"alterego_mod:Tantrum","floor":110,"key":"SMITH"},{"data":"SeishiRoten+1","floor":119,"key":"SWEEP"},{"data":"YuumeiNoKurin+1","floor":127,"key":"SMITH"},{"data":"alterego_mod:Palingenesis+6","floor":129,"key":"SMITH"},{"data":"alterego_mod:SakuraFive","floor":136,"key":"SMITH"},{"data":"alterego_mod:Palingenesis+10","floor":144,"key":"SMITH"},{"data":"alterego_mod:Palingenesis+15","floor":153,"key":"SMITH"}],"circlet_count":0,"master_deck":["alterego_mod:Birthday+1","alterego_mod:BusterCard+1","alterego_mod:Mirror+1","AT_Desolate+1","alterego_mod:AlterEgo+1","alterego_mod:Palingenesis+17","alterego_mod:SakuraLabyrinth+1","RitualDagger+1","alterego_mod:Antipathy+1","alterego_mod:IndependentAction+1","alterego_mod:Undulate+1","alterego_mod:SakuraFive+1","alterego_mod:IdEs+1","alterego_mod:BrynhildrRomantia+1","Hallownest:skillCityofTearsMap+1","alterego_mod:ClassAdvantage+1","Hallownest:skillKingdomsEdgeMap+1","AT_EmpoweredMortalDraw+1","alterego_mod:Tantrum+1","MostiFishMod:Utterance+1","YuumeiNoKurin+2","SeishiRoten+1","Intimidate+1","alterego_mod:GIGAMILK+1","Demon Form+1","AT_WaterDrop+1","alterego_mod:Cushion+1"],"relics":["alterego_mod:MasochisticConstitution","testmod-TestBox","REME_ComplimentaryCards","AT_ATBox","Dota2Spire:ShivaGuard","testmod-Hope","BirthdayGift-Tetrahedron","Prayer Wheel","SynthV:TestCard","Bird Faced Urn","AT_RabadonDeathcap","Dota2Spire:Desolator","Dota2Spire:AghanimScepter","Dota2Spire:PowerTreads","Omamori","BionicSphere","Nunchaku","AT_ImmortalShieldbow","SynthV:C4","Lantern","testmod-DeterminationOfClimber","Dota2Spire:PhaseBoots","Technique","MerchantsRug","testmod-Justice","Dota2Spire:MagicBottle","Pantograph","testmod-OneHitWonder","Dota2Spire:Vanguard","AT_EbonyIvory","JellyFishMachine","AT_BellDemon","Shuriken","testmod-DragonStarHat","Question Card","testmod-ArcanaOfDestiny","Dota2Spire:UrnOfShadows","Bag of Marbles","Matryoshka","SecretRecord","Incense Burner","SumBook","Sundial","AT_SilvercatRing","testmod-LifeArmor","Regal Pillow","FossilizedHelix","AT_RedTearstoneRing","Gambling Chip","Bronze Scales","testmod-IndustrialRevolution","Dota2Spire:BladeMail","Centennial Puzzle","Dream Catcher","testmod-AssaultLearning","Hallownest:StagBellRelic1","Letter Opener","AT_ChloranthyRing","REME_ArchaeologicalTools","Pear","Dota2Spire:LinkenSphere","Pen Nib","MagicDraw1","Hallownest:DreamNailRelic","Mercury Hourglass","Dota2Spire:LotusOrb","PreservedInsect","Dota2Spire:ArcaneBoots","Dead Branch","AT_ForceNature","GuanYuAspect","DaCapo","Bag of Preparation","SSSystem","Hallownest:WatcherSealRelic","Hallownest:NailmastersGloryRelic","Membership Card","Bottled Flame","KyoryuNoHagoromo","GodSword1","Dota2Spire:DrumOfEndurance","AT_MibuBalloonWealth","AT_SunfireAegis","Boot","Kunai","testmod-TurbochargingSystem","Strawberry","Blue Candle","RhineCircuit","Frozen Egg 2","CombinedTypeHook","GodSword6","AT_Kusabimaru","Sling","MagicDraw2","Dota2Spire:HandOfMidas","MealTicket","Juzu Bracelet","testmod-Charity","AT_PhaseBoots","Potion Belt","Dota2Spire:Mjollnir","MagicDraw4","Ornamental Fan","testmod-Muramasa","testmod-CasingShield","PlanX","CaptainsWheel","MagicDraw3","Coffee Dripper","ShirouKen","HoshigumaDish","ThirstyCross","Odd Mushroom","Dota2Spire:EchoSabre","testmod-HeartOfDaVinci","REME_CardOfGreed","Turnip","Runic Capacitor","Bottled Lightning","Akabeko","testmod-TheFather","ColorfulQuillpen","MysticStaff","NlothsMask","Smiling Mask","Ancient Tea Set","InkBottle","HaiYi:Twilight","Self Forming Clay","MusicBox","REME_PoisonedDagger","Necronomicon","StoneCalendar","Orichalcum","Dota2Spire:ShadowBlade","AT_TheCollector","ZombieArmy","Snake Skull","Red Skull","Ccalipers","testmod-BloodSacrificeSpiritualization","CeramicFish","Art of War","Civilization","Toxic Egg 2","AT_BladeRuinedKing","Vajra","Magic Flower","War Paint","DataDisk","GodSword7","HornCleat","HandDrill","Thread and Needle","AT_ArchangelStaff","Gremlin Horn","GodSword4"],"acts_visited":["Exordium","TheCity","TheBeyond","Hallownest:Greenpath","Hallownest:CityofTears","Hallownest:KingdomsEdge","Exordium","TheCity","TheBeyond"],"potions_floor_usage":[39,72,109],"damage_taken":[{"damage":2,"enemies":"Small Slimes","floor":1,"turns":2},{"damage":2,"enemies":"2 Louse","floor":2,"turns":2},{"damage":2,"enemies":"Cultist","floor":3,"turns":2},{"damage":2,"enemies":"2 Fungi Beasts","floor":5,"turns":2},{"damage":2,"enemies":"Gremlin Nob","floor":7,"turns":2},{"damage":2,"enemies":"Lagavulin","floor":8,"turns":2},{"damage":4,"enemies":"3 Sentries","floor":10,"turns":3},{"damage":2,"enemies":"Gremlin Nob","floor":12,"turns":2},{"damage":2,"enemies":"3 Louse","floor":13,"turns":2},{"damage":2,"enemies":"Lagavulin","floor":14,"turns":2},{"damage":4,"enemies":"The Guardian","floor":16,"turns":3},{"damage":1,"enemies":"Spheric Guardian","floor":18,"turns":1},{"damage":0,"enemies":"Slavers","floor":23,"turns":1},{"damage":0,"enemies":"Gremlin Leader","floor":24,"turns":1},{"damage":2,"enemies":"Slavers","floor":25,"turns":2},{"damage":2,"enemies":"Book of Stabbing","floor":27,"turns":2},{"damage":2,"enemies":"Gremlin Leader","floor":28,"turns":2},{"damage":2,"enemies":"2 Thieves","floor":30,"turns":2},{"damage":0,"enemies":"Collector","floor":33,"turns":1},{"damage":0,"enemies":"Orb Walker","floor":35,"turns":1},{"damage":0,"enemies":"3 Darklings","floor":36,"turns":1},{"damage":0,"enemies":"Spire Growth","floor":37,"turns":1},{"damage":0,"enemies":"Writhing Mass","floor":38,"turns":1},{"damage":0,"enemies":"Giant Head","floor":40,"turns":1},{"damage":0,"enemies":"Reptomancer","floor":41,"turns":1},{"damage":0,"enemies":"Giant Head","floor":42,"turns":1},{"damage":0,"enemies":"Reptomancer","floor":44,"turns":1},{"damage":0,"enemies":"Nemesis","floor":45,"turns":1},{"damage":0,"enemies":"Maw","floor":48,"turns":1},{"damage":86,"enemies":"Time Eater","floor":50,"turns":9},{"damage":1,"enemies":"Donu and Deca","floor":51,"turns":1},{"damage":0,"enemies":"Hallownest:2_MossCreeps","floor":53,"turns":1},{"damage":4,"enemies":"Hallownest:eliteCrystalGuardian","floor":58,"turns":1},{"damage":4,"enemies":"Hallownest:monsterHuskGuard","floor":60,"turns":1},{"damage":0,"enemies":"Hallownest:monsterHuskWarrior","floor":63,"turns":1},{"damage":0,"enemies":"Hallownest:Guard_and_Warrior","floor":64,"turns":1},{"damage":0,"enemies":"Hallownest:BossFalseKnight","floor":68,"turns":1},{"damage":0,"enemies":"Hallownest:3_Youths","floor":70,"turns":1},{"damage":0,"enemies":"Hallownest:eliteSoulWarrior","floor":78,"turns":1},{"damage":0,"enemies":"Hallownest:Guard_and_Sentry","floor":80,"turns":1},{"damage":0,"enemies":"Hallownest:monsterShrumalOgre","floor":81,"turns":1},{"damage":0,"enemies":"Hallownest:BossGrimm","floor":85,"turns":1},{"damage":0,"enemies":"Hallownest:3_Siblings","floor":87,"turns":1},{"damage":0,"enemies":"Hallownest:2_Littles","floor":90,"turns":1},{"damage":0,"enemies":"Hallownest:2_Wing_and_1_Kings","floor":93,"turns":1},{"damage":0,"enemies":"Hallownest:StalkingDevout","floor":95,"turns":1},{"damage":0,"enemies":"Hallownest:Xero_Hu_Marmu","floor":96,"turns":1},{"damage":0,"enemies":"Hallownest:Shield_Sturdy","floor":97,"turns":1},{"damage":0,"enemies":"Hallownest:BossGreyPrinceZote","floor":102,"turns":1},{"damage":0,"enemies":"Hallownest:BossHollowKnight","floor":103,"turns":1},{"damage":0,"enemies":"Small Slimes","floor":105,"turns":1},{"damage":0,"enemies":"The Mushroom Lair","floor":107,"turns":1},{"damage":0,"enemies":"3 Sentries","floor":113,"turns":1},{"damage":0,"enemies":"2 Louse","floor":115,"turns":1},{"damage":0,"enemies":"Cultist","floor":116,"turns":1},{"damage":0,"enemies":"Blue Slaver","floor":118,"turns":1},{"damage":0,"enemies":"The Guardian","floor":120,"turns":2},{"damage":0,"enemies":"Spheric Guardian","floor":122,"turns":1},{"damage":0,"enemies":"Shell Parasite","floor":128,"turns":1},{"damage":0,"enemies":"Slavers","floor":130,"turns":1},{"damage":0,"enemies":"Centurion and Healer","floor":132,"turns":1},{"damage":0,"enemies":"Collector","floor":137,"turns":2},{"damage":0,"enemies":"Orb Walker","floor":139,"turns":1},{"damage":0,"enemies":"3 Darklings","floor":142,"turns":1},{"damage":0,"enemies":"2 Orb Walkers","floor":143,"turns":1},{"damage":0,"enemies":"Nemesis","floor":147,"turns":1},{"damage":0,"enemies":"Mind Bloom Boss Battle","floor":151,"turns":1},{"damage":5,"enemies":"Donu and Deca","floor":154,"turns":3}],"seed_played":"7948351114653575870","potions_obtained":[{"floor":2,"key":"Dexterity Potion"},{"floor":5,"key":"Block Potion"},{"floor":7,"key":"Regen Potion"},{"floor":13,"key":"SkillPotion"},{"floor":24,"key":"AttackPotion"},{"floor":28,"key":"Energy Potion"},{"floor":33,"key":"ColorlessPotion"},{"floor":38,"key":"CalmPotion"},{"floor":41,"key":"SmokeBomb"},{"floor":42,"key":"Dota2Spire:Clarity"},{"floor":44,"key":"Fire Potion"},{"floor":50,"key":"DistilledChaos"},{"floor":51,"key":"testmod-EscapePotion"},{"floor":58,"key":"PowerPotion"},{"floor":60,"key":"Weak Potion"},{"floor":64,"key":"FairyPotion"},{"floor":78,"key":"Dexterity Potion"},{"floor":80,"key":"ColorlessPotion"},{"floor":81,"key":"ColorlessPotion"},{"floor":90,"key":"BlessingOfTheForge"},{"floor":96,"key":"ColorlessPotion"},{"floor":103,"key":"Dota2Spire:HealingSalve"},{"floor":107,"key":"Weak Potion"},{"floor":118,"key":"testmod-TimePotion"},{"floor":120,"key":"Dota2Spire:Clarity"},{"floor":122,"key":"FearPotion"},{"floor":123,"key":"Weak Potion"},{"floor":123,"key":"Weak Potion"},{"floor":132,"key":"Regen Potion"},{"floor":135,"key":"CalmPotion"},{"floor":142,"key":"Strength Potion"},{"floor":146,"key":"SpeedPotion"},{"floor":146,"key":"SmokeBomb"},{"floor":147,"key":"Swift Potion"},{"floor":151,"key":"ColorlessPotion"}],"is_trial":true,"path_per_floor":["M","M","M","?","M","R","E","E","T","E","?","E","M","E","R","B",null,"M","?","?","$","?","E","E","E","T","E","E","$","M","?","R","B",null,"M","M","M","M","$","E","E","E","T","E","E","R","$","M","R","B","B",null,"M","?","$","?","$","E","R","M","T","?","M","?","?","?","R","B",null,"M","?","$","?","?","R","R","$","E","?","M","M","?","$","R","B",null,"M","?","$","M","$","R","M","$","E","M","M","$","$","?","R","B","B",null,"M","?","?","?","$","R","$","?","E","?","M","M","?","M","R","B",null,"M","?","$","?","?","R","M","R","E","$","M","?","$","?","R","B",null,"M","?","$","M","?","R","?","?","E","?","$","?","?","$","R","B"],"character_chosen":"The_Alterego","items_purchased":["Technique","MerchantsRug","testmod-Justice","AT_EbonyIvory","testmod-SpacePotion","testmod-IndustrialRevolution","Letter Opener","AT_ChloranthyRing","SSSystem","testmod-SpacePotion","Membership Card","Bottled Flame","KyoryuNoHagoromo","GodSword1","MostiFishMod:KingOfFree","testmod-TurbochargingSystem","Strawberry","GodSword6","AT_Kusabimaru","Sling","testmod-Charity","AT_SpeedBoots","testmod-CasingShield","AT_EmpoweredMortalDraw","PlanX","testmod-HeartOfDaVinci","testmod-SpacePotion","BlessingOfTheForge","Fire Potion","Weak Potion","REME_CardOfGreed","Turnip","Runic Capacitor","MusicBox","REME_PoisonedDagger","AT_TheCollector","Red Skull","Civilization","Toxic Egg 2","GodSword7","HornCleat","HandDrill","Regen Potion","EssenceOfSteel","SpeedPotion","GamblersBrew","Gremlin Horn","GodSword4"],"campfire_rested":0,"item_purchase_floors":[21,21,21,29,39,47,57,57,72,72,77,77,77,77,77,83,83,89,89,89,94,94,98,98,99,109,109,109,109,109,111,111,111,124,124,131,134,141,141,149,149,149,149,149,149,149,152,152],"current_hp_per_floor":[60,61,64,29,32,32,37,44,44,49,49,58,67,75,75,74,76,76,70,70,70,70,77,77,77,77,79,80,80,79,79,79,81,81,81,81,81,81,81,81,81,81,81,81,81,81,81,81,81,78,81,81,81,73,73,73,73,74,74,85,85,85,85,85,85,85,85,85,43,43,43,43,43,43,43,43,43,48,48,53,53,53,57,57,65,65,70,70,70,75,75,75,80,81,100,120,135,136,137,137,137,162,180,180,192,192,208,136,149,149,157,157,192,195,216,242,242,269,273,300,300,309,309,315,315,306,306,324,324,354,354,371,371,371,371,371,426,426,441,442,444,464,490,490,495,495,519,519,528,528,550,553,553,699,699],"gold":630,"neow_bonus":"","is_daily":false,"chose_seed":false,"campfire_upgraded":18,"win_rate":0.0,"timestamp":1609841814,"path_taken":["M","M","M","?","M","R","E","E","T","E","?","E","?","E","R","BOSS","M","?","?","$","?","E","E","E","T","E","E","$","?","?","R","BOSS","M","M","M","M","$","E","E","E","T","E","E","R","$","M","R","BOSS","BOSS","M","?","$","?","?","E","R","?","T","?","?","?","?","?","R","BOSS","M","?","$","?","?","R","R","$","E","?","?","?","?","$","R","BOSS","M","?","?","?","$","R","?","$","E","M","M","?","$","?","R","BOSS","BOSS","M","?","?","?","$","R","$","?","E","?","M","M","?","M","R","BOSS","M","?","$","?","?","R","M","R","E","$","M","?","?","?","R","BOSS","M","?","$","M","?","R","?","?","E","?","$","?","?","$","R","BOSS"],"items_purchased_type":["Relic","Relic","Relic","Relic","Potion","Relic","Relic","Relic","Relic","Potion","Relic","Relic","Relic","Relic","Card","Relic","Relic","Relic","Relic","Relic","Relic","Relic","Relic","Card","Relic","Relic","Potion","Potion","Potion","Potion","Relic","Relic","Relic","Relic","Relic","Relic","Relic","Relic","Relic","Relic","Relic","Relic","Potion","Potion","Potion","Potion","Relic","Relic"],"build_version":"2020-12-22","purchased_purges":10,"victory":false,"max_hp_per_floor":[66,67,68,68,69,69,70,71,71,72,72,73,74,75,75,76,76,77,77,77,77,77,77,77,78,78,79,80,80,81,81,81,81,81,81,81,81,81,81,81,81,81,81,81,81,81,81,81,81,80,81,81,81,73,73,73,73,74,74,85,85,85,85,85,85,85,85,85,43,43,43,43,43,43,43,43,43,48,48,53,53,53,60,60,65,65,70,70,70,75,75,75,80,81,100,120,136,136,137,137,137,162,180,180,192,192,208,208,213,213,213,213,227,232,246,261,261,273,273,300,300,309,309,315,315,315,315,324,324,354,354,371,371,371,371,371,426,426,441,442,444,467,494,494,495,495,520,520,528,528,552,553,553,699,699],"card_choices":[{"not_picked":["alterego_mod:GoddessCore","alterego_mod:MagicResistance","alterego_mod:DiscoLights","alterego_mod:Swimsuit"],"picked":"alterego_mod:Lift","floor":7},{"not_picked":["alterego_mod:Schoolgirl","alterego_mod:BiFurious","alterego_mod:MagicResistance","alterego_mod:RocketPunch"],"picked":"alterego_mod:AlterEgo","floor":8},{"not_picked":["alterego_mod:Cushion","alterego_mod:Undulate","alterego_mod:Stockings","alterego_mod:Schoolgirl"],"picked":"alterego_mod:Palingenesis","floor":10},{"not_picked":["alterego_mod:Pet","alterego_mod:Maid","alterego_mod:Clones","alterego_mod:Mirror"],"picked":"alterego_mod:SakuraLabyrinth","floor":12},{"not_picked":["alterego_mod:GachaTicket","alterego_mod:DestructionOfProperty","alterego_mod:Pet","alterego_mod:Mirror","alterego_mod:Bounce"],"picked":"SKIP","floor":14},{"not_picked":["alterego_mod:Cooking","alterego_mod:Bounce","alterego_mod:Alter","alterego_mod:Cycle"],"picked":"alterego_mod:Antipathy","floor":23},{"not_picked":["alterego_mod:Maid","alterego_mod:Jiggle","alterego_mod:TrashNCrash","alterego_mod:Support+1"],"picked":"alterego_mod:IndependentAction","floor":24},{"not_picked":["alterego_mod:PerceptionDisorder+1","alterego_mod:IndependentAction","alterego_mod:MaintainEyeContact","alterego_mod:DiscoLights","alterego_mod:Bloomers"],"picked":"SKIP","floor":25},{"not_picked":["alterego_mod:GoddessCore","alterego_mod:Table","alterego_mod:Tantrum","alterego_mod:AlterEgo","alterego_mod:Santa"],"picked":"SKIP","floor":27},{"not_picked":["alterego_mod:Lingerie","alterego_mod:Maid","alterego_mod:RingBreak","alterego_mod:DustData","alterego_mod:Cycle"],"picked":"SKIP","floor":28},{"not_picked":["alterego_mod:Belts","alterego_mod:Maid","alterego_mod:BiFurious","alterego_mod:Cycle","alterego_mod:TrashNCrash+1"],"picked":"alterego_mod:SakuraFive","floor":40},{"not_picked":["alterego_mod:Cooking","alterego_mod:Bunnysuit","alterego_mod:Jiggle","alterego_mod:GachaTicket","alterego_mod:Punishment+1","alterego_mod:Maid"],"picked":"SKIP","floor":41},{"not_picked":["alterego_mod:Swimsuit+1","alterego_mod:Pet","alterego_mod:Punishment","alterego_mod:Table","alterego_mod:Exercise+1","alterego_mod:RingBreak"],"picked":"SKIP","floor":42},{"not_picked":["alterego_mod:Mirror","alterego_mod:Clap","alterego_mod:BeGentle","alterego_mod:Jiggle","alterego_mod:Skirt+1","alterego_mod:DeftHands"],"picked":"SKIP","floor":44},{"not_picked":["alterego_mod:IndependentAction+1","alterego_mod:BusterCard","alterego_mod:MagicResistance","alterego_mod:Valentines","alterego_mod:HighServant","alterego_mod:BeGentle"],"picked":"SKIP","floor":45},{"not_picked":["alterego_mod:Antipathy","alterego_mod:Palingenesis","alterego_mod:SideboobHour","alterego_mod:RingBreak","alterego_mod:Venus"],"picked":"alterego_mod:IdEs","floor":50},{"not_picked":["alterego_mod:RocketPunch","alterego_mod:SakuraPetals","alterego_mod:TrickOrTreatment","alterego_mod:Lingerie","alterego_mod:SuperDuperMasochism","alterego_mod:MaintainEyeContact"],"picked":"SKIP","floor":58},{"not_picked":["alterego_mod:RingBreak","alterego_mod:Vow","alterego_mod:VirginLaserPalladion","alterego_mod:Valkyrie","alterego_mod:Venus"],"picked":"alterego_mod:BrynhildrRomantia","floor":68},{"not_picked":["alterego_mod:Punishment","alterego_mod:RidiculouslyBig+1","alterego_mod:Schoolgirl","alterego_mod:Palingenesis","alterego_mod:Crossover"],"picked":"alterego_mod:Belle","floor":78},{"not_picked":["alterego_mod:Alter","alterego_mod:STier","alterego_mod:IdEs","alterego_mod:TrickOrTreatment","alterego_mod:Palingenesis"],"picked":"alterego_mod:ClassAdvantage","floor":85},{"not_picked":["alterego_mod:Rip","alterego_mod:Cycle+1","alterego_mod:GoddessCore","alterego_mod:Lift+1","alterego_mod:Valkyrie","alterego_mod:Skirt"],"picked":"SKIP","floor":95},{"not_picked":["alterego_mod:Venus","alterego_mod:STier","alterego_mod:Palingenesis+1","alterego_mod:Weigh","alterego_mod:SideboobHour"],"picked":"alterego_mod:Tantrum","floor":103},{"not_picked":["alterego_mod:MaintainEyeContact","alterego_mod:Swimsuit","alterego_mod:Crossover","alterego_mod:Rake","alterego_mod:Undulate","alterego_mod:PerceptionDisorder+1"],"picked":"SKIP","floor":113},{"not_picked":["alterego_mod:Swimsuit","alterego_mod:SuperDuperMasochism","alterego_mod:PurpleHair","alterego_mod:PerceptionDisorder+1","alterego_mod:Mirror+1","alterego_mod:Tantrum"],"picked":"SKIP","floor":130},{"not_picked":["alterego_mod:VirginLaserPalladion","alterego_mod:InsideBaseball+1","alterego_mod:Valkyrie","alterego_mod:Tantrum","alterego_mod:Weigh"],"picked":"alterego_mod:GIGAMILK","floor":137},{"not_picked":["alterego_mod:DeftHands+1","alterego_mod:Cycle+1","alterego_mod:Jiggle+1","alterego_mod:GoddessCore","alterego_mod:IndependentAction+1"],"picked":"alterego_mod:Cushion+1","floor":147}],"player_experience":18648,"relics_obtained":[{"floor":1,"key":"Prayer Wheel"},{"floor":1,"key":"SynthV:TestCard"},{"floor":2,"key":"Bird Faced Urn"},{"floor":3,"key":"AT_RabadonDeathcap"},{"floor":5,"key":"Dota2Spire:AghanimScepter"},{"floor":7,"key":"Dota2Spire:PowerTreads"},{"floor":8,"key":"Omamori"},{"floor":9,"key":"BionicSphere"},{"floor":10,"key":"Nunchaku"},{"floor":12,"key":"AT_ImmortalShieldbow"},{"floor":13,"key":"SynthV:C4"},{"floor":14,"key":"Lantern"},{"floor":18,"key":"Dota2Spire:PhaseBoots"},{"floor":23,"key":"Dota2Spire:MagicBottle"},{"floor":24,"key":"Pantograph"},{"floor":25,"key":"testmod-OneHitWonder"},{"floor":26,"key":"Dota2Spire:Vanguard"},{"floor":27,"key":"Whetstone"},{"floor":35,"key":"AT_BellDemon"},{"floor":36,"key":"Shuriken"},{"floor":36,"key":"testmod-DragonStarHat"},{"floor":37,"key":"Question Card"},{"floor":37,"key":"testmod-ArcanaOfDestiny"},{"floor":38,"key":"Dota2Spire:UrnOfShadows"},{"floor":38,"key":"Bag of Marbles"},{"floor":40,"key":"Matryoshka"},{"floor":40,"key":"SecretRecord"},{"floor":41,"key":"Incense Burner"},{"floor":41,"key":"SumBook"},{"floor":42,"key":"Sundial"},{"floor":42,"key":"AT_SilvercatRing"},{"floor":43,"key":"testmod-LifeArmor"},{"floor":43,"key":"Regal Pillow"},{"floor":44,"key":"FossilizedHelix"},{"floor":44,"key":"AT_RedTearstoneRing"},{"floor":45,"key":"Gambling Chip"},{"floor":45,"key":"Bronze Scales"},{"floor":48,"key":"Dota2Spire:BladeMail"},{"floor":48,"key":"Centennial Puzzle"},{"floor":50,"key":"Dream Catcher"},{"floor":51,"key":"testmod-AssaultLearning"},{"floor":53,"key":"REME_PuzzleBoxRelic"},{"floor":53,"key":"Tiny Chest"},{"floor":58,"key":"REME_ArchaeologicalTools"},{"floor":60,"key":"Pear"},{"floor":60,"key":"Dota2Spire:LinkenSphere"},{"floor":61,"key":"Pen Nib"},{"floor":61,"key":"MagicDraw1"},{"floor":63,"key":"Mercury Hourglass"},{"floor":63,"key":"Dota2Spire:LotusOrb"},{"floor":64,"key":"PreservedInsect"},{"floor":64,"key":"Dota2Spire:ArcaneBoots"},{"floor":68,"key":"AT_ForceNature"},{"floor":70,"key":"DaCapo"},{"floor":70,"key":"Bag of Preparation"},{"floor":78,"key":"Dota2Spire:DrumOfEndurance"},{"floor":80,"key":"AT_MibuBalloonWealth"},{"floor":80,"key":"AT_SunfireAegis"},{"floor":81,"key":"Boot"},{"floor":81,"key":"Kunai"},{"floor":85,"key":"Blue Candle"},{"floor":87,"key":"Frozen Egg 2"},{"floor":87,"key":"CombinedTypeHook"},{"floor":90,"key":"MagicDraw2"},{"floor":90,"key":"Dota2Spire:HandOfMidas"},{"floor":93,"key":"MealTicket"},{"floor":93,"key":"Juzu Bracelet"},{"floor":95,"key":"Potion Belt"},{"floor":96,"key":"Dota2Spire:Mjollnir"},{"floor":96,"key":"MagicDraw4"},{"floor":97,"key":"Ornamental Fan"},{"floor":97,"key":"testmod-Muramasa"},{"floor":102,"key":"CaptainsWheel"},{"floor":103,"key":"MagicDraw3"},{"floor":105,"key":"ShirouKen"},{"floor":105,"key":"HoshigumaDish"},{"floor":107,"key":"Odd Mushroom"},{"floor":107,"key":"Dota2Spire:EchoSabre"},{"floor":113,"key":"Bottled Lightning"},{"floor":115,"key":"Akabeko"},{"floor":115,"key":"testmod-TheFather"},{"floor":116,"key":"ColorfulQuillpen"},{"floor":116,"key":"MysticStaff"},{"floor":118,"key":"Smiling Mask"},{"floor":118,"key":"Ancient Tea Set"},{"floor":120,"key":"InkBottle"},{"floor":122,"key":"Self Forming Clay"},{"floor":122,"key":"Tiny Chest"},{"floor":126,"key":"Necronomicon"},{"floor":128,"key":"StoneCalendar"},{"floor":128,"key":"Orichalcum"},{"floor":130,"key":"Dota2Spire:ShadowBlade"},{"floor":132,"key":"ZombieArmy"},{"floor":132,"key":"Snake Skull"},{"floor":135,"key":"Ccalipers"},{"floor":139,"key":"CeramicFish"},{"floor":139,"key":"Art of War"},{"floor":142,"key":"AT_BladeRuinedKing"},{"floor":142,"key":"Vajra"},{"floor":143,"key":"Magic Flower"},{"floor":143,"key":"War Paint"},{"floor":147,"key":"DataDisk"},{"floor":151,"key":"Thread and Needle"},{"floor":151,"key":"AT_ArchangelStaff"}],"event_choices":[{"damage_healed":0,"gold_gain":0,"player_choice":"Success","damage_taken":35,"relics_obtained":["Dota2Spire:Desolator"],"max_hp_gain":0,"max_hp_loss":0,"event_name":"Scrap Ooze","floor":4,"gold_loss":0},{"damage_healed":0,"gold_gain":0,"player_choice":"1 cards matched","damage_taken":0,"max_hp_gain":0,"max_hp_loss":0,"event_name":"Match and Keep!","floor":11,"gold_loss":0,"cards_obtained":["alterego_mod:Swimsuit"]},{"damage_healed":0,"gold_gain":0,"player_choice":"Joined the Cult","damage_taken":6,"max_hp_gain":0,"max_hp_loss":0,"event_name":"Nest","floor":19,"gold_loss":0,"cards_obtained":["RitualDagger"]},{"damage_healed":0,"gold_gain":0,"player_choice":"Copied","damage_taken":0,"max_hp_gain":0,"max_hp_loss":0,"event_name":"Duplicator","floor":22,"gold_loss":0,"cards_obtained":["alterego_mod:Palingenesis"]},{"damage_healed":0,"gold_gain":0,"player_choice":"Read","damage_taken":0,"max_hp_gain":0,"max_hp_loss":0,"event_name":"The Library","floor":31,"gold_loss":0,"cards_obtained":["alterego_mod:Undulate"]},{"damage_healed":0,"gold_gain":0,"player_choice":"Swap Relic","damage_taken":0,"relics_obtained":["Dead Branch"],"max_hp_gain":0,"max_hp_loss":0,"event_name":"给自己的盒子","floor":65,"relics_lost":["DaveBox"],"gold_loss":0},{"damage_healed":0,"gold_gain":999,"player_choice":"Sell","damage_taken":0,"max_hp_gain":0,"max_hp_loss":0,"event_name":"恩洛斯的盘子","floor":66,"relics_lost":["RhineFirstAidKit"],"gold_loss":0},{"damage_healed":0,"gold_gain":0,"player_choice":"Fought Mushrooms","damage_taken":0,"max_hp_gain":0,"max_hp_loss":0,"event_name":"Mushrooms","floor":107,"gold_loss":0},{"damage_healed":0,"gold_gain":0,"player_choice":"Take Damage","damage_taken":72,"relics_obtained":["Golden Idol"],"max_hp_gain":0,"max_hp_loss":0,"event_name":"Golden Idol","floor":108,"gold_loss":0},{"damage_healed":0,"gold_gain":0,"player_choice":"Cursed","damage_taken":0,"max_hp_gain":0,"max_hp_loss":0,"event_name":"Wheel of Change","floor":112,"gold_loss":0,"cards_obtained":["Decay"]},{"damage_healed":0,"gold_gain":0,"player_choice":"Donut","damage_taken":0,"max_hp_gain":5,"max_hp_loss":0,"event_name":"Big Fish","floor":114,"gold_loss":0},{"damage_healed":0,"gold_gain":0,"player_choice":"Trade","damage_taken":0,"relics_obtained":["NlothsMask"],"max_hp_gain":0,"max_hp_loss":0,"event_name":"FaceTrader","floor":117,"gold_loss":0},{"damage_healed":0,"gold_gain":0,"player_choice":"Got Potions","damage_taken":0,"max_hp_gain":0,"max_hp_loss":0,"event_name":"Lab","floor":123,"gold_loss":0},{"damage_healed":0,"gold_gain":0,"player_choice":"Ignored","damage_taken":0,"max_hp_gain":0,"max_hp_loss":0,"event_name":"Vampires","floor":125,"gold_loss":0},{"damage_healed":0,"gold_gain":0,"player_choice":"Obtained Book","damage_taken":21,"max_hp_gain":0,"max_hp_loss":0,"event_name":"Cursed Tome","floor":126,"gold_loss":0},{"cards_removed":["alterego_mod:Exercise"],"damage_healed":0,"gold_gain":0,"player_choice":"Gave Gold","damage_taken":0,"max_hp_gain":0,"max_hp_loss":0,"event_name":"Beggar","floor":133,"gold_loss":75},{"damage_healed":0,"gold_gain":333,"player_choice":"Gave Idol","damage_taken":0,"max_hp_gain":0,"max_hp_loss":0,"event_name":"The Moai Head","floor":140,"relics_lost":["Golden Idol"],"gold_loss":0},{"damage_healed":0,"gold_gain":0,"player_choice":"Fight","damage_taken":0,"max_hp_gain":0,"max_hp_loss":0,"event_name":"Mysterious Sphere","floor":143,"gold_loss":0},{"damage_healed":99,"gold_gain":0,"player_choice":"Writhe","damage_taken":0,"max_hp_gain":0,"max_hp_loss":0,"event_name":"Winding Halls","floor":145,"gold_loss":0,"cards_obtained":["Writhe"]},{"damage_healed":0,"gold_gain":0,"player_choice":"Ignored","damage_taken":0,"max_hp_gain":0,"max_hp_loss":0,"event_name":"Tomb of Lord Red Mask","floor":148,"gold_loss":0},{"damage_healed":0,"gold_gain":0,"player_choice":"0 cards matched","damage_taken":0,"max_hp_gain":0,"max_hp_loss":0,"event_name":"Match and Keep!","floor":150,"gold_loss":0,"cards_obtained":[]},{"damage_healed":0,"gold_gain":0,"player_choice":"Fight","damage_taken":0,"max_hp_gain":0,"max_hp_loss":0,"event_name":"MindBloom","floor":151,"gold_loss":0}],"is_beta":false,"boss_relics":[{"not_picked":["Runic Pyramid","SacredBark"],"picked":"testmod-DeterminationOfClimber"},{"not_picked":["NightmareShop","Tiny House"],"picked":"JellyFishMachine"},{"not_picked":["Velvet Choker","testmod-DreamHouse"],"picked":"RhineFirstAidKit"},{"not_picked":["testmod-TimeTraveler","BloodWine"],"picked":"GuanYuAspect"},{"not_picked":["REME_DemonsWealth","Empty Cage"],"picked":"RhineCircuit"},{"not_picked":["testmod-SaigiyounoYou","testmod-Prudence"],"picked":"Coffee Dripper"},{"not_picked":["Inserter","testmod-KeyOfTheVoid"],"picked":"HaiYi:Twilight"},{"not_picked":["testmod-BatchProcessingSystem","Empty Cage"],"picked":"testmod-BloodSacrificeSpiritualization"}],"items_purged_floors":[29,39,47,72,89,124,134,141,149,152],"is_endless":true,"potions_floor_spawned":[2,5,7,13,24,28,33,38,41,42,44,50,51,58,60,64,78,80,81,90,96,103,107,118,120,122,132,142,147,151],"killed_by":"Donu and Deca","ascension_level":20}}