{"host":"y9jgkjnf95sujozk","time":1609871849,"event":{"mods":["2.2 Compatiblity","AchievementEnabler","Act Like it!","BaseMod","Block Reminder","Colored Map","Colored Powertips","Decade(王小明)","Downfall","Friendly Minions","Gensokyo","GifTheSpireLib","Hallownest","Hermit","Highlight Path","HololiveMod","Infinite Spire","Jorbs\u0027s Wanderer Trilogy","Marisa（霧雨　魔理沙）","Minty Spire (QoL Compilation)","Random Character Button","Rare Cards Sparkle","Remilia（蕾米莉?）","Replay The Spire","Shop Mod","StSLib","SuperFastMode","The Animator","The Bug Knight","The Cursed","The Hierophant","The Jungle","The Senshi","The Servant 0.9.4"],"gold_per_floor":[113,113,113,129,129,129,141,141,141,141,151,151,151,151,167,184,184,281,281,292,309,328,338,348,348,11,64,64,80,80,80,80,80,80,179,179,192,212,228,247,259,285,285,205,251,270,270,270,270,362,362,362],"floor_reached":53,"playtime":2044,"items_purged":["Pain"],"score":906,"play_id":"5e8dd099-acc4-49e9-aa2f-73f5dd2f6b39","local_time":"20210105193729","is_ascension_mode":false,"campfire_choices":[{"floor":6,"key":"REST"},{"data":"UnderTheZenith","floor":8,"key":"SMITH"},{"data":"infinitespire:Punishment","floor":10,"key":"SMITH"},{"floor":17,"key":"REST"},{"floor":25,"key":"REST"},{"floor":30,"key":"REST"},{"data":"DiffusionOfMisfortune","floor":32,"key":"SMITH"},{"data":"DiffusionOfMisfortune","floor":34,"key":"SMITH"},{"floor":43,"key":"REST"},{"floor":47,"key":"REST"},{"data":"Hallownest:attackMasterDashSlash","floor":49,"key":"SMITH"},{"floor":51,"key":"REST"}],"circlet_count":0,"master_deck":["Strike_RM","Strike_RM","Strike_RM+1","Strike_RM","RedMoon","ScarletShoot+1","ScarletNetherworld","EmergencyRegeneration","infinitespire:Punishment+1","UnderTheZenith+1","DiffusionOfMisfortune","MiserableFate+1","BombardNight+1","ForecastOfChange","BadLadyScramble+1","DiffusionOfMisfortune","ScarletDream+1","DiffusionOfMisfortune","VampireFantasy+1","BloodyTrap+1","Master of Strategy+1","Replay:Bootleg Shield Generator+1","DiffusionOfMisfortune+1","DiffusionOfMisfortune+1","theJungle:Gourd+1","theJungle:Gourd+1","theJungle:Gourd+1","theJungle:Gourd+1","theJungle:Gourd+1","TransientEternity","VampirishNight+1","ScarletGensokyo+1","ScarletDevil+1","ScarletSymphony+1","VampirishNight+1","MillenniumVampire+1","EmergencyRegeneration+1","RedRainbow","ScarletDream+1","NightDance+1","Stigmanizer","Hallownest:attackMasterDashSlash+1","FavorOfDestiny+1","EndlessAdversity+1","UltimateOffering","VampireKiss+1"],"relics":["ScarletHat","NeowsBlessing","ReplayTheSpireMod:Ring of Exchange","Ring of Hypnosis","Gensokyo:LunaticRedEyes","Toxic Egg 2","Mango","Membership Card","Lee\u0027s Waffle","Regal Pillow","Pantograph","theJungle:BirthdayCake","Orrery","Gremlin Food","Smiling Mask"],"acts_visited":["Exordium","Gensokyo:Gensokyo","theJungle:Jungle"],"potions_floor_usage":[18,18,18,24,24,35,35,42,42,42,52,52,52],"damage_taken":[{"damage":0,"enemies":"Gensokyo:Gryphon","floor":1,"turns":1},{"damage":0,"enemies":"Gensokyo:2_Kodama","floor":4,"turns":1},{"damage":0,"enemies":"Gensokyo:Python","floor":7,"turns":1},{"damage":2,"enemies":"Gensokyo:VengefulSpirit","floor":11,"turns":5},{"damage":28,"enemies":"Gensokyo:2_Rabbits","floor":15,"turns":5},{"damage":0,"enemies":"Gensokyo:LivingMonolith","floor":16,"turns":2},{"damage":16,"enemies":"Gensokyo:Kokoro","floor":18,"turns":8},{"damage":39,"enemies":"theJungle:5_Spyders","floor":20,"turns":8},{"damage":26,"enemies":"theJungle:MUSHROOMGANG","floor":21,"turns":5},{"damage":36,"enemies":"theJungle:JungleHuntersEncounter","floor":22,"turns":8},{"damage":78,"enemies":"theJungle:2_Snecko_Cultists","floor":23,"turns":5},{"damage":16,"enemies":"theJungle:2_Flameangoes","floor":24,"turns":5},{"damage":7,"enemies":"theJungle:Snecko_Cultist_And_Trap","floor":29,"turns":2},{"damage":7,"enemies":"theJungle:FunGuy","floor":35,"turns":9},{"damage":14,"enemies":"Hallownest:Shield_Heavy","floor":37,"turns":7},{"damage":14,"enemies":"Hallownest:2_Littles","floor":38,"turns":6},{"damage":0,"enemies":"Hallownest:2_Great","floor":39,"turns":7},{"damage":283,"enemies":"Hallownest:Xero_Hu_Marmu","floor":40,"turns":15},{"damage":82,"enemies":"Hallownest:Shield_Sturdy","floor":41,"turns":4},{"damage":194,"enemies":"Hallownest:eliteHiveKnight","floor":42,"turns":7},{"damage":42,"enemies":"Hallownest:2_Wing_and_1_Kings","floor":46,"turns":5},{"damage":163,"enemies":"Hallownest:BossHollowKnight","floor":52,"turns":12}],"seed_played":"-1059232621799720474","potions_obtained":[{"floor":1,"key":"Toxic Potion"},{"floor":11,"key":"EssenceOfSteel"},{"floor":15,"key":"Milkshake"},{"floor":22,"key":"FearPotion"},{"floor":23,"key":"ColorlessPotion"},{"floor":29,"key":"hexamod:EctoCoolerPotion"},{"floor":38,"key":"Weak Potion"},{"floor":40,"key":"LiquidBronze"},{"floor":40,"key":"Languid Potion"},{"floor":42,"key":"Block Potion"},{"floor":46,"key":"LiquidBronze"}],"is_trial":false,"path_per_floor":["M","?","?","M","?","R","M","R","T","R","M","PTL","PTL","?","M","M","R","B",null,"M","M","M","M","M","R","$","T","T","M","R","?","R","?","R","B",null,"M","M","M","M","M","E","R","?","T","M","R","?","R","?","R","B",null],"character_chosen":"REMILIA","items_purchased":["Lee\u0027s Waffle","BloodyTrap+1","Master of Strategy+1","Replay:Bootleg Shield Generator+1","DiffusionOfMisfortune","Slimebound:ThreeZeroPotion"],"campfire_rested":7,"item_purchase_floors":[26,26,26,26,26,26],"current_hp_per_floor":[75,75,75,75,57,75,75,75,75,75,75,75,75,68,66,66,89,83,89,65,63,56,35,21,47,96,96,96,91,96,96,96,116,116,114,116,116,113,116,34,34,23,72,72,72,74,116,116,116,70,116,38],"gold":362,"neow_bonus":"THREE_ENEMY_KILL","is_daily":false,"chose_seed":false,"campfire_upgraded":5,"win_rate":0.0,"timestamp":1609871849,"path_taken":["M","?","?","?","?","R","?","R","T","R","M","PTL","PTL","?","M","M","R","BOSS","M","M","M","?","M","R","$","?","T","M","R","?","R","?","R","BOSS","M","M","M","M","M","E","R","?","T","M","R","?","R","?","R","BOSS"],"items_purchased_type":["Relic","Card","Card","Card","Card","Potion"],"build_version":"2020-12-22","purchased_purges":1,"victory":true,"max_hp_per_floor":[75,75,75,75,75,75,75,75,75,75,75,75,75,89,89,89,89,89,89,89,89,89,89,89,89,96,96,96,96,96,96,96,116,116,116,116,116,116,116,116,116,116,116,116,116,116,116,116,116,116,116,116],"card_choices":[{"not_picked":["UnstableMagic","FavorOfDestiny"],"picked":"ScarletNetherworld","floor":1},{"not_picked":["Stigmanizer","ScarletDevilSign"],"picked":"EmergencyRegeneration","floor":4},{"not_picked":["infinitespire:Starlight","infinitespire:UltimateForm"],"picked":"infinitespire:Punishment","floor":5},{"not_picked":["ScarletImprint","RedRainbow"],"picked":"UnderTheZenith","floor":7},{"not_picked":["BlasphemousPunishment+1","Septette+1"],"picked":"DiffusionOfMisfortune","floor":11},{"not_picked":["ChaoticDestiny+1","ScarletDevil"],"picked":"MiserableFate+1","floor":15},{"not_picked":["BloodHunter+1","RedRainbow"],"picked":"BombardNight","floor":16},{"not_picked":["TricksterDevil","BloodyHallows+1"],"picked":"ForecastOfChange","floor":18},{"not_picked":["StarOfDavid","ScarletDevil"],"picked":"BadLadyScramble+1","floor":20},{"not_picked":["StarOfDavid","MastersStateliness"],"picked":"DiffusionOfMisfortune","floor":21},{"not_picked":["GlobalNightmare+1","DiffusionOfMisfortune"],"picked":"ScarletDream+1","floor":22},{"not_picked":["UnderTheZenith+1","RedRainbow"],"picked":"DiffusionOfMisfortune","floor":23},{"not_picked":["UnstableMagic+1","ScarletMeister"],"picked":"VampireFantasy+1","floor":24},{"not_picked":["MastersStateliness","VampireKiss"],"picked":"DiffusionOfMisfortune","floor":29},{"not_picked":["CurseOfVladTepes","HeartBreak"],"picked":"TransientEternity","floor":35},{"not_picked":["ScarletDevil+1","BloodHunter+1"],"picked":"VampirishNight+1","floor":36},{"not_picked":["ScarletNetherworld","BombardNight"],"picked":"ScarletGensokyo+1","floor":36},{"not_picked":["NightDance","ScarletImprint"],"picked":"ScarletDevil+1","floor":36},{"not_picked":["NightLord","BloodAndWine+1"],"picked":"ScarletSymphony+1","floor":36},{"not_picked":["FavorOfDestiny+1","Maim+1"],"picked":"VampirishNight+1","floor":36},{"not_picked":["RedRainbow","NightLord+1"],"picked":"MillenniumVampire+1","floor":37},{"not_picked":["ScarletImprint+1","EndlessAdversity"],"picked":"EmergencyRegeneration+1","floor":38},{"not_picked":["ScarletDevil","StarOfDavid"],"picked":"RedRainbow","floor":39},{"not_picked":["ForbiddenFruit+1","BadLadyScramble+1"],"picked":"ScarletDream+1","floor":40},{"not_picked":["UnstableMagic+1","VampireKiss"],"picked":"NightDance+1","floor":41},{"not_picked":["HeartBreak","BombardNight"],"picked":"Stigmanizer","floor":42},{"not_picked":["StarOfDavid+1","MastersStateliness"],"picked":"FavorOfDestiny+1","floor":46},{"not_picked":["AfternoonTea+1","Stigmanizer"],"picked":"EndlessAdversity+1","floor":50},{"not_picked":["ScarletImprint+1","GlobalNightmare+1"],"picked":"UltimateOffering","floor":50},{"not_picked":["BombardNight+1","EndlessAdversity+1"],"picked":"VampireKiss+1","floor":50}],"player_experience":135453,"relics_obtained":[{"floor":2,"key":"ReplayTheSpireMod:Ring of Exchange"},{"floor":2,"key":"Ring of Hypnosis"},{"floor":9,"key":"Toxic Egg 2"},{"floor":27,"key":"Regal Pillow"},{"floor":28,"key":"Pantograph"},{"floor":42,"key":"Gremlin Food"},{"floor":45,"key":"Smiling Mask"}],"event_choices":[],"is_beta":false,"boss_relics":[{"not_picked":["Coffee Dripper","Replay:Lucky Slots"],"picked":"Membership Card"},{"not_picked":["SacredBark","DollysMirror"],"picked":"Orrery"}],"items_purged_floors":[26],"is_endless":false,"potions_floor_spawned":[1,11,15,16,22,23,29,38,40,42,46],"ascension_level":0}}