{"host":"dcj2yvrgcvh5dl2s","time":1609842978,"event":{"mods":["BaseMod","Better Note","Block Reminder","Colored Powertips","DeckTracker","Minty Spire (QoL Compilation)","Quick Restart","Rare Cards Sparkle","Relic Stats","StSLib"],"gold_per_floor":[13,29,29,29,42,42,67,67,67,67,85,99,132,95,95,197,197,208,123,123,123,137,137,137,137],"floor_reached":24,"playtime":894,"items_purged":[],"score":255,"play_id":"cbeeee0f-4f7b-4269-922f-75f83d020379","local_time":"20210105203618","is_ascension_mode":true,"campfire_choices":[{"data":"Neutralize","floor":6,"key":"SMITH"},{"floor":10,"key":"REST"},{"floor":15,"key":"REST"},{"floor":23,"key":"REST"}],"circlet_count":0,"master_deck":["Strike_G","Strike_G","Strike_G","Strike_G","Defend_G","Defend_G","Defend_G","Defend_G","Defend_G","Survivor","Neutralize+1","Adrenaline","Deflect","A Thousand Cuts+1","Distraction","Bouncing Flask","Calculated Gamble","Cloak And Dagger","Choke","Blade Dance","Crippling Poison","A Thousand Cuts","Terror","Quick Slash+1","Backflip"],"relics":["Ring of the Snake","Dream Catcher","Question Card","Letter Opener","WristBlade","Darkstone Periapt","Sundial"],"acts_visited":["Exordium","TheCity"],"potions_floor_usage":[13,22,24],"damage_taken":[{"damage":0,"enemies":"2 Louse","floor":1,"turns":3},{"damage":0,"enemies":"Small Slimes","floor":2,"turns":3},{"damage":0,"enemies":"Cultist","floor":5,"turns":3},{"damage":31,"enemies":"3 Sentries","floor":7,"turns":6},{"damage":4,"enemies":"3 Louse","floor":11,"turns":2},{"damage":4,"enemies":"Large Slime","floor":12,"turns":4},{"damage":37,"enemies":"Lagavulin","floor":13,"turns":6},{"damage":31,"enemies":"Slime Boss","floor":16,"turns":7},{"damage":12,"enemies":"3 Byrds","floor":18,"turns":3},{"damage":0,"enemies":"Chosen","floor":22,"turns":3},{"damage":57,"enemies":"Gremlin Leader","floor":24,"turns":5}],"seed_played":"7170633795644373941","potions_obtained":[{"floor":5,"key":"SpeedPotion"},{"floor":7,"key":"GamblersBrew"},{"floor":16,"key":"SpeedPotion"}],"is_trial":false,"path_per_floor":["M","M","?","$","M","R","E","?","T","R","M","M","E","?","R","B",null,"M","?","?","T","M","R","E"],"character_chosen":"THE_SILENT","items_purchased":[],"campfire_rested":3,"item_purchase_floors":[],"current_hp_per_floor":[70,70,70,70,70,70,39,39,39,60,56,52,15,15,36,5,54,42,42,29,29,29,51,0,0],"gold":137,"neow_bonus":"THREE_RARE_CARDS","is_daily":false,"chose_seed":false,"campfire_upgraded":1,"win_rate":0.0,"timestamp":1609842978,"path_taken":["M","M","?","$","M","R","E","?","T","R","?","M","E","?","R","BOSS","M","?","?","?","M","R","E"],"items_purchased_type":[],"build_version":"2020-12-22","purchased_purges":0,"victory":false,"max_hp_per_floor":[70,70,70,70,70,70,70,70,70,70,70,70,70,70,70,70,70,70,70,75,75,75,75,75,75],"relic_stats":{"Darkstone Periapt":0,"Dream Catcher":3,"counters":[11,45],"Sundial":[0],"Letter Opener":[80],"Question Card":9,"obtain_stats":[{"Darkstone Periapt":19,"Dream Catcher":7,"WristBlade":17,"Sundial":21,"Letter Opener":13,"Question Card":9,"Ring of the Snake":0},{"Darkstone Periapt":9,"Dream Catcher":4,"WristBlade":8,"Sundial":9,"Letter Opener":7,"Question Card":4,"Ring of the Snake":0},{"Darkstone Periapt":37,"Dream Catcher":15,"WristBlade":34,"Sundial":37,"Letter Opener":27,"Question Card":15,"Ring of the Snake":0}],"Ring of the Snake":[22]},"card_choices":[{"not_picked":["Venomology","Night Terror"],"picked":"Adrenaline","floor":0},{"not_picked":["Dodge and Roll","Dagger Throw"],"picked":"Deflect","floor":1},{"not_picked":["Accuracy","Blade Dance"],"picked":"A Thousand Cuts","floor":2},{"not_picked":["Dodge and Roll","Accuracy"],"picked":"Distraction","floor":5},{"not_picked":["Leg Sweep","Dagger Throw"],"picked":"Bouncing Flask","floor":7},{"not_picked":["Infinite Blades","Dagger Throw","Quick Slash"],"picked":"Calculated Gamble","floor":10},{"not_picked":["Poisoned Stab","Well Laid Plans","Quick Slash"],"picked":"Cloak And Dagger","floor":11},{"not_picked":["Poisoned Stab","Underhanded Strike","Quick Slash"],"picked":"Choke","floor":12},{"not_picked":["Dagger Spray","Dagger Throw","Heel Hook"],"picked":"Blade Dance","floor":13},{"not_picked":["Dagger Throw","Underhanded Strike","Setup"],"picked":"Crippling Poison","floor":15},{"not_picked":["Phantasmal Killer","Storm of Steel","Glass Knife"],"picked":"A Thousand Cuts","floor":16},{"not_picked":["Crippling Poison","Sucker Punch","Acrobatics"],"picked":"Terror","floor":18},{"not_picked":["Flechettes","Finisher","Underhanded Strike"],"picked":"Quick Slash+1","floor":22},{"not_picked":["Acrobatics","Deadly Poison","Dodge and Roll"],"picked":"Backflip","floor":23}],"player_experience":2210982,"relics_obtained":[{"floor":7,"key":"Dream Catcher"},{"floor":9,"key":"Question Card"},{"floor":13,"key":"Letter Opener"},{"floor":21,"key":"Sundial"}],"event_choices":[{"damage_healed":0,"gold_gain":0,"player_choice":"Grow","damage_taken":0,"max_hp_gain":0,"max_hp_loss":0,"event_name":"Living Wall","floor":3,"gold_loss":0,"cards_upgraded":["A Thousand Cuts"]},{"cards_removed":["Strike_G"],"damage_healed":0,"gold_gain":0,"player_choice":"Purged","damage_taken":0,"max_hp_gain":0,"max_hp_loss":0,"event_name":"Purifier","floor":8,"gold_loss":0},{"damage_healed":0,"gold_gain":0,"player_choice":"Left Gold","damage_taken":0,"max_hp_gain":0,"max_hp_loss":0,"event_name":"World of Goop","floor":14,"gold_loss":37},{"damage_healed":0,"gold_gain":0,"player_choice":"Obtained Relic","damage_taken":0,"relics_obtained":["Darkstone Periapt"],"max_hp_gain":0,"max_hp_loss":0,"event_name":"Addict","floor":19,"gold_loss":85},{"damage_healed":0,"gold_gain":0,"player_choice":"Shed Blood","damage_taken":18,"max_hp_gain":5,"max_hp_loss":0,"event_name":"Forgotten Altar","floor":20,"gold_loss":0}],"is_beta":false,"boss_relics":[{"not_picked":["SlaversCollar","Coffee Dripper"],"picked":"WristBlade"}],"items_purged_floors":[],"is_endless":false,"potions_floor_spawned":[5,7,16],"killed_by":"Gremlin Leader","ascension_level":5}}