{"host":"359hz4210ybch7ku","time":1609817766,"event":{"mods":["BaseMod","Block Reminder","Colored Map","Colored Powertips","Highlight Path","Minty Spire (QoL Compilation)","Slay the Relics Exporter","StSLib"],"gold_per_floor":[115,115,177,191,46,46,271,30,55,105,116,21,40,51,51,155,205,223,45,46,96,109,109,142,17,17,67,67,67],"floor_reached":28,"playtime":1818,"items_purged":["Defend_P","Doubt","Strike_P"],"score":262,"play_id":"05135d0a-eff3-479f-b12e-ed55672d5c5c","local_time":"20210104193606","is_ascension_mode":true,"campfire_choices":[{"data":"Wallop","floor":6,"key":"SMITH"},{"data":"Prostrate","floor":15,"key":"SMITH"},{"floor":23,"key":"REST"}],"circlet_count":0,"master_deck":["Strike_P","Strike_P","Strike_P","Defend_P","Defend_P","Defend_P","Eruption","Vigilance","Adaptation","Wallop+1","Prostrate+1","Consecrate","Sanctity+1","Consecrate","WaveOfTheHand","Prostrate+1","Wish+1","Wallop","Study","Prostrate","Consecrate","Sanctity"],"relics":["PureWater","Smiling Mask","SsserpentHead","Tiny Chest","Pen Nib","Bronze Scales","Matryoshka","Tiny House","Membership Card","Ancient Tea Set","TungstenRod","Bottled Lightning","Mummified Hand","Potion Belt","War Paint","Toy Ornithopter"],"acts_visited":["Exordium","TheCity"],"potions_floor_usage":[14,16,16,20,22,28],"damage_taken":[{"damage":0,"enemies":"Jaw Worm","floor":1,"turns":5},{"damage":2,"enemies":"Cultist","floor":3,"turns":4},{"damage":6,"enemies":"Small Slimes","floor":4,"turns":3},{"damage":9,"enemies":"Exordium Wildlife","floor":11,"turns":6},{"damage":0,"enemies":"3 Louse","floor":13,"turns":2},{"damage":0,"enemies":"Looter","floor":14,"turns":3},{"damage":47,"enemies":"Slime Boss","floor":16,"turns":6},{"damage":12,"enemies":"Spheric Guardian","floor":18,"turns":4},{"damage":17,"enemies":"2 Thieves","floor":20,"turns":5},{"damage":29,"enemies":"Sentry and Sphere","floor":22,"turns":5},{"damage":19,"enemies":"Gremlin Leader","floor":24,"turns":7},{"damage":49,"enemies":"Snecko","floor":28,"turns":3}],"seed_played":"7306178716960371092","potions_obtained":[{"floor":1,"key":"BottledMiracle"},{"floor":11,"key":"AttackPotion"},{"floor":14,"key":"Ambrosia"},{"floor":17,"key":"Strength Potion"},{"floor":20,"key":"LiquidMemories"},{"floor":24,"key":"FearPotion"}],"is_trial":false,"path_per_floor":["M","?","M","M","$","R","?","$","T","?","M","$","M","M","R","B",null,"M","$","M","?","M","R","E","$","T","T","M"],"character_chosen":"WATCHER","items_purchased":["Prostrate","Consecrate","Tiny Chest","Pen Nib","Consecrate","Membership Card","Study","Bottled Lightning"],"campfire_rested":1,"item_purchase_floors":[5,5,8,8,12,19,19,25],"current_hp_per_floor":[72,72,70,64,64,64,64,64,64,57,48,48,48,48,48,1,77,65,65,48,48,19,42,23,23,23,23,0,0],"gold":67,"neow_bonus":"RANDOM_COMMON_RELIC","is_daily":false,"chose_seed":false,"campfire_upgraded":2,"win_rate":0.0,"timestamp":1609817766,"path_taken":["M","?","?","M","$","R","?","?","T","?","M","$","M","M","R","BOSS","M","$","M","?","M","R","E","?","T","?","M"],"items_purchased_type":["Card","Card","Relic","Relic","Card","Relic","Card","Relic"],"build_version":"2020-12-22","purchased_purges":3,"victory":false,"max_hp_per_floor":[72,72,72,72,72,72,72,72,72,72,72,72,72,72,72,72,77,77,77,77,77,77,77,77,77,77,77,77,77],"card_choices":[{"not_picked":["DeceiveReality","Halt"],"picked":"Adaptation","floor":1},{"not_picked":["Nirvana","EmptyBody","InnerPeace"],"picked":"SKIP","floor":3},{"not_picked":["CrushJoints","FearNoEvil"],"picked":"Wallop","floor":4},{"not_picked":["CutThroughFate","EmptyMind"],"picked":"Sanctity","floor":11},{"not_picked":["EmptyFist","Vengeance"],"picked":"WaveOfTheHand","floor":13},{"not_picked":["SpiritShield","FlurryOfBlows"],"picked":"Prostrate","floor":14},{"not_picked":["SpiritShield","Establishment"],"picked":"Wish","floor":16},{"not_picked":["FlyingSleeves","LikeWater"],"picked":"Wallop","floor":17},{"not_picked":["Halt","Swivel","Protect"],"picked":"SKIP","floor":18},{"not_picked":["PathToVictory+1","EmptyFist"],"picked":"Prostrate","floor":20},{"not_picked":["BattleHymn","FlyingSleeves+1"],"picked":"Consecrate","floor":22},{"not_picked":["Wireheading","WheelKick"],"picked":"Sanctity","floor":24}],"player_experience":143987,"relics_obtained":[{"floor":9,"key":"Bronze Scales"},{"floor":24,"key":"TungstenRod"},{"floor":26,"key":"Mummified Hand"},{"floor":26,"key":"Potion Belt"},{"floor":27,"key":"War Paint"},{"floor":27,"key":"Toy Ornithopter"}],"event_choices":[{"damage_healed":0,"gold_gain":0,"player_choice":"Trade","damage_taken":0,"relics_obtained":["SsserpentHead"],"max_hp_gain":0,"max_hp_loss":0,"event_name":"FaceTrader","floor":2,"gold_loss":0},{"damage_healed":0,"gold_gain":175,"player_choice":"AGREE","damage_taken":0,"max_hp_gain":0,"max_hp_loss":0,"event_name":"Liars Game","floor":7,"gold_loss":0,"cards_obtained":["Doubt"]},{"damage_healed":0,"gold_gain":0,"player_choice":"Success","damage_taken":7,"relics_obtained":["Matryoshka"],"max_hp_gain":0,"max_hp_loss":0,"event_name":"Scrap Ooze","floor":10,"gold_loss":0},{"damage_healed":0,"gold_gain":0,"player_choice":"Opened","damage_taken":0,"relics_obtained":["Ancient Tea Set"],"max_hp_gain":0,"max_hp_loss":0,"event_name":"The Mausoleum","floor":21,"gold_loss":0}],"is_beta":false,"boss_relics":[{"not_picked":["Philosopher\u0027s Stone","Coffee Dripper"],"picked":"Tiny House"}],"items_purged_floors":[5,12,25],"is_endless":false,"potions_floor_spawned":[1,11,14,20,24],"killed_by":"Snecko","ascension_level":3}}