{"host":"ec2wu4mdnvke243f","time":1609873219,"event":{"mods":["2.2 Compatiblity","AchievementEnabler","BaseMod","Defuse TimeMaze Blight","Downfall","Hermit","Infinite Spire","Minty Spire (QoL Compilation)","StSLib","The Cursed","The Disciple","The Jungle","The Servant 0.9.4"],"gold_per_floor":[111,131,147,202,202,236,271,31,31,31,31,50,68,68,68,169,169,180,203,203,208,208],"floor_reached":21,"playtime":1222,"items_purged":[],"score":189,"play_id":"4339c3f4-fe5e-4d40-a327-3289f784bdc4","local_time":"20210105200019","daily_mods":["Flight"],"is_ascension_mode":false,"campfire_choices":[{"data":"hermit:Quickdraw","floor":15,"key":"SMITH"}],"circlet_count":0,"master_deck":["hermit:Strike_Hermit","hermit:Strike_Hermit","hermit:Strike_Hermit","hermit:Strike_Hermit","hermit:Defend_Hermit","hermit:Defend_Hermit","hermit:Defend_Hermit","hermit:Defend_Hermit","hermit:Snapshot","hermit:Covet","hermit:LuckOfTheDraw","hermit:Enervate","hermit:Deadeye","sneckomod:Bewildered","TheCursedMod:Dregs","infinitespire:FinalStrike","hermit:Showdown+1","hermit:Scavenge","Parasite","hermit:Quickdraw+1","hermit:HeroicBravado","hermit:EyeOfTheStorm","hermit:Glare"],"relics":["hermit:Momento","infinitespire:Golems Mask","Bottled Flame","infinitespire:EmpoweringShard","champ:DeflectingBracers","hermit:BartenderGlass"],"acts_visited":["Exordium","TheCity"],"potions_floor_usage":[16,16,16],"damage_taken":[{"damage":1,"enemies":"Cultist","floor":1,"turns":3},{"damage":0,"enemies":"Small Slimes","floor":2,"turns":3},{"damage":8,"enemies":"2 Louse","floor":3,"turns":3},{"damage":22,"enemies":"Lagavulin","floor":6,"turns":6},{"damage":6,"enemies":"Gremlin Nob","floor":7,"turns":3},{"damage":0,"enemies":"Blue Slaver","floor":12,"turns":1},{"damage":8,"enemies":"2 Fungi Beasts","floor":13,"turns":3},{"damage":25,"enemies":"The Guardian","floor":16,"turns":9},{"damage":13,"enemies":"Shell Parasite","floor":18,"turns":4},{"damage":44,"enemies":"3 Byrds","floor":19,"turns":6},{"damage":19,"enemies":"Centurion and Healer","floor":21,"turns":3}],"seed_played":"1847902436110977369","potions_obtained":[{"floor":2,"key":"Weak Potion"},{"floor":12,"key":"Weak Potion"},{"floor":13,"key":"BlessingOfTheForge"}],"is_trial":true,"path_per_floor":["M","M","M","?","?","E","E","$","T","?","?","M","M","?","R","B",null,"M","M","?","M"],"character_chosen":"HERMIT","items_purchased":["infinitespire:EmpoweringShard"],"campfire_rested":0,"item_purchase_floors":[8],"current_hp_per_floor":[74,74,66,66,66,44,38,38,38,38,56,56,48,53,53,28,75,62,18,18,0,0],"gold":208,"neow_bonus":"","is_daily":false,"chose_seed":false,"campfire_upgraded":1,"win_rate":0.0,"timestamp":1609873219,"path_taken":["M","M","?","?","?","E","E","?","T","?","?","M","?","?","R","BOSS","M","?","?","M"],"items_purchased_type":["Relic"],"build_version":"2020-12-22","purchased_purges":0,"victory":false,"max_hp_per_floor":[75,75,75,75,75,75,75,75,75,75,75,75,75,75,75,75,75,75,75,75,75,75],"card_choices":[{"not_picked":["hermit:Spite","hermit:Roulette"],"picked":"hermit:LuckOfTheDraw","floor":1},{"not_picked":["hermit:WideOpen","hermit:Cheat"],"picked":"hermit:Enervate","floor":2},{"not_picked":["hermit:Manifest","hermit:Maintenance"],"picked":"hermit:Deadeye","floor":3},{"not_picked":["infinitespire:Punishment","infinitespire:Menacing"],"picked":"infinitespire:FinalStrike","floor":5},{"not_picked":["hermit:Misfire","hermit:WideOpen"],"picked":"hermit:Showdown","floor":6},{"not_picked":["hermit:PistolWhip","hermit:CalledShot"],"picked":"hermit:Scavenge","floor":7},{"not_picked":["hermit:Shortfuse","hermit:BigShot"],"picked":"hermit:Quickdraw","floor":12},{"not_picked":["hermit:Roulette","hermit:Enervate"],"picked":"hermit:Manifest","floor":13},{"not_picked":["hermit:RoundhouseKick","hermit:HighNoon"],"picked":"hermit:HeroicBravado","floor":16},{"not_picked":["hermit:Quickdraw","hermit:Manifest"],"picked":"hermit:EyeOfTheStorm","floor":18},{"not_picked":["hermit:Gestalt","hermit:Determination"],"picked":"hermit:Glare","floor":19}],"player_experience":555538,"relics_obtained":[{"floor":6,"key":"infinitespire:Golems Mask"},{"floor":7,"key":"Bottled Flame"},{"floor":9,"key":"champ:DeflectingBracers"}],"event_choices":[{"damage_healed":0,"gold_gain":55,"player_choice":"Gained Gold","damage_taken":0,"max_hp_gain":0,"max_hp_loss":0,"event_name":"Golden Wing","floor":4,"gold_loss":0},{"damage_healed":18,"gold_gain":0,"player_choice":"Healed and dodged fight","damage_taken":0,"max_hp_gain":0,"max_hp_loss":0,"event_name":"Mushrooms","floor":11,"gold_loss":0,"cards_obtained":["Parasite"]},{"cards_removed":["hermit:Manifest"],"damage_healed":5,"gold_gain":0,"player_choice":"Offered Common","damage_taken":0,"max_hp_gain":0,"max_hp_loss":0,"event_name":"Bonfire Elementals","floor":14,"gold_loss":0},{"cards_removed":["hermit:Manifest"],"damage_healed":5,"gold_gain":0,"player_choice":"Offered Special","damage_taken":0,"max_hp_gain":0,"max_hp_loss":0,"event_name":"Bonfire Elementals","floor":14,"gold_loss":0}],"is_beta":false,"boss_relics":[{"not_picked":["Snecko Eye","infinitespire:Cupcake"],"picked":"hermit:BartenderGlass"}],"items_purged_floors":[],"is_endless":false,"potions_floor_spawned":[2,12,13],"killed_by":"Centurion and Healer","ascension_level":0}}