{"host":"hw55q6v5dppjo8pm","time":1609824578,"event":{"mods":["2.2 Compatiblity","AchievementEnabler","Aspiration","BaseMod","Better Altar","Better Match","Better Note","Better Sensory Stone","Better Skull","Better Third Choice","Better Vampires","Better-Laid Plans","CapriCore","Card Forge","Downfall","Hubris","Infinite Spire","Minty Spire (QoL Compilation)","Permanent Neow","Rare Cards Sparkle","Replay The Spire","Spicy Shops","StSLib","Transform Curses","UnlockEverythingMod"],"gold_per_floor":[114,18,37,137,152,152,2,2,53,53,77,4,34,34,34,132,132,142,157,170,170,182,182,182,193,219,232,232,232,232,249,249,350,350,368,421,421,421,439,472,488,488,488,508,522,522,532,203,203,203],"floor_reached":51,"playtime":4857,"items_purged":[],"score":852,"play_id":"43d997f5-cee3-45f6-842d-7cad9d57464d","local_time":"20210104212938","is_ascension_mode":false,"campfire_choices":[{"data":"Accuracy","floor":6,"key":"SMITH"},{"floor":15,"key":"REST"},{"floor":23,"key":"RECALL"},{"data":"Catalyst","floor":28,"key":"SMITH"},{"floor":46,"key":"REST"},{"floor":49,"key":"REST"}],"circlet_count":0,"master_deck":["Neutralize+1","Accuracy+1","A Thousand Cuts+1","Catalyst+1","Cloak And Dagger+1","Deflect+1","Envenom+1","Infinite Blades+1","Noxious Fumes+1","Terror+1","Footwork+1","Backstab+1","Deflect+1","Cloak And Dagger+1","Envenom+1","Footwork+1","Infinite Blades+1","Noxious Fumes+1","Dramatic Entrance+1","After Image+1","Cloak And Dagger+1","Deflect+1","Footwork+1","Wraith Form v2+1","Fluid Movement+1","Cloak And Dagger+1","Backstab+1","Deflect+1","Cloak And Dagger+1","Deflect+1","ReplayTheSpireMod:Necrosis+1","Terror+1","Deflect+1","Toxin Wave","Poison Darts"],"relics":["Ring of the Snake","Hammer of Thor","Seething Fire","Anvil of the Gods","aspiration:VileToxins","Regal Pillow","hubris:Icosahedron","hubris:TenFootPole","The Courier","hubris:Spice","Bag of Marbles","aspiration:RitualStick","hubris:Towel","Ancient Tea Set","ReplayTheSpireMod:Ninjato"],"acts_visited":["Exordium","TheCity","TheBeyond"],"potions_floor_usage":[18,22,22,33,33,47],"damage_taken":[{"damage":0,"enemies":"2 Louse","floor":1,"turns":3},{"damage":0,"enemies":"Cultist","floor":3,"turns":3},{"damage":0,"enemies":"Jaw Worm","floor":5,"turns":3},{"damage":8,"enemies":"Replay:BlueRogue","floor":13,"turns":4},{"damage":15,"enemies":"Hexaghost","floor":16,"turns":6},{"damage":1,"enemies":"2 Thieves","floor":18,"turns":3},{"damage":0,"enemies":"Shell Parasite","floor":19,"turns":4},{"damage":0,"enemies":"Centurion and Healer","floor":20,"turns":5},{"damage":6,"enemies":"Snake Plant","floor":22,"turns":2},{"damage":0,"enemies":"Cultist and Chosen","floor":25,"turns":1},{"damage":1,"enemies":"Snecko","floor":27,"turns":4},{"damage":0,"enemies":"3 Cultists","floor":31,"turns":3},{"damage":17,"enemies":"hubris:MusketHawk","floor":33,"turns":6},{"damage":2,"enemies":"Orb Walker","floor":35,"turns":2},{"damage":1,"enemies":"2 Orb Walkers","floor":36,"turns":4},{"damage":1,"enemies":"3 Shapes","floor":39,"turns":2},{"damage":0,"enemies":"Reptomancer","floor":40,"turns":6},{"damage":4,"enemies":"3 Darklings","floor":41,"turns":3},{"damage":2,"enemies":"Transient","floor":44,"turns":5},{"damage":14,"enemies":"Sphere and 2 Shapes","floor":45,"turns":4},{"damage":11,"enemies":"Spire Growth","floor":47,"turns":3},{"damage":0,"enemies":"Time Eater","floor":50,"turns":8}],"seed_played":"5255128672244528733","potions_obtained":[{"floor":3,"key":"Guardian:BlockOnCardUsePotion"},{"floor":5,"key":"GamblersBrew"},{"floor":13,"key":"SkillPotion"},{"floor":19,"key":"CunningPotion"},{"floor":25,"key":"PowerPotion"},{"floor":33,"key":"Strength Potion"},{"floor":35,"key":"champ:CounterPotion"},{"floor":36,"key":"Guardian:BlockOnCardUsePotion"}],"is_trial":false,"path_per_floor":["M","$","M","?","M","R","$","?","T","?","T","$","E","$","R","B",null,"M","M","M","?","M","R","AVR","M","T","M","R","?","?","M","R","B",null,"M","?","?","?","M","E","M","?","T","M","M","R","M","$","R","B",null],"character_chosen":"THE_SILENT","items_purchased":["Cloak And Dagger","aspiration:VileToxins","Fire Potion","hubris:Spice","Ancient Tea Set","ReplayTheSpireMod:Ninjato"],"campfire_rested":3,"item_purchase_floors":[2,7,12,14,48,48],"current_hp_per_floor":[70,70,70,70,70,70,70,70,70,70,70,70,62,50,78,63,86,85,85,85,85,79,79,79,79,79,78,78,78,78,78,70,53,70,68,67,70,70,69,69,65,65,65,63,49,73,62,62,73,73],"gold":203,"neow_bonus":"ONE_RANDOM_RARE_CARD","is_daily":false,"chose_seed":false,"campfire_upgraded":2,"win_rate":0.0,"timestamp":1609824578,"path_taken":["M","$","M","?","M","R","?","?","T","?","?","$","E","?","R","BOSS","M","M","M","?","M","R","AVR","M","T","M","R","?","?","M","R","BOSS","M","?","?","?","M","E","?","?","T","?","?","R","M","$","R","BOSS"],"items_purchased_type":["Card","Relic","Potion","Relic","Relic","Relic"],"build_version":"2020-12-22","purchased_purges":0,"victory":true,"max_hp_per_floor":[70,70,70,70,70,70,70,70,70,70,70,70,70,78,78,78,86,86,86,86,86,86,86,86,86,86,78,78,78,78,78,78,78,70,70,70,73,73,73,73,73,73,73,73,73,73,73,73,73,73],"card_choices":[{"not_picked":["Dash","Slice"],"picked":"Deflect","floor":1},{"not_picked":["Flying Knee","Footwork"],"picked":"Backstab","floor":3},{"not_picked":["Draining Mist","PiercingWail"],"picked":"Accuracy","floor":5},{"not_picked":["Dash","Hidden Blade","Unload"],"picked":"SKIP","floor":13},{"not_picked":["ReplayTheSpireMod:From All Sides","Malaise"],"picked":"ReplayTheSpireMod:Necrosis","floor":16},{"not_picked":["Cloak And Dagger+1","Eviscerate+1"],"picked":"Terror+1","floor":18},{"not_picked":["Tactician","Dagger Spray+1"],"picked":"Deflect+1","floor":19},{"not_picked":["Sneak Up+1","ReplayTheSpireMod:Tripwire","Backflip"],"picked":"SKIP","floor":20},{"not_picked":["Flying Knee","Leg Sweep","Wraith Form v2"],"picked":"SKIP","floor":22},{"not_picked":["Underhanded Strike","Slice","Cloak And Dagger"],"picked":"SKIP","floor":25},{"not_picked":["Predator","Escape Plan"],"picked":"hubris:SpiceAddiction","floor":27},{"not_picked":["Sucker Punch","hubris:SpiceAddiction"],"picked":"Toxin Wave","floor":31},{"not_picked":["Unload","Phantasmal Killer"],"picked":"Poison Darts","floor":33},{"not_picked":["Prepared","ReplayTheSpireMod:Speed Training","Bouncing Flask"],"picked":"SKIP","floor":35},{"not_picked":["Flechettes+1","hubris:SpiceAddiction","Cloak And Dagger"],"picked":"SKIP","floor":39},{"not_picked":["hubris:SpiceAddiction","Heel Hook","Outmaneuver"],"picked":"SKIP","floor":40},{"not_picked":["Blur+1","Flying Knee","Draining Mist"],"picked":"SKIP","floor":41},{"not_picked":["Expertise","Venomology","Hidden Blade"],"picked":"SKIP","floor":44},{"not_picked":["hubris:SpiceAddiction","Deadly Poison","Skewer+1"],"picked":"SKIP","floor":45},{"not_picked":["Poisoned Stab","Blade Dance+1","Caltrops+1"],"picked":"SKIP","floor":47}],"player_experience":50078,"relics_obtained":[{"floor":9,"key":"Regal Pillow"},{"floor":11,"key":"hubris:TenFootPole"},{"floor":13,"key":"The Courier"},{"floor":26,"key":"Bag of Marbles"}],"event_choices":[{"damage_healed":0,"gold_gain":100,"player_choice":"Pray","damage_taken":0,"max_hp_gain":0,"max_hp_loss":0,"event_name":"Golden Shrine","floor":4,"gold_loss":0},{"damage_healed":0,"gold_gain":0,"player_choice":"Bought 0 Potions","damage_taken":0,"max_hp_gain":0,"max_hp_loss":0,"event_name":"The Woman in Blue","floor":21,"gold_loss":0},{"damage_healed":0,"gold_gain":0,"player_choice":"Ignored","damage_taken":0,"max_hp_gain":0,"max_hp_loss":0,"event_name":"Transmorgrifier","floor":29,"gold_loss":0},{"damage_healed":0,"gold_gain":0,"player_choice":"Ignored","damage_taken":0,"max_hp_gain":0,"max_hp_loss":0,"event_name":"Purifier","floor":30,"gold_loss":0},{"damage_healed":0,"gold_gain":0,"player_choice":"Fight","damage_taken":0,"max_hp_gain":0,"max_hp_loss":0,"event_name":"Mysterious Sphere","floor":36,"gold_loss":0},{"damage_healed":0,"gold_gain":0,"player_choice":"Upgraded","damage_taken":0,"max_hp_gain":0,"max_hp_loss":0,"event_name":"Upgrade Shrine","floor":42,"gold_loss":0,"cards_upgraded":["ReplayTheSpireMod:Necrosis"]}],"is_beta":false,"boss_relics":[{"not_picked":["Black Star","SacredBark"],"picked":"hubris:Spice"},{"not_picked":["hubris:Spice","hubris:Spice"],"picked":"hubris:Spice"}],"items_purged_floors":[],"is_endless":false,"potions_floor_spawned":[3,5,13,19,20,25,33,35,36,40,41],"ascension_level":0}}