{"host":"nj1qudaxjqalpce5","time":1609827363,"event":{"mods":["2.2 Compatiblity","Arknights The Spire","Ascension Reborn","BaseMod","CapriCore","Card Forge","Evolution","Grow up Mod","GungeonMod","Hermit","KOR Keyword Fix","Koishi","Lobotomy","Minty Spire (QoL Compilation)","Prisma Mod","RRrroohrrRGHHhhh!!","Replay The Spire","StSLib","Td1madao Mod","The Bug Knight","The Cursed","The Dragon Tamer","The Gatherer","The Hierophant","The Immortal","The Jungle","The Poker Player","The Runesmith","Thrall Mod","Uncapped","WarShipGirlsR/??á´Ò³R mod"],"gold_per_floor":[113,129,129,140,140,140,155,155,208,208,219,238,83,110,110,205,205,222,222,289,301,329,351,363,388,400,532,555,581,657,689,701,811,823,846,564,575,591,591,753,753,916,916,1058,1076,1087,677,697,697,697],"floor_reached":51,"playtime":5848,"items_purged":[],"score":763,"play_id":"7139a09b-0854-4da2-be59-fdf464537cee","local_time":"20210105151603","is_ascension_mode":true,"campfire_choices":[{"floor":6,"key":"REST"},{"floor":15,"key":"REST"},{"floor":32,"key":"REST"},{"floor":49,"key":"DIG"}],"circlet_count":0,"master_deck":["Rage+1","Inflame+1","Spot Weakness+1","Limit Break+1","Demon Form+1","Reaper+1","Heavy Blade+1","Sword Boomerang+1","Whirlwind+1","Twin Strike+1","Limit Break+1","Bloodletting+1","Life Link+1","Hemokinesis+1","Bloodletting+1","J.A.X.+1","Dual Wield+1","Double Tap+1","Searing Blow+8","Brutality+1","Pommel Strike+1","Combust+1","Trip+1","Jack Of All Trades+1","Swift Strike+1"],"relics":["Burning Blood","Hammer of Thor","Seething Fire","Anvil of the Gods","EVO:Axolotl","DemoMod:PoisonVial","Red Skull","PreservedInsect","Pantograph","rorgmod:Black Star","theJungle:BirthdayCakeSlice","MawBank","Omamori","Meat on the Bone","Bottled Tornado","Sozu","rorgmod:Ceramic Fish","Bronze Scales","Strawberry","ReplayFunnel","DemoMod:ChaffGrenade","DemoMod:MemoryAlloy","Golden Egg","Juzu Bracelet","DemoMod:MonsterBlood","Runesmith:Nanobots","Regal Pillow","DemoMod:RingOfEthereal"],"acts_visited":["Exordium","Exordium","TheBeyond"],"potions_floor_usage":[23,31,33,33,35],"damage_taken":[{"damage":18,"enemies":"Jaw Worm","floor":1,"turns":3},{"damage":0,"enemies":"Cultist","floor":2,"turns":3},{"damage":7,"enemies":"Small Slimes","floor":4,"turns":3},{"damage":10,"enemies":"Looter","floor":7,"turns":2},{"damage":3,"enemies":"Lots of Slimes","floor":11,"turns":1},{"damage":21,"enemies":"Exordium Thugs","floor":12,"turns":2},{"damage":13,"enemies":"HollowMod:MossKnight","floor":14,"turns":2},{"damage":23,"enemies":"Slime Boss","floor":16,"turns":5},{"damage":24,"enemies":"theJungle:GiantWrat","floor":18,"turns":3},{"damage":45,"enemies":"Shell Parasite","floor":22,"turns":4},{"damage":16,"enemies":"theJungle:SlimyTreeVines","floor":23,"turns":3},{"damage":29,"enemies":"theJungle:Lyon","floor":25,"turns":3},{"damage":10,"enemies":"theJungle:2_Snecko_Cultists","floor":28,"turns":2},{"damage":29,"enemies":"theJungle:SlimyTreeVines","floor":29,"turns":4},{"damage":7,"enemies":"theJungle:Cassacara","floor":30,"turns":2},{"damage":49,"enemies":"theJungle:Snecko_Cultist_And_Trap","floor":31,"turns":4},{"damage":21,"enemies":"theJungle:QueenSpyder","floor":33,"turns":5},{"damage":32,"enemies":"3 Shapes","floor":35,"turns":3},{"damage":36,"enemies":"3 Darklings","floor":37,"turns":3},{"damage":51,"enemies":"Writhing Mass","floor":38,"turns":3},{"damage":32,"enemies":"Giant Head","floor":40,"turns":4},{"damage":24,"enemies":"Nemesis","floor":42,"turns":2},{"damage":18,"enemies":"Reptomancer","floor":44,"turns":2},{"damage":11,"enemies":"Jaw Worm Horde","floor":45,"turns":3},{"damage":39,"enemies":"4 Shapes","floor":46,"turns":4},{"damage":25,"enemies":"Writhing Mass","floor":48,"turns":2},{"damage":43,"enemies":"Replay:Hell Engine","floor":50,"turns":4}],"seed_played":"-4305467245630466151","potions_obtained":[{"floor":1,"key":"Weak Potion"},{"floor":7,"key":"AttackPotion"},{"floor":14,"key":"Energy Potion"},{"floor":20,"key":"DuplicationPotion"},{"floor":23,"key":"EssenceOfSteel"},{"floor":33,"key":"DistilledChaos"}],"is_trial":false,"path_per_floor":["M","M","?","M","?","R","M","?","T","?","M","M","$","E","R","B",null,"M","?","?","?","M","M","?","M","T","?","M","M","E","M","R","B",null,"M","$","M","M","?","E","?","E","T","E","M","M","$","M","R","B",null],"character_chosen":"IRONCLAD","items_purchased":["PreservedInsect","rorgmod:Ceramic Fish","Bronze Scales","Runesmith:Nanobots","Regal Pillow"],"campfire_rested":3,"item_purchase_floors":[13,36,36,47,47],"current_hp_per_floor":[99,110,120,129,139,150,156,166,176,186,200,198,208,227,240,233,260,260,275,285,295,266,266,276,271,281,238,254,291,300,300,415,425,435,419,429,409,374,384,454,454,446,456,461,532,509,519,510,520,518],"gold":697,"neow_bonus":"RANDOM_COMMON_RELIC","is_daily":false,"chose_seed":false,"campfire_upgraded":0,"win_rate":0.0,"timestamp":1609827363,"path_taken":["M","M","?","?","?","R","M","?","T","?","?","M","?","E","R","BOSS","M","?","?","?","?","M","?","?","T","?","M","M","E","M","R","BOSS","M","$","M","M","?","E","?","E","T","E","M","M","$","M","R","BOSS"],"items_purchased_type":["Relic","Relic","Relic","Relic","Relic"],"build_version":"2020-12-22","purchased_purges":0,"victory":true,"max_hp_per_floor":[100,110,120,130,140,150,160,170,180,190,200,210,220,230,240,250,260,270,285,295,305,315,325,335,345,355,365,375,385,395,405,415,425,435,445,455,465,475,485,502,512,522,532,549,559,569,579,589,599,609],"card_choices":[{"not_picked":["Hemokinesis","Pommel Strike","Armaments"],"picked":"SKIP","floor":1},{"not_picked":["Headbutt","Clothesline","Combust"],"picked":"SKIP","floor":2},{"not_picked":["Twin Strike","Whirlwind","Perfected Strike"],"picked":"SKIP","floor":4},{"not_picked":["Cleave","Dropkick","Reckless Charge"],"picked":"SKIP","floor":7},{"not_picked":["Clothesline","ReplayTheSpireMod:Strike From Hell","Power Through"],"picked":"SKIP","floor":11},{"not_picked":["Entrench","Twin Strike","ReplayTheSpireMod:Strike From Hell"],"picked":"SKIP","floor":12},{"not_picked":["rorgmod:Immolate","Shrug It Off","ReplayReversal"],"picked":"SKIP","floor":14},{"not_picked":["Flex","Anger","Cleave"],"picked":"SKIP","floor":18},{"not_picked":["Abandon+1","Entrench","DemoMod:WhiteBlade"],"picked":"SKIP","floor":22},{"not_picked":["ReplayTheSpireMod:Strike From Hell","Heavy Blade+1","Bludgeon"],"picked":"SKIP","floor":23},{"not_picked":["Anger+1","Clothesline+1","Flex"],"picked":"SKIP","floor":25},{"not_picked":["Perfected Strike","Twin Strike","Clash"],"picked":"SKIP","floor":28},{"not_picked":["Anger","Clothesline+1","Twin Strike"],"picked":"SKIP","floor":29},{"not_picked":["Pommel Strike","Bloodletting","Shrug It Off"],"picked":"SKIP","floor":30},{"not_picked":["Flex+1","Hemokinesis+1","Rage"],"picked":"SKIP","floor":31},{"not_picked":["Perfected Strike+1","ReplayReversal","Pommel Strike"],"picked":"SKIP","floor":35},{"not_picked":["Whirlwind","Flex+1","Shrug It Off+1"],"picked":"SKIP","floor":37},{"not_picked":["Battle Trance","Flex","DemoMod:WhiteBlade+1"],"picked":"SKIP","floor":38},{"not_picked":["Life Link+1","Seeing Red","Thunderclap"],"picked":"SKIP","floor":40},{"not_picked":["Replay:Sssssssssstrike","Survey Options"],"picked":"Trip","floor":41},{"not_picked":["Replay:Sssssssssshield","ReplayUltimateDefense"],"picked":"Jack Of All Trades","floor":41},{"not_picked":["Dramatic Entrance","ReplayTheSpireMod:Trickstab"],"picked":"Swift Strike","floor":41},{"not_picked":["Rampage+1","Headbutt+1","Berserk"],"picked":"SKIP","floor":42},{"not_picked":["Feel No Pain","Sword Boomerang+1","Pummel+1"],"picked":"SKIP","floor":44},{"not_picked":["Whirlwind+1","Reckless Charge","Fire Breathing+1"],"picked":"SKIP","floor":45},{"not_picked":["Sword Boomerang+1","Clash","Rampage+1"],"picked":"SKIP","floor":46},{"not_picked":["Replay:Undeath\u0027s Touch+1","Second Wind+1","Inflame"],"picked":"SKIP","floor":48}],"player_experience":12284,"relics_obtained":[{"floor":9,"key":"Red Skull"},{"floor":14,"key":"Pantograph"},{"floor":20,"key":"MawBank"},{"floor":26,"key":"Omamori"},{"floor":30,"key":"Meat on the Bone"},{"floor":30,"key":"Bottled Tornado"},{"floor":40,"key":"Strawberry"},{"floor":40,"key":"ReplayFunnel"},{"floor":42,"key":"DemoMod:ChaffGrenade"},{"floor":42,"key":"DemoMod:MemoryAlloy"},{"floor":43,"key":"Golden Egg"},{"floor":44,"key":"Juzu Bracelet"},{"floor":44,"key":"DemoMod:MonsterBlood"},{"floor":49,"key":"DemoMod:RingOfEthereal"}],"event_choices":[{"damage_healed":0,"gold_gain":0,"player_choice":"Bought 0 Potions","damage_taken":0,"max_hp_gain":0,"max_hp_loss":0,"event_name":"The Woman in Blue","floor":3,"gold_loss":0},{"damage_healed":0,"gold_gain":0,"cards_transformed":["Rampage"],"player_choice":"Change","damage_taken":0,"max_hp_gain":0,"max_hp_loss":0,"event_name":"Living Wall","floor":8,"gold_loss":0,"cards_obtained":["Combust"]},{"damage_healed":0,"gold_gain":0,"player_choice":"Ignored","damage_taken":0,"max_hp_gain":0,"max_hp_loss":0,"event_name":"NoteForYourself","floor":10,"gold_loss":0},{"damage_healed":0,"gold_gain":0,"cards_transformed":["Combust"],"player_choice":"Transformed","damage_taken":0,"max_hp_gain":0,"max_hp_loss":0,"event_name":"Transmorgrifier","floor":24,"gold_loss":0,"cards_obtained":["Double Tap"]},{"damage_healed":0,"gold_gain":0,"player_choice":"Memory 3","damage_taken":10,"max_hp_gain":0,"max_hp_loss":0,"event_name":"SensoryStone","floor":41,"gold_loss":0}],"is_beta":false,"boss_relics":[{"not_picked":["Black Star","Busted Crown"],"picked":"rorgmod:Black Star"},{"not_picked":["Ooze Armor","Coffee Dripper"],"picked":"Sozu"}],"items_purged_floors":[],"is_endless":false,"potions_floor_spawned":[1,7,14,22,23,30,33,38,42,44,45],"ascension_level":0}}