{"host":"pzi5ngddyemmtlbx","time":1609844174,"event":{"mods":["AchievementEnabler","BaseMod","Googly Eyes","Highlight Path","Minty Spire (QoL Compilation)","Permanent Neow"],"gold_per_floor":[117,117,132,150,169,198,210,210,210,230,249,260,45,45,45,143,143,155,155,105,88,99,99,99],"floor_reached":23,"playtime":1226,"items_purged":["Defend_G"],"score":330,"play_id":"b58e183d-d7b6-4672-bd86-db3b261fcb5f","local_time":"20210105055614","is_ascension_mode":true,"campfire_choices":[{"floor":8,"key":"REST"},{"floor":15,"key":"REST"}],"circlet_count":0,"master_deck":["AscendersBane","Defend_G","Defend_G","Defend_G","Defend_G","Survivor","Neutralize","Dodge and Roll","Caltrops","Blur","Acrobatics","Noxious Fumes","Tools of the Trade","Dash","Deflect","Caltrops","Doppelganger","Dodge and Roll+1","Bite","Bite","Bite","Bite","Bite","Bouncing Flask"],"relics":["Runic Dome","FaceOfCleric","Mercury Hourglass","Darkstone Periapt","Runic Pyramid"],"acts_visited":["Exordium","TheCity"],"potions_floor_usage":[5,6,16],"damage_taken":[{"damage":3,"enemies":"Small Slimes","floor":1,"turns":5},{"damage":0,"enemies":"Cultist","floor":3,"turns":5},{"damage":2,"enemies":"2 Louse","floor":4,"turns":3},{"damage":0,"enemies":"2 Fungi Beasts","floor":5,"turns":5},{"damage":41,"enemies":"Lagavulin","floor":6,"turns":14},{"damage":5,"enemies":"Gremlin Gang","floor":7,"turns":4},{"damage":8,"enemies":"Blue Slaver","floor":10,"turns":4},{"damage":14,"enemies":"Lots of Slimes","floor":11,"turns":3},{"damage":16,"enemies":"Large Slime","floor":12,"turns":8},{"damage":7,"enemies":"Slime Boss","floor":16,"turns":12},{"damage":12,"enemies":"3 Byrds","floor":18,"turns":4},{"damage":11,"enemies":"2 Thieves","floor":21,"turns":4},{"damage":28,"enemies":"Shelled Parasite and Fungi","floor":22,"turns":6},{"damage":56,"enemies":"Gremlin Leader","floor":23,"turns":4}],"seed_played":"5124139859754074289","potions_obtained":[{"floor":3,"key":"ColorlessPotion"},{"floor":5,"key":"Ancient Potion"},{"floor":7,"key":"CunningPotion"},{"floor":12,"key":"SkillPotion"},{"floor":21,"key":"Ancient Potion"}],"is_trial":false,"path_per_floor":["M","?","M","M","M","E","M","R","T","M","M","M","$","T","R","B",null,"M","?","?","M","M","E"],"character_chosen":"THE_SILENT","items_purchased":["Caltrops","GhostInAJar"],"campfire_rested":2,"item_purchase_floors":[13,13],"current_hp_per_floor":[60,60,61,60,61,21,17,39,39,32,19,4,4,4,27,21,65,54,54,54,52,43,0,0],"gold":99,"neow_bonus":"BOSS_RELIC","is_daily":false,"chose_seed":false,"campfire_upgraded":0,"win_rate":0.0,"timestamp":1609844174,"path_taken":["M","?","?","M","M","E","M","R","T","?","M","M","?","?","R","BOSS","M","?","?","?","M","E"],"items_purchased_type":["Card","Potion"],"build_version":"2020-12-22","purchased_purges":1,"victory":false,"max_hp_per_floor":[70,70,71,72,73,74,75,75,75,76,77,78,78,78,78,79,79,80,56,56,57,58,58,58],"card_choices":[{"not_picked":["Outmaneuver","Escape Plan"],"picked":"Dodge and Roll","floor":1},{"not_picked":["Deadly Poison","Flying Knee"],"picked":"Caltrops","floor":3},{"not_picked":["Dagger Spray","Outmaneuver"],"picked":"Blur","floor":4},{"not_picked":["Deflect","Outmaneuver"],"picked":"Acrobatics","floor":5},{"not_picked":["Outmaneuver","Blade Dance"],"picked":"Noxious Fumes","floor":6},{"not_picked":["Finisher","Bane","Quick Slash"],"picked":"SKIP","floor":7},{"not_picked":["Tools of the Trade","Outmaneuver","Bane"],"picked":"SKIP","floor":10},{"not_picked":["Outmaneuver","Bane"],"picked":"Tools of the Trade","floor":10},{"not_picked":["Flying Knee","Finisher"],"picked":"Dash","floor":11},{"not_picked":["Bane","Cloak And Dagger"],"picked":"Deflect","floor":12},{"not_picked":["Burst","Glass Knife"],"picked":"Doppelganger","floor":16},{"not_picked":["Skewer+1","Quick Slash"],"picked":"Dodge and Roll+1","floor":18},{"not_picked":["Outmaneuver","Masterful Stab","Poisoned Stab"],"picked":"SKIP","floor":21},{"not_picked":["Doppelganger","Calculated Gamble"],"picked":"Bouncing Flask","floor":22}],"player_experience":559161,"relics_obtained":[{"floor":6,"key":"Mercury Hourglass"},{"floor":14,"key":"Darkstone Periapt"}],"event_choices":[{"damage_healed":0,"gold_gain":0,"player_choice":"Trade","damage_taken":0,"relics_obtained":["FaceOfCleric"],"max_hp_gain":0,"max_hp_loss":0,"event_name":"FaceTrader","floor":2,"gold_loss":0},{"damage_healed":0,"gold_gain":0,"player_choice":"Became a vampire","damage_taken":0,"max_hp_gain":0,"max_hp_loss":24,"event_name":"Vampires","floor":19,"gold_loss":0,"cards_obtained":["Bite","Bite","Bite","Bite","Bite"]},{"damage_healed":0,"gold_gain":0,"player_choice":"Bet on Owner","damage_taken":0,"max_hp_gain":0,"max_hp_loss":0,"event_name":"The Joust","floor":20,"gold_loss":50}],"is_beta":false,"boss_relics":[{"not_picked":["WristBlade","SacredBark"],"picked":"Runic Pyramid"}],"items_purged_floors":[13],"is_endless":false,"potions_floor_spawned":[3,5,7,12,21],"killed_by":"Gremlin Leader","ascension_level":11}}