{"host":"xes75gx807s8gyhc","time":1609877461,"event":{"mods":["AchievementEnabler","BaseMod","Colored Powertips","Curses Come First","Minty Spire (QoL Compilation)","Rare Cards Sparkle","Relic Stats","StSLib","Unceasing Turn Reminder","everything is the same but u backflip on backflip"],"gold_per_floor":[115,131,143,68,68,68,98,98,146,163,163,163,163,184,184,315,315,330,230,271,296,319,352,451,451,478,503,538,588,600,346,346,475,475,493,493,337,360,383,383,383,383,383,427,649,680,680,694,694,694,694],"floor_reached":50,"playtime":2106,"items_purged":["Strike_P","Strike_P","Strike_P"],"score":611,"play_id":"a02a2175-88ef-4fe7-b698-cc60b21cabf3","local_time":"20210105121101","is_ascension_mode":false,"campfire_choices":[{"data":"CarveReality","floor":6.0,"key":"SMITH"},{"data":"SandsOfTime","floor":8.0,"key":"SMITH"},{"data":"ThirdEye","floor":12.0,"key":"SMITH"},{"data":"PathToVictory","floor":15.0,"key":"SMITH"},{"floor":25.0,"key":"RECALL"},{"floor":30.0,"key":"REST"},{"floor":32.0,"key":"REST"},{"floor":40,"key":"REST"},{"floor":42,"key":"REST"},{"floor":49,"key":"REST"}],"circlet_count":0,"master_deck":["Strike_P+1","Defend_P+1","Defend_P+1","Defend_P+1","Eruption+1","Vigilance+1","ThirdEye+1","PathToVictory+1","CarveReality+1","SandsOfTime+1","PathToVictory+1","LessonLearned+1","PathToVictory+1","BattleHymn+1","FearNoEvil+1","LessonLearned","WheelKick+1","Establishment+1","WreathOfFlame+1","Ragnarok","PathToVictory+1","SashWhip+1","Scrawl","MasterReality","CrushJoints+1"],"relics":["PureWater","Blood Vial","Bag of Preparation","Damaru","Golden Idol","Fusion Hammer","Red Mask","Dream Catcher","MawBank","HornCleat","Philosopher\u0027s Stone","OrangePellets","Mercury Hourglass","Gambling Chip","Pen Nib"],"acts_visited":["Exordium","TheCity","TheBeyond"],"potions_floor_usage":[44,50],"damage_taken":[{"damage":0.0,"enemies":"2 Louse","floor":1.0,"turns":1.0},{"damage":0.0,"enemies":"Jaw Worm","floor":2.0,"turns":3.0},{"damage":0.0,"enemies":"Small Slimes","floor":3.0,"turns":4.0},{"damage":23.0,"enemies":"3 Sentries","floor":7.0,"turns":8.0},{"damage":4.0,"enemies":"Exordium Wildlife","floor":10.0,"turns":3.0},{"damage":1.0,"enemies":"Looter","floor":14.0,"turns":2.0},{"damage":19.0,"enemies":"The Guardian","floor":16.0,"turns":7.0},{"damage":1.0,"enemies":"2 Thieves","floor":18.0,"turns":2.0},{"damage":2.0,"enemies":"Masked Bandits","floor":20.0,"turns":3.0},{"damage":8.0,"enemies":"Chosen","floor":21.0,"turns":6.0},{"damage":4.0,"enemies":"3 Cultists","floor":22.0,"turns":3.0},{"damage":7.0,"enemies":"Book of Stabbing","floor":23.0,"turns":3.0},{"damage":4.0,"enemies":"Shelled Parasite and Fungi","floor":27.0,"turns":5.0},{"damage":7.0,"enemies":"Snake Plant","floor":28.0,"turns":3.0},{"damage":0.0,"enemies":"Gremlin Leader","floor":29.0,"turns":4.0},{"damage":4.0,"enemies":"Champ","floor":33.0,"turns":5.0},{"damage":0.0,"enemies":"Orb Walker","floor":35.0,"turns":3.0},{"damage":0,"enemies":"3 Shapes","floor":38,"turns":3},{"damage":20,"enemies":"Reptomancer","floor":44,"turns":5},{"damage":21,"enemies":"Nemesis","floor":46,"turns":5},{"damage":0,"enemies":"Spire Growth","floor":48,"turns":4},{"damage":70,"enemies":"Donu and Deca","floor":50,"turns":5}],"seed_played":"-4806864731458555657","potions_obtained":[{"floor":1.0,"key":"SkillPotion"},{"floor":7.0,"key":"AttackPotion"},{"floor":10.0,"key":"Energy Potion"},{"floor":16.0,"key":"ColorlessPotion"},{"floor":18.0,"key":"SneckoOil"},{"floor":21.0,"key":"SpeedPotion"},{"floor":22.0,"key":"PowerPotion"},{"floor":29.0,"key":"Explosive Potion"},{"floor":38,"key":"Block Potion"}],"is_trial":false,"path_per_floor":["M","M","M","$","?","R","E","R","T","M","?","R","?","M","R","B",null,"M","$","?","M","M","E","?","R","T","M","M","E","R","$","R","B",null,"M","?","$","M","T","R","?","R","T","E","?","E","?","M","R","B"],"character_chosen":"WATCHER","items_purchased":["Establishment","OrangePellets"],"campfire_rested":5,"item_purchase_floors":[31,37],"current_hp_per_floor":[79,79,79,79,72,72,51,51,51,49,49,49,49,50,50,33,73,72,72,71,65,63,58,58,58,58,56,51,53,73,73,73,69,73,73,69,69,69,69,69,69,69,69,49,49,30,30,32,52,0,0],"gold":694,"neow_bonus":"TEN_PERCENT_HP_BONUS","is_daily":false,"chose_seed":false,"campfire_upgraded":4,"win_rate":0.0,"timestamp":1609877461,"path_taken":["M","M","M","$","?","R","E","R","T","M","?","R","?","M","R","BOSS","M","$","?","M","M","E","?","R","T","M","M","E","R","$","R","BOSS","M","?","$","M","?","R","?","R","T","E","?","E","?","M","R","BOSS"],"items_purchased_type":["Card","Relic"],"build_version":"2020-12-22","purchased_purges":3,"victory":false,"max_hp_per_floor":[79,79,79,79,79,79,79,79,79,79,79,79,73,73,73,73,73,73,73,73,73,73,73,73,73,73,73,73,73,73,73,73,73,73,73,69,69,69,69,69,69,69,69,69,69,69,69,69,69,69,69],"relic_stats":{"Blood Vial":27,"OrangePellets":[0],"Dream Catcher":5,"counters":[22,87],"Golden Idol":127,"Gambling Chip":[5],"Pen Nib":[1],"Bag of Preparation":[36],"MawBank":60,"obtain_stats":[{"Golden Idol":13,"Damaru":9,"Pen Nib":46,"Bag of Preparation":7,"MawBank":26,"Mercury Hourglass":43,"Blood Vial":5,"OrangePellets":37,"Dream Catcher":23,"HornCleat":29,"Gambling Chip":44,"Philosopher\u0027s Stone":34,"Fusion Hammer":17,"Red Mask":20,"PureWater":0},{"Golden Idol":5,"Damaru":4,"Pen Nib":20,"Bag of Preparation":4,"MawBank":12,"Mercury Hourglass":18,"Blood Vial":3,"OrangePellets":17,"Dream Catcher":12,"HornCleat":15,"Gambling Chip":19,"Philosopher\u0027s Stone":16,"Fusion Hammer":7,"Red Mask":9,"PureWater":0},{"Golden Idol":19,"Damaru":16,"Pen Nib":78,"Bag of Preparation":16,"MawBank":45,"Mercury Hourglass":68,"Blood Vial":8,"OrangePellets":65,"Dream Catcher":45,"HornCleat":57,"Gambling Chip":73,"Philosopher\u0027s Stone":62,"Fusion Hammer":28,"Red Mask":33,"PureWater":0}],"Mercury Hourglass":[68]},"card_choices":[{"not_picked":["ReachHeaven","SashWhip"],"picked":"ThirdEye","floor":1.0},{"not_picked":["JustLucky","Fasting2"],"picked":"PathToVictory","floor":2.0},{"not_picked":["CrushJoints","WheelKick"],"picked":"CarveReality","floor":3.0},{"not_picked":["CrushJoints","CutThroughFate"],"picked":"SandsOfTime","floor":7.0},{"not_picked":["CarveReality","WindmillStrike","DeceiveReality"],"picked":"SKIP","floor":10.0},{"not_picked":["BowlingBash","SandsOfTime"],"picked":"PathToVictory","floor":14.0},{"not_picked":["Ragnarok","MasterReality"],"picked":"LessonLearned","floor":16.0},{"not_picked":["CutThroughFate+1","FlurryOfBlows"],"picked":"PathToVictory+1","floor":18.0},{"not_picked":["BowlingBash","FearNoEvil+1"],"picked":"BattleHymn+1","floor":20.0},{"not_picked":["FlyingSleeves+1","Worship+1"],"picked":"FearNoEvil","floor":21.0},{"not_picked":["SignatureMove","Consecrate","CarveReality"],"picked":"SKIP","floor":22.0},{"not_picked":["CarveReality","Perseverance","BattleHymn+1"],"picked":"SKIP","floor":23.0},{"not_picked":["WaveOfTheHand","Vengeance"],"picked":"LessonLearned","floor":27.0},{"not_picked":["SignatureMove","Evaluate","EmptyBody+1"],"picked":"SKIP","floor":28.0},{"not_picked":["CrushJoints","EmptyBody","ReachHeaven"],"picked":"SKIP","floor":29.0},{"not_picked":["BowlingBash","SashWhip"],"picked":"WheelKick","floor":30.0},{"not_picked":["ThirdEye","WheelKick"],"picked":"WreathOfFlame+1","floor":32.0},{"not_picked":["Establishment","Brilliance"],"picked":"Ragnarok","floor":33.0},{"not_picked":["Adaptation","FollowUp"],"picked":"PathToVictory+1","floor":35.0},{"not_picked":["Nirvana+1","EmptyBody","Conclude+1"],"picked":"SKIP","floor":38},{"not_picked":["FlurryOfBlows","Halt"],"picked":"SashWhip+1","floor":40},{"not_picked":["Evaluate","FlurryOfBlows+1"],"picked":"Scrawl","floor":44},{"not_picked":["BowlingBash+1","Conclude+1"],"picked":"MasterReality","floor":46},{"not_picked":["EmptyFist+1","FlyingSleeves"],"picked":"CrushJoints+1","floor":48}],"player_experience":7227,"relics_obtained":[{"floor":7.0,"key":"Bag of Preparation"},{"floor":9.0,"key":"Damaru"},{"floor":20.0,"key":"Red Mask"},{"floor":23.0,"key":"Dream Catcher"},{"floor":26.0,"key":"MawBank"},{"floor":29.0,"key":"HornCleat"},{"floor":43,"key":"Mercury Hourglass"},{"floor":44,"key":"Gambling Chip"},{"floor":46,"key":"Pen Nib"}],"event_choices":[{"damage_healed":0.0,"max_hp_gain":0.0,"max_hp_loss":0.0,"gold_gain":0.0,"event_name":"Scrap Ooze","player_choice":"Success","floor":5.0,"gold_loss":0.0,"damage_taken":7.0,"relics_obtained":["Blood Vial"]},{"damage_healed":0.0,"max_hp_gain":0.0,"max_hp_loss":0.0,"gold_gain":0.0,"event_name":"Living Wall","player_choice":"Grow","floor":11.0,"gold_loss":0.0,"damage_taken":0.0,"cards_upgraded":["PathToVictory"]},{"damage_healed":0.0,"max_hp_gain":0.0,"max_hp_loss":6.0,"gold_gain":0.0,"event_name":"Golden Idol","player_choice":"Lose Max HP","floor":13.0,"gold_loss":0.0,"damage_taken":0.0,"relics_obtained":["Golden Idol"]},{"damage_healed":0.0,"max_hp_gain":0.0,"max_hp_loss":0.0,"gold_gain":0.0,"event_name":"Masked Bandits","player_choice":"Fought Bandits","floor":20.0,"gold_loss":0.0,"damage_taken":0.0},{"damage_healed":0.0,"max_hp_gain":0.0,"max_hp_loss":0.0,"gold_gain":99.0,"event_name":"Nest","player_choice":"Stole From Cult","floor":24.0,"gold_loss":0.0,"damage_taken":0.0},{"damage_healed":0,"gold_gain":0,"player_choice":"Max HP","damage_taken":0,"max_hp_gain":0,"max_hp_loss":4,"event_name":"Winding Halls","floor":36,"gold_loss":0},{"cards_removed":["Defend_P"],"damage_healed":0,"gold_gain":0,"player_choice":"Removed Skill","damage_taken":0,"max_hp_gain":0,"max_hp_loss":0,"event_name":"Falling","floor":41,"gold_loss":0},{"damage_healed":0,"gold_gain":222,"player_choice":"Wore Mask","damage_taken":0,"max_hp_gain":0,"max_hp_loss":0,"event_name":"Tomb of Lord Red Mask","floor":45,"gold_loss":0},{"damage_healed":0,"gold_gain":0,"player_choice":"Ignored","damage_taken":0,"max_hp_gain":0,"max_hp_loss":0,"event_name":"The Moai Head","floor":47,"gold_loss":0}],"is_beta":false,"boss_relics":[{"not_picked":["Coffee Dripper","Sozu"],"picked":"Fusion Hammer"},{"not_picked":["Runic Dome","Empty Cage"],"picked":"Philosopher\u0027s Stone"}],"items_purged_floors":[4,19,31],"is_endless":false,"potions_floor_spawned":[1,7,10,16,18,21,22,29,38],"killed_by":"Donu and Deca","ascension_level":0}}