{"host":"lqbszw1tv2isqkrb","time":1609833263,"event":{"mods":["BaseMod","Downfall","Hermit","Hubris","Minty Spire (QoL Compilation)","Quick Restart","StSLib","The Animator","The Hierophant"],"gold_per_floor":[114,125,125,125,145,145,175,186,186,186,211,227,227,227],"floor_reached":13,"playtime":348,"items_purged":[],"score":109,"play_id":"bfd50a2b-3068-46c6-ad6e-a426a16fb813","local_time":"20210105025423","is_ascension_mode":true,"campfire_choices":[{"data":"Whirlwind","floor":6,"key":"SMITH"},{"floor":10,"key":"RECALL"}],"circlet_count":0,"master_deck":["Strike_R","Strike_R","Strike_R","Strike_R","Strike_R","Defend_R","Defend_R","Defend_R","Defend_R","Bash","Whirlwind+1","Bash","Flex","Heavy Blade","Demon Form"],"relics":["Burning Blood","NeowsBlessing","Smiling Mask","hubris:TinFlute","Vajra"],"acts_visited":["Exordium"],"potions_floor_usage":[11,11],"damage_taken":[{"damage":0,"enemies":"Small Slimes","floor":1,"turns":1},{"damage":0,"enemies":"Jaw Worm","floor":2,"turns":1},{"damage":0,"enemies":"Cultist","floor":5,"turns":1},{"damage":44,"enemies":"Lagavulin","floor":7,"turns":6},{"damage":11,"enemies":"Lots of Slimes","floor":8,"turns":2},{"damage":45,"enemies":"3 Sentries","floor":11,"turns":6},{"damage":3,"enemies":"3 Louse","floor":12,"turns":2},{"damage":34,"enemies":"Gremlin Nob","floor":13,"turns":3}],"seed_played":"-6830217615087551757","potions_obtained":[{"floor":2,"key":"SkillPotion"},{"floor":5,"key":"FairyPotion"},{"floor":7,"key":"SpeedPotion"}],"is_trial":false,"path_per_floor":["M","M","?","?","M","R","E","M","T","R","E","M","E"],"character_chosen":"IRONCLAD","items_purchased":[],"campfire_rested":0,"item_purchase_floors":[],"current_hp_per_floor":[80,80,80,80,80,80,42,37,37,37,30,33,0,0],"gold":227,"neow_bonus":"THREE_ENEMY_KILL","is_daily":false,"chose_seed":false,"campfire_upgraded":1,"win_rate":0.0,"timestamp":1609833263,"path_taken":["M","M","?","?","?","R","E","M","T","R","E","M","E"],"items_purchased_type":[],"build_version":"2020-12-22","purchased_purges":0,"victory":false,"max_hp_per_floor":[80,80,80,80,80,80,80,80,80,80,80,80,80,80],"card_choices":[{"not_picked":["True Grit","Sever Soul","Metallicize"],"picked":"SKIP","floor":1},{"not_picked":["Wild Strike","Twin Strike","Warcry"],"picked":"SKIP","floor":2},{"not_picked":["Reckless Charge","Wild Strike"],"picked":"Flex","floor":5},{"not_picked":["Shockwave","Perfected Strike","Entrench"],"picked":"SKIP","floor":7},{"not_picked":["Dark Embrace","Sentinel"],"picked":"Heavy Blade","floor":8},{"not_picked":["hubris:CleavingFinish","Battle Trance"],"picked":"Demon Form","floor":11},{"not_picked":["Rage","Power Through","Sentinel"],"picked":"SKIP","floor":12}],"player_experience":404425,"relics_obtained":[{"floor":7,"key":"Smiling Mask"},{"floor":9,"key":"hubris:TinFlute"},{"floor":11,"key":"Vajra"}],"event_choices":[{"damage_healed":0,"gold_gain":0,"player_choice":"1 cards matched","damage_taken":0,"max_hp_gain":0,"max_hp_loss":0,"event_name":"Match and Keep!","floor":4,"gold_loss":0,"cards_obtained":["Bash"]}],"is_beta":false,"boss_relics":[],"items_purged_floors":[],"is_endless":false,"potions_floor_spawned":[2,5,7],"killed_by":"Gremlin Nob","ascension_level":3}}