{"host":"9nt1zhl3k8mtcf72","time":1609809577,"event":{"mods":["Aspiration","BaseMod","BetterRewards","Conjunction","Conspire","Downfall","Energized Spire","Friendly Minions","GifTheSpireLib","Halation","Hubris","Infinite Spire","Jedi Mod","Mimic Mod","Minty Spire (QoL Compilation)","RatMod","Replay The Spire","Spikes Relics","StSLib","Stuff the Spire","Trackpad","Useless Jewels Mod","Wandering Minibosses","vexMod"],"gold_per_floor":[111,142,154,181,193,380,422,284,309,321,367,379,391,171,181,276,276,276,290,301,301,311,311,347,347,347,359,359,359,373,384,400,508,508,508,508,518,318,318,318,345,378,378,414,339,339,432,462,496,496,496,534,378,378,421,421,421],"floor_reached":55,"playtime":2420,"items_purged":["Regret"],"score":1046,"play_id":"884e5986-5554-44d4-bb78-c33615cacadd","local_time":"20210104201937","is_ascension_mode":false,"campfire_choices":[{"floor":1.0,"key":"RECALL"},{"floor":8.0,"key":"REST"},{"floor":13.0,"key":"REST"},{"data":"hexamod:GhostOfSpirePresent","floor":18.0,"key":"SMITH"},{"floor":23,"key":"REST"},{"floor":26,"key":"REST"},{"floor":28,"key":"REST"},{"data":"jedi:BattleThirst","floor":35,"key":"PURGE"},{"data":"infinitespire:Oblivion","floor":40,"key":"SMITH"},{"data":"infinitespire:Oblivion","floor":43,"key":"SMITH"},{"data":"infinitespire:Fortify","floor":43,"key":"SMITH"},{"data":"hexamod:CrushingStance","floor":45,"key":"SMITH"},{"data":"hexamod:GhostOfSpirePresent","floor":45,"key":"SMITH"},{"data":"hexamod:Toasty","floor":54,"key":"SMITH"},{"data":"hexamod:Toasty","floor":54,"key":"SMITH"}],"circlet_count":0,"master_deck":["hexamod:Strike+1","hexamod:Strike+1","hexamod:Strike","hexamod:Strike+1","hexamod:Defend+1","hexamod:Defend+1","hexamod:Defend+1","hexamod:Defend+1","hexamod:Sear+1","hexamod:Float+1","hexamod:GhostOfSpirePresent+1","hexamod:SpectralSpark+1","hexamod:Firestarter+1","hexamod:Incineration+1","hexamod:Firestarter","hexamod:PowerFromBeyond","hexamod:Incineration+1","hexamod:Incineration+1","hexamod:RainOfEmbers+1","hexamod:TurnItUp+1","hexamod:Firestarter+1","hexamod:ThirdSeal","hexamod:GhostflameBarrier+1","hexamod:GhostOfSpirePresent+1","hexamod:FlamesFromBeyond+1","hexamod:RainOfEmbers+1","hexamod:Firestarter+1","hexamod:SecondSeal","hexamod:CrushingStance+1","infinitespire:Oblivion+1","infinitespire:Oblivion+1","infinitespire:Fortify+1","infinitespire:Fortify+1","hexamod:RainOfEmbers+1","conspire:SpireCoStock","conspire:SpireCoStock+1","conspire:SpireCoStock+1","conspire:SpireCoStock","hexamod:NecessarySacrifice+1","hexamod:SuperheatedStrike+1","hexamod:TimeOfNeed+1","hexamod:FirstSeal","hexamod:Toasty+1","hexamod:Toasty+1","hexamod:TimeOfNeed","hexamod:PhantomCloak+1","hexamod:Firestarter+1","BlessedFruit","BlessedFruit","hexamod:BurningTouch+1"],"relics":["hexamod:SpiritBrand","MawBank","jedi:kaleidoscope","downfall:HeartBlessingBlue","downfall:HeartBlessingRed","StuffTheSpire:RedRose","halation:PromiseList","trackpad:AdjectivePendant","halation:HeavySnake","hubris:64BitClover","hubris:SphereOfDissonance","aspiration:RitualStick","hubris:BottledHeart","vexMod:BigBerry","halation:NonexistentMirror","Empty Cage","trackpad:WondrousWand","hubris:Icosahedron","hexamod:BolsterEngine","Replay:Arrowhead","Girya","downfall:HeartBlessingGreen","jedi:shrinkray","conspire:GiftBox","HeavenlyBonsai","Chemical X"],"acts_visited":["Exordium","TheCity","TheBeyond","TheEnding"],"potions_floor_usage":[30,33,33,44,52],"damage_taken":[{"damage":4.0,"enemies":"Jaw Worm","floor":2.0,"turns":4.0},{"damage":1.0,"enemies":"Cultist","floor":4.0,"turns":5.0},{"damage":9.0,"enemies":"Small Slimes","floor":7.0,"turns":8.0},{"damage":14.0,"enemies":"Small Slimes","floor":9.0,"turns":4.0},{"damage":44.0,"enemies":"3 Sentries","floor":11.0,"turns":8.0},{"damage":7.0,"enemies":"downfall:FleeingMerchant","floor":14.0,"turns":4.0},{"damage":12.0,"enemies":"3 Louse","floor":15.0,"turns":3.0},{"damage":36.0,"enemies":"downfall:Silent","floor":16.0,"turns":4.0},{"damage":6.0,"enemies":"Chosen","floor":19.0,"turns":3.0},{"damage":20.0,"enemies":"Snecko","floor":20.0,"turns":4.0},{"damage":28,"enemies":"conspire:HollyBat","floor":22,"turns":9},{"damage":4,"enemies":"Snake Plant","floor":24,"turns":4},{"damage":28,"enemies":"Snake Plant","floor":27,"turns":3},{"damage":0,"enemies":"Shelled Parasite and Fungi","floor":30,"turns":3},{"damage":0,"enemies":"conspire:HollyBat","floor":31,"turns":7},{"damage":0,"enemies":"Centurion and Healer","floor":32,"turns":4},{"damage":0,"enemies":"downfall:Defect","floor":33,"turns":6},{"damage":0,"enemies":"Orb Walker","floor":37,"turns":3},{"damage":0,"enemies":"Giant Head","floor":42,"turns":5},{"damage":0,"enemies":"Nightmare","floor":44,"turns":5},{"damage":0,"enemies":"downfall:FleeingMerchant","floor":47,"turns":3},{"damage":0,"enemies":"conspire:MimicChest","floor":48,"turns":3},{"damage":0,"enemies":"3 Darklings","floor":49,"turns":4},{"damage":0,"enemies":"downfall:Watcher","floor":50,"turns":4},{"damage":0,"enemies":"downfall:CharBossMerchant","floor":52,"turns":6},{"damage":2,"enemies":"downfall:NeowBoss","floor":55,"turns":9}],"seed_played":"2319371575824518612","potions_obtained":[{"floor":2.0,"key":"champ:CounterPotion"},{"floor":3.0,"key":"LiquidMemories"},{"floor":3.0,"key":"LifebloodPotion"},{"floor":15.0,"key":"ColorlessPotion"},{"floor":20.0,"key":"AttackPotion"},{"floor":27,"key":"Dexterity Potion"},{"floor":30,"key":"FearPotion"},{"floor":37,"key":"Dexterity Potion"},{"floor":49,"key":"Toxic Potion"}],"is_trial":false,"path_per_floor":["R","M","?","M","?","?","MIM","R","M","?","E","?","R","$","M","B",null,"R","M","M","?","M","R","MIM","?","R","M","R","?","M","M","M","B",null,"R","AVR","M","?","?","R","T","E","R","NM","R","?","$","?","M","B",null,"E","$","R","B"],"character_chosen":"THE_SPIRIT","items_purchased":["trackpad:AdjectivePendant","hexamod:Incineration","jedi:shrinkray","hexamod:Toasty","Chemical X"],"campfire_rested":5,"item_purchase_floors":[14,14,47,47,53],"current_hp_per_floor":[70,66,66,65,65,65,56,80,66,66,22,22,46,39,30,7,80,80,74,57,57,32,56,55,39,63,38,62,1,1,1,1,1,1,1,1,1,1,1,1,1,1,1,1,1,1,1,1,1,1,1,1,1,1,0,0,0],"gold":421,"neow_bonus":"RANDOM_COMMON_RELIC","is_daily":false,"chose_seed":false,"campfire_upgraded":8,"win_rate":0.0,"timestamp":1609809577,"path_taken":["R","M","?","?","?","?","MIM","R","M","?","E","?","R","?","M","BOSS","R","M","M","?","?","R","MIM","?","R","M","R","?","M","?","M","BOSS","R","AVR","M","?","?","R","T","E","R","NM","R","?","$","?","M","BOSS","E","$","R","BOSS"],"items_purchased_type":["Relic","Card","Relic","Card","Relic"],"build_version":"2020-12-22","purchased_purges":1,"victory":false,"max_hp_per_floor":[70,70,70,70,70,70,70,80,80,80,80,80,80,80,80,80,80,80,80,80,80,80,80,80,80,80,80,80,1,1,1,1,1,1,1,1,1,1,1,1,1,1,1,1,1,1,1,1,1,1,1,1,1,1,1,1,1],"card_choices":[{"not_picked":["hexamod:ShieldOfDarkness","hexamod:RainOfEmbers"],"picked":"hexamod:GhostOfSpirePresent","floor":2.0},{"not_picked":["hexamod:ThermalTransfer","hexamod:HauntingEcho"],"picked":"hexamod:SpectralSpark","floor":4.0},{"not_picked":["hexamod:InspiringFlames","hexamod:AdvancingGuard"],"picked":"hexamod:Firestarter","floor":7.0},{"not_picked":["hexamod:HauntingEcho","hexamod:SpectersWail"],"picked":"hexamod:Incineration","floor":9.0},{"not_picked":["hexamod:FlamesFromBeyond","hexamod:RetreatToShadows"],"picked":"hexamod:Firestarter","floor":11.0},{"not_picked":["hexamod:ExtraCrispy","hexamod:SwordOfDarkness"],"picked":"hexamod:PowerFromBeyond","floor":14.0},{"not_picked":["hexamod:Hexaguard","hexamod:SwordOfDarkness"],"picked":"hexamod:RainOfEmbers","floor":15.0},{"not_picked":["hexamod:ApocalypseNow","hexamod:TimeWarp"],"picked":"hexamod:TurnItUp","floor":16.0},{"not_picked":["hexamod:AdvancingGuard","hexamod:FastForward","hexamod:NightmareGuise"],"picked":"SKIP","floor":19.0},{"not_picked":["hexamod:InspiringFlames","hexamod:Rewind+1"],"picked":"hexamod:Firestarter+1","floor":20.0},{"not_picked":["hexamod:ShieldOfDarkness","hexamod:FourthSeal"],"picked":"hexamod:ThirdSeal","floor":22},{"not_picked":["hexamod:RainOfEmbers","hexamod:HauntingEcho"],"picked":"hexamod:GhostflameBarrier","floor":24},{"not_picked":["hexamod:Again","hexamod:HeatCrush"],"picked":"hexamod:GhostOfSpirePresent","floor":24},{"not_picked":["hexamod:BacktrackSmack","hexamod:GhostflameInferno"],"picked":"hexamod:FlamesFromBeyond","floor":27},{"not_picked":["hexamod:NightmareGuise","hexamod:SpectersWail","hexamod:FastForward+1"],"picked":"SKIP","floor":27},{"not_picked":["hexamod:InspiringFlames","hexamod:SpectersWail"],"picked":"hexamod:RainOfEmbers","floor":30},{"not_picked":["hexamod:HeatShield","hexamod:GhostLash","hexamod:Rewind+1"],"picked":"SKIP","floor":30},{"not_picked":["hexamod:GhostLash","hexamod:EmpoweredFlame+1"],"picked":"hexamod:Firestarter","floor":31},{"not_picked":["hexamod:NightmareGuise","hexamod:ApocalypseNow","hexamod:SwordOfDarkness"],"picked":"SKIP","floor":31},{"not_picked":["hexamod:RainOfEmbers","hexamod:ThermalTransfer"],"picked":"hexamod:SecondSeal","floor":32},{"not_picked":["hexamod:TimeWarp","hexamod:TimeOfNeed"],"picked":"hexamod:CrushingStance","floor":33},{"not_picked":["hexamod:Hexaguard+1","hexamod:FastForward+1"],"picked":"hexamod:RainOfEmbers+1","floor":37},{"not_picked":["hexamod:StepThrough","hexamod:ThirdSeal"],"picked":"hexamod:NecessarySacrifice+1","floor":42},{"not_picked":["hexamod:AdvancingGuard+1","hexamod:GhostOfSpireFuture+1"],"picked":"hexamod:SuperheatedStrike+1","floor":42},{"not_picked":["hexamod:RainOfEmbers","hexamod:StepThrough"],"picked":"hexamod:TimeOfNeed","floor":44},{"not_picked":["hexamod:NightmareGuise+1","hexamod:ShieldOfDarkness+1"],"picked":"hexamod:FirstSeal","floor":47},{"not_picked":["hexamod:Hexaguard","hexamod:ThermalTransfer","hexamod:ShieldOfDarkness+1"],"picked":"SKIP","floor":47},{"not_picked":["hexamod:HexaLevel","hexamod:ParanormalForm"],"picked":"hexamod:TimeOfNeed","floor":48},{"not_picked":["hexamod:GhostLash+1","hexamod:CatchUp"],"picked":"hexamod:PhantomCloak","floor":48},{"not_picked":["hexamod:GhostLash","hexamod:AdvancingGuard","hexamod:SwordOfDarkness"],"picked":"SKIP","floor":49},{"not_picked":["hexamod:Again+1","hexamod:BacktrackSmack"],"picked":"hexamod:Firestarter+1","floor":52},{"not_picked":["hexamod:InspiringFlames","hexamod:SpectersWail+1"],"picked":"hexamod:BurningTouch+1","floor":52}],"player_experience":477356,"relics_obtained":[{"floor":11.0,"key":"halation:PromiseList"},{"floor":24,"key":"hubris:SphereOfDissonance"},{"floor":37,"key":"trackpad:WondrousWand"},{"floor":41,"key":"hexamod:BolsterEngine"},{"floor":42,"key":"Replay:Arrowhead"},{"floor":44,"key":"Girya"},{"floor":48,"key":"conspire:GiftBox"},{"floor":52,"key":"HeavenlyBonsai"}],"event_choices":[{"damage_healed":0.0,"max_hp_gain":0.0,"max_hp_loss":0.0,"gold_gain":0.0,"event_name":"Lab","player_choice":"Got Potions","floor":3.0,"gold_loss":0.0,"damage_taken":0.0},{"damage_healed":0.0,"max_hp_gain":0.0,"max_hp_loss":0.0,"gold_gain":0.0,"event_name":"Big Fish","player_choice":"Box","floor":5.0,"gold_loss":0.0,"damage_taken":0.0,"relics_obtained":["jedi:kaleidoscope"],"cards_obtained":["Regret"]},{"damage_healed":0,"gold_gain":0,"player_choice":"Invest 4","damage_taken":0,"max_hp_gain":0,"max_hp_loss":0,"event_name":"conspire:Investor","floor":38,"gold_loss":0}],"is_beta":false,"boss_relics":[{"not_picked":["ChewingGum","hubris:TerracottaHorce"],"picked":"halation:HeavySnake"},{"not_picked":["hubris:Stopwatch","Runic Dome"],"picked":"vexMod:BigBerry"}],"items_purged_floors":[36],"is_endless":false,"potions_floor_spawned":[2,11,15,20,27,30,37,49],"killed_by":"downfall:NeowBoss","ascension_level":0}}