{"host":"8z6cx8b9r5qs18cp","time":1609862428,"event":{"mods":["AchievementEnabler","Act Like it!","Bard","BaseMod","GifTheSpireLib","Googly Eyes","Hermit","Hubris","Infinite Spire","Marked Mod","Minty Spire (QoL Compilation)","Permanent Neow","Rare Cards Sparkle","Relic Stats","Replay The Spire","StSLib","Stuff the Spire","The Animator","The Bug Knight","The Cursed","The Servant 0.9.4"],"gold_per_floor":[366,68,68,68,87,117,117,128,128,128,25,43,60,95,95,196,196,212,212,166,180,193,226,325,325,325,325,325,359,377,377,377,377],"floor_reached":33,"playtime":2130,"items_purged":[],"score":360,"play_id":"29ee8511-9a6c-479c-937f-4f9037ba017e","local_time":"20210105100028","is_ascension_mode":true,"campfire_choices":[{"floor":7.0,"key":"REST"},{"data":"DoubleEdge","floor":10.0,"key":"SMITH"},{"floor":15.0,"key":"REST"},{"floor":25,"key":"REST"},{"floor":27,"key":"REST"},{"floor":32,"key":"REST"}],"circlet_count":0,"master_deck":["Strike_S","Strike_S","Strike_S","Strike_S","Defend_S","Defend_S","Defend_S","Defend_S","KidneyShot","Exchange","animator:Strike_HitsugiNoChaika","Defend_S","Starlight","SurpressingFire","InstantArmor+1","DoubleEdge+1","Moondial","Unruled","Manipulate","MoonPhase","Revamp","Rewind","FastForward","MurderousAura","CurseOfTheBell","Defy","Rearm","Manipulate","SoulSculpture","Foresight","infinitespire:Punishment","MurderousAura","ShatteredReality"],"relics":["Uniform","StuffTheSpire:HeavyRock","Replay:Baseball","WingedGreaves","hubris:Teleporter","Calling Bell","Broom","Letter Opener","hubris:Potato","hubris:Towel","Mummified Hand","Replay:Bottled Flurry","Happy Flower"],"acts_visited":["Exordium","TheCity"],"potions_floor_usage":[23,30],"damage_taken":[{"damage":4.0,"enemies":"Cultist","floor":1.0,"turns":4.0},{"damage":0.0,"enemies":"2 Louse","floor":5.0,"turns":1.0},{"damage":21.0,"enemies":"3 Sentries","floor":6.0,"turns":9.0},{"damage":1.0,"enemies":"Small Slimes","floor":8.0,"turns":3.0},{"damage":0.0,"enemies":"Blue Slaver","floor":12.0,"turns":2.0},{"damage":0.0,"enemies":"Red Slaver","floor":13.0,"turns":2.0},{"damage":15.0,"enemies":"Gremlin Nob","floor":14.0,"turns":4.0},{"damage":0.0,"enemies":"Hexaghost","floor":16.0,"turns":9.0},{"damage":2.0,"enemies":"Shell Parasite","floor":18.0,"turns":5.0},{"damage":9.0,"enemies":"Spheric Guardian","floor":21.0,"turns":5.0},{"damage":31.0,"enemies":"Shelled Parasite and Fungi","floor":22.0,"turns":8.0},{"damage":21,"enemies":"Gremlin Leader","floor":23,"turns":9},{"damage":32,"enemies":"Slavers","floor":29,"turns":5},{"damage":13,"enemies":"Centurion and Healer","floor":30,"turns":4},{"damage":33,"enemies":"Automaton","floor":33,"turns":6}],"seed_played":"-3180645337243937989","potions_obtained":[{"floor":1.0,"key":"Weak Potion"},{"floor":6.0,"key":"Dexterity Potion"},{"floor":8.0,"key":"Fruit Juice"},{"floor":14.0,"key":"PowerPotion"},{"floor":22.0,"key":"Doom Potion"},{"floor":29,"key":"Adrenaline Potion"}],"is_trial":false,"path_per_floor":["M","$","?","?","M","E","R","M","T","R","$","M","M","E","R","B",null,"M","?","$","M","M","E","?","R","T","R","AVR","E","M","R","B"],"character_chosen":"THE_SERVANT","items_purchased":["SurpressingFire","InstantArmor","StuffTheSpire:HeavyRock","Manipulate","MoonPhase","Rearm"],"campfire_rested":5,"item_purchase_floors":[2,2,2,11,11,20],"current_hp_per_floor":[61,61,61,61,61,40,59,63,63,63,63,63,63,48,69,69,70,68,68,68,59,28,7,7,28,28,49,49,17,4,25,0,0],"gold":377,"neow_bonus":"TWO_FIFTY_GOLD","is_daily":false,"chose_seed":false,"campfire_upgraded":1,"win_rate":0.0,"timestamp":1609862428,"path_taken":["M","$","?","?","M","E","R","?","T","R","$","M","M","E","R","BOSS","M","?","$","M","M","E","?","R","T","R","AVR","E","M","R","BOSS"],"items_purchased_type":["Card","Card","Relic","Card","Card","Card"],"build_version":"2020-12-22","purchased_purges":0,"victory":false,"max_hp_per_floor":[65,65,65,65,65,65,65,70,70,70,70,70,70,70,70,70,70,70,70,70,70,70,70,70,70,70,70,70,70,70,70,70,70],"relic_stats":{"Happy Flower":[3],"counters":[15,76],"Mummified Hand":[13],"Letter Opener":[141],"obtain_stats":[{"hubris:Teleporter":14,"Happy Flower":29,"Uniform":0,"Broom":17,"Letter Opener":17,"hubris:Towel":19,"Calling Bell":17,"Replay:Baseball":6,"Mummified Hand":23,"StuffTheSpire:HeavyRock":2,"WingedGreaves":9,"Replay:Bottled Flurry":28,"hubris:Potato":17},{"hubris:Teleporter":7,"Happy Flower":13,"Uniform":0,"Broom":8,"Letter Opener":8,"hubris:Towel":9,"Calling Bell":8,"Replay:Baseball":3,"Mummified Hand":12,"StuffTheSpire:HeavyRock":1,"WingedGreaves":4,"Replay:Bottled Flurry":12,"hubris:Potato":8},{"hubris:Teleporter":25,"Happy Flower":66,"Uniform":0,"Broom":34,"Letter Opener":34,"hubris:Towel":39,"Calling Bell":34,"Replay:Baseball":14,"Mummified Hand":61,"StuffTheSpire:HeavyRock":4,"WingedGreaves":17,"Replay:Bottled Flurry":61,"hubris:Potato":34}]},"card_choices":[{"not_picked":["WasteNot","Rearm"],"picked":"Starlight","floor":1.0},{"not_picked":["Ricochet","Spin"],"picked":"DoubleEdge","floor":5.0},{"not_picked":["ReturningBlade","ShiftingGears"],"picked":"Moondial","floor":6.0},{"not_picked":["ShatteredReality","LightFlow"],"picked":"Unruled","floor":8.0},{"not_picked":["Replace","Starlight"],"picked":"Revamp","floor":12.0},{"not_picked":["Moonlight","Reset"],"picked":"Rewind","floor":13.0},{"not_picked":["Starlight","Potential"],"picked":"FastForward","floor":14.0},{"not_picked":["KillingDoll","Initiator"],"picked":"MurderousAura","floor":16.0},{"not_picked":["DoubleEdge","Starlight"],"picked":"Defy","floor":18.0},{"not_picked":["DoubleEdge+1","Shuttle+1"],"picked":"Manipulate","floor":21.0},{"not_picked":["Unruled","Manipulate"],"picked":"SoulSculpture","floor":22.0},{"not_picked":["DoubleEdge","DualDimension+1"],"picked":"Foresight","floor":23},{"not_picked":["StarChef+1","Moonlight"],"picked":"MurderousAura","floor":29},{"not_picked":["ReturningBlade","StarChef"],"picked":"ShatteredReality","floor":30}],"player_experience":212191,"relics_obtained":[{"floor":6.0,"key":"Replay:Baseball"},{"floor":9.0,"key":"WingedGreaves"},{"floor":14.0,"key":"hubris:Teleporter"},{"floor":17.0,"key":"Broom"},{"floor":17.0,"key":"Letter Opener"},{"floor":17.0,"key":"hubris:Potato"},{"floor":23,"key":"Mummified Hand"},{"floor":29,"key":"Happy Flower"}],"event_choices":[{"damage_healed":0.0,"max_hp_gain":0.0,"max_hp_loss":0.0,"gold_gain":0.0,"event_name":"Upgrade Shrine","player_choice":"Upgraded","floor":4.0,"gold_loss":0.0,"damage_taken":0.0,"cards_upgraded":["InstantArmor"]},{"damage_healed":0,"gold_gain":99,"player_choice":"Stole From Cult","damage_taken":0,"max_hp_gain":0,"max_hp_loss":0,"event_name":"Nest","floor":24,"gold_loss":0}],"is_beta":false,"boss_relics":[{"not_picked":["Busted Crown","hubris:Backtick"],"picked":"Calling Bell"}],"items_purged_floors":[],"is_endless":false,"potions_floor_spawned":[1,6,8,14,22,29],"killed_by":"Automaton","ascension_level":1}}