{"host":"28p8ce41sjwa6lzf","time":1609863873,"event":{"mods":["BaseMod","Colored Map","Colored Powertips","Highlight Path","Minty Spire (QoL Compilation)","Permanent Neow","Quick Restart","Random Character Button","Rare Cards Sparkle","Relic Stats","StSLib","Unceasing Turn Reminder"],"gold_per_floor":[111,123,123,139,62,62,95,95,95,114,59,59,95,116,116,214,214,229,254,179,193,214,214,249,263,263,315,336,367,367,382,382,473,473,488,538,563,576,601,601,601,601],"floor_reached":41,"playtime":3584,"items_purged":[],"score":894,"play_id":"ce125b83-a42b-4e27-8fd4-263a80c978cd","local_time":"20210105102433","is_ascension_mode":true,"campfire_choices":[{"data":"Flex","floor":6.0,"key":"SMITH"},{"data":"Twin Strike","floor":8.0,"key":"SMITH"},{"data":"Sever Soul","floor":12.0,"key":"SMITH"},{"floor":15.0,"key":"REST"},{"floor":23.0,"key":"REST"},{"floor":30.0,"key":"REST"},{"data":"True Grit","floor":32.0,"key":"SMITH"},{"floor":40.0,"key":"REST"}],"circlet_count":0,"master_deck":["AscendersBane","Strike_R","Strike_R","Strike_R","Strike_R","Defend_R","Defend_R","Defend_R","Defend_R","Bash+1","Flex+1","Battle Trance","Headbutt","Offering","Twin Strike+1","Sever Soul+1","Headbutt","Shrug It Off","Bludgeon","True Grit+1","Shrug It Off","Feel No Pain","Inflame","Intimidate","Shrug It Off","Rage","Armaments+1","Brutality","CurseOfTheBell","Clothesline+1","Bloodletting"],"relics":["Burning Blood","Golden Idol","Self Forming Clay","Happy Flower","Regal Pillow","Darkstone Periapt","Runic Pyramid","Bag of Preparation","Mummified Hand","Toy Ornithopter","White Beast Statue","Calling Bell","Pocketwatch","Oddly Smooth Stone","Gremlin Horn"],"acts_visited":["Exordium","TheCity","TheBeyond"],"potions_floor_usage":[41,41],"damage_taken":[{"damage":10.0,"enemies":"Small Slimes","floor":1.0,"turns":4.0},{"damage":8.0,"enemies":"2 Louse","floor":2.0,"turns":3.0},{"damage":1.0,"enemies":"Cultist","floor":4.0,"turns":3.0},{"damage":36.0,"enemies":"Lagavulin","floor":7.0,"turns":6.0},{"damage":1.0,"enemies":"Exordium Wildlife","floor":10.0,"turns":2.0},{"damage":14.0,"enemies":"3 Sentries","floor":13.0,"turns":5.0},{"damage":8.0,"enemies":"Exordium Thugs","floor":14.0,"turns":2.0},{"damage":36.0,"enemies":"Slime Boss","floor":16.0,"turns":9.0},{"damage":15.0,"enemies":"3 Byrds","floor":18.0,"turns":6.0},{"damage":15.0,"enemies":"Shell Parasite","floor":19.0,"turns":3.0},{"damage":34.0,"enemies":"Sentry and Sphere","floor":21.0,"turns":7.0},{"damage":1.0,"enemies":"Centurion and Healer","floor":22.0,"turns":6.0},{"damage":31.0,"enemies":"Gremlin Leader","floor":24.0,"turns":3.0},{"damage":9.0,"enemies":"Snake Plant","floor":25.0,"turns":3.0},{"damage":14.0,"enemies":"3 Cultists","floor":28.0,"turns":4.0},{"damage":18.0,"enemies":"Slavers","floor":29.0,"turns":5.0},{"damage":8.0,"enemies":"Sentry and Sphere","floor":31.0,"turns":4.0},{"damage":50.0,"enemies":"Champ","floor":33.0,"turns":19.0},{"damage":22.0,"enemies":"3 Darklings","floor":35.0,"turns":6.0},{"damage":9.0,"enemies":"3 Shapes","floor":37.0,"turns":4.0},{"damage":30.0,"enemies":"Writhing Mass","floor":38.0,"turns":7.0},{"damage":25.0,"enemies":"Maw","floor":39.0,"turns":8.0},{"damage":82,"enemies":"Giant Head","floor":41,"turns":7}],"seed_played":"-4028457928090858971","potions_obtained":[{"floor":7.0,"key":"Fire Potion"},{"floor":14.0,"key":"EssenceOfSteel"},{"floor":16.0,"key":"DuplicationPotion"},{"floor":24.0,"key":"DuplicationPotion"},{"floor":25.0,"key":"SteroidPotion"},{"floor":29.0,"key":"BloodPotion"},{"floor":31.0,"key":"Swift Potion"},{"floor":33.0,"key":"LiquidMemories"},{"floor":35.0,"key":"SneckoOil"},{"floor":37.0,"key":"Strength Potion"},{"floor":39.0,"key":"BloodPotion"}],"is_trial":false,"path_per_floor":["M","M","?","M","$","R","E","R","T","M","?","R","E","M","R","B",null,"M","M","?","M","M","R","E","M","T","T","M","E","R","M","R","B",null,"M","?","M","M","M","R","E"],"character_chosen":"IRONCLAD","items_purchased":["Offering"],"campfire_rested":4,"item_purchase_floors":[5],"current_hp_per_floor":[64,62,62,67,67,67,37,37,37,42,42,42,34,32,67,37,60,51,42,42,14,19,54,29,26,26,26,23,11,46,62,62,28,64,48,48,45,21,7,44,0,0],"gold":601,"neow_bonus":"UPGRADE_CARD","is_daily":false,"chose_seed":false,"campfire_upgraded":4,"win_rate":0.0,"timestamp":1609863873,"path_taken":["M","M","?","M","$","R","E","R","T","M","?","R","E","M","R","BOSS","M","M","?","M","M","R","E","M","T","?","?","E","R","M","R","BOSS","M","?","?","?","?","R","E"],"items_purchased_type":["Card"],"build_version":"2020-12-22","purchased_purges":0,"victory":false,"max_hp_per_floor":[75,75,68,68,68,68,68,68,68,68,68,68,68,68,68,68,68,68,68,68,68,68,68,68,68,68,68,68,68,68,68,68,68,74,74,74,74,74,74,74,74,74],"relic_stats":{"Darkstone Periapt":6,"Regal Pillow":60,"Happy Flower":[36],"Gremlin Horn":[6,7],"counters":[23,126],"Golden Idol":117,"Self Forming Clay":[219],"Bag of Preparation":[20],"Burning Blood":132,"Mummified Hand":[32],"obtain_stats":[{"Darkstone Periapt":13,"Regal Pillow":11,"Happy Flower":9,"Gremlin Horn":34,"Golden Idol":3,"Self Forming Clay":7,"Oddly Smooth Stone":34,"Bag of Preparation":24,"Burning Blood":0,"White Beast Statue":29,"Calling Bell":34,"Mummified Hand":26,"Toy Ornithopter":27,"Runic Pyramid":17,"Pocketwatch":34},{"Darkstone Periapt":6,"Regal Pillow":5,"Happy Flower":4,"Gremlin Horn":18,"Golden Idol":2,"Self Forming Clay":4,"Oddly Smooth Stone":18,"Bag of Preparation":13,"Burning Blood":0,"White Beast Statue":16,"Calling Bell":18,"Mummified Hand":14,"Toy Ornithopter":14,"Runic Pyramid":8,"Pocketwatch":18},{"Darkstone Periapt":23,"Regal Pillow":18,"Happy Flower":16,"Gremlin Horn":94,"Golden Idol":7,"Self Forming Clay":16,"Oddly Smooth Stone":94,"Bag of Preparation":59,"Burning Blood":0,"White Beast Statue":71,"Calling Bell":94,"Mummified Hand":62,"Toy Ornithopter":62,"Runic Pyramid":34,"Pocketwatch":94}],"Toy Ornithopter":35,"Pocketwatch":[2]},"card_choices":[{"not_picked":["Havoc","Seeing Red"],"picked":"Flex","floor":1.0},{"not_picked":["Thunderclap","Twin Strike"],"picked":"Battle Trance","floor":2.0},{"not_picked":["Rupture","Cleave"],"picked":"Headbutt","floor":4.0},{"not_picked":["Intimidate","Warcry"],"picked":"Twin Strike","floor":7.0},{"not_picked":["Shrug It Off","Entrench"],"picked":"Sever Soul","floor":10.0},{"not_picked":["Ghostly Armor","Anger"],"picked":"Headbutt","floor":13.0},{"not_picked":["Fire Breathing","Heavy Blade"],"picked":"Shrug It Off","floor":14.0},{"not_picked":["Barricade","Brutality"],"picked":"Bludgeon","floor":16.0},{"not_picked":["Carnage+1","Heavy Blade"],"picked":"True Grit","floor":18.0},{"not_picked":["Combust","Intimidate"],"picked":"Shrug It Off","floor":19.0},{"not_picked":["Whirlwind","Dual Wield+1"],"picked":"Feel No Pain","floor":21.0},{"not_picked":["Warcry","Heavy Blade"],"picked":"Inflame","floor":22.0},{"not_picked":["Uppercut","Iron Wave"],"picked":"Intimidate","floor":24.0},{"not_picked":["Carnage","Perfected Strike"],"picked":"Shrug It Off","floor":25.0},{"not_picked":["Perfected Strike","Rampage"],"picked":"Rage","floor":28.0},{"not_picked":["Wild Strike","Clash","Twin Strike"],"picked":"SKIP","floor":29.0},{"not_picked":["Infernal Blade","Wild Strike"],"picked":"Armaments+1","floor":31.0},{"not_picked":["Immolate","Bludgeon"],"picked":"Brutality","floor":33.0},{"not_picked":["Armaments","Body Slam+1","Rampage"],"picked":"SKIP","floor":35.0},{"not_picked":["Iron Wave","Thunderclap"],"picked":"Clothesline+1","floor":37.0},{"not_picked":["Wild Strike","Sword Boomerang"],"picked":"Bloodletting","floor":38.0},{"not_picked":["Clash","Carnage","Warcry+1"],"picked":"SKIP","floor":39.0}],"player_experience":1078701,"relics_obtained":[{"floor":7.0,"key":"Self Forming Clay"},{"floor":9.0,"key":"Happy Flower"},{"floor":13.0,"key":"Darkstone Periapt"},{"floor":24.0,"key":"Bag of Preparation"},{"floor":26.0,"key":"Mummified Hand"},{"floor":27.0,"key":"Toy Ornithopter"},{"floor":29.0,"key":"White Beast Statue"},{"floor":34.0,"key":"Pocketwatch"},{"floor":34.0,"key":"Oddly Smooth Stone"},{"floor":34.0,"key":"Gremlin Horn"}],"event_choices":[{"damage_healed":0.0,"max_hp_gain":0.0,"max_hp_loss":7.0,"gold_gain":0.0,"event_name":"Golden Idol","player_choice":"Lose Max HP","floor":3.0,"gold_loss":0.0,"damage_taken":0.0,"relics_obtained":["Golden Idol"]},{"damage_healed":0.0,"max_hp_gain":0.0,"max_hp_loss":0.0,"gold_gain":0.0,"event_name":"WeMeetAgain","player_choice":"Paid Gold","floor":11.0,"gold_loss":55.0,"damage_taken":0.0,"relics_obtained":["Regal Pillow"]},{"cards_removed":["Strike_R"],"damage_healed":0.0,"max_hp_gain":0.0,"max_hp_loss":0.0,"gold_gain":0.0,"event_name":"Beggar","player_choice":"Gave Gold","floor":20.0,"gold_loss":75.0,"damage_taken":0.0},{"damage_healed":0.0,"max_hp_gain":0.0,"max_hp_loss":0.0,"gold_gain":50.0,"event_name":"Golden Shrine","player_choice":"Pray","floor":36.0,"gold_loss":0.0,"damage_taken":0.0}],"is_beta":false,"boss_relics":[{"not_picked":["Coffee Dripper","Runic Dome"],"picked":"Runic Pyramid"},{"not_picked":["SlaversCollar","Snecko Eye"],"picked":"Calling Bell"}],"items_purged_floors":[],"is_endless":false,"potions_floor_spawned":[7,14,16,19,21,24,25,29,31,33,35,37,38,39],"killed_by":"Giant Head","ascension_level":20}}