{"host":"pcbz64t4k17ey4z1","time":1609880294,"event":{"mods":["2.2 Compatiblity","AchievementEnabler","Act Like it!","Aspiration","BaseMod","Beaked The Cultist","Better Match","Better Third Choice","BetterRewards","Card Forge","Colored Map","Colored Powertips","Conspire","Disable Question Mark Monsters","Fireblade Mod","Friendly Minions","Gensokyo","GifTheSpireLib","Glutton Mod","Googly Eyes","Gremlin Mod","Hermit","Hubris","Infinite Spire","Koishi","Marisa????????","Minty Spire (QoL Compilation)","Permanent Neow","Potionbrewer","Quick Restart","Random Character Button","Rare Cards Sparkle","Relic Filter","Replay The Spire","Robot Space Explorer","Shade Mod","Shop Mod","Spicy Shops","StSLib","Stuff the Spire","SuperFastMode","The Animator","The Cursed","The Druid","The Gatherer","The Hierophant","The IronCluck","The Jungle","The Marked","The Runesmith","Virulent Crown","Waifu the Spire","Wandering Minibosses","vexMod"],"gold_per_floor":[110,120,140,140,156,156,190,201,201,201,214,227,247,274,274,370,370,385,402,420,433,448,474,474,474,474],"floor_reached":25,"playtime":2375,"items_purged":[],"score":253,"play_id":"b93e0b7d-a368-4ebf-bcdf-c84f950ea16e","local_time":"20210105205814","is_ascension_mode":true,"campfire_choices":[{"data":"theMarked:SoldierOfQuellstein","floor":6,"key":"SMITH"},{"floor":15,"key":"REST"}],"circlet_count":0,"master_deck":["theMarked:Strike+1","theMarked:Strike+1","theMarked:Strike+1","theMarked:Strike+1","theMarked:Strike+1","theMarked:Defend","theMarked:Defend","theMarked:Defend","theMarked:Defend","theMarked:SoldierOfQuellstein+1","theMarked:EmpowerWeapon","theMarked:GodGivenPower","theMarked:PowerFlow+1","theMarked:Polarize+1","theMarked:Aftermath+1","theMarked:HeightenedSenses+1","Infernal Blade+1","theMarked:TwofoldDefense+1","theMarked:UnarmedFury","theMarked:BindingBlade+1","theMarked:WastefulDefense+1","theMarked:Improvise+1","theMarked:HeightenedSenses+1","theMarked:WastefulDefense+1","theMarked:ComboAttacks+1"],"relics":["Replay:M_SmolderingBlood","Hammer of Thor","Seething Fire","Anvil of the Gods","aspiration:Nostalgia","RobotSpaceExplorer:RoboCore","Toxic Egg 2","Replay:Bottled Eggs","infinitespire:CheckeredPen","infinitespire:Cubic Diamond","StuffTheSpire:MayFlowers","hubris:RunicObelisk","wanderingMiniBosses:Inkheart","Replay:Bottled Flurry"],"acts_visited":["Exordium","TheCity"],"potions_floor_usage":[5,16,18,18,20],"damage_taken":[{"damage":0,"enemies":"Small Slimes","floor":1,"turns":4},{"damage":6,"enemies":"Jaw Worm","floor":2,"turns":4},{"damage":2,"enemies":"2 Louse","floor":3,"turns":3},{"damage":6,"enemies":"Large Slime","floor":5,"turns":5},{"damage":15,"enemies":"Lagavulin","floor":7,"turns":5},{"damage":4,"enemies":"Exordium Wildlife","floor":8,"turns":3},{"damage":13,"enemies":"Red Slaver","floor":11,"turns":3},{"damage":0,"enemies":"3 Louse","floor":12,"turns":2},{"damage":0,"enemies":"Large Slime","floor":13,"turns":2},{"damage":9,"enemies":"3 Sentries","floor":14,"turns":7},{"damage":9,"enemies":"Slime Boss","floor":16,"turns":8},{"damage":0,"enemies":"2 Thieves","floor":18,"turns":3},{"damage":10,"enemies":"3 Byrds","floor":19,"turns":4},{"damage":20,"enemies":"3 Cultists","floor":20,"turns":7},{"damage":0,"enemies":"Centurion and Healer","floor":21,"turns":4},{"damage":2,"enemies":"Snake Plant","floor":22,"turns":7},{"damage":46,"enemies":"Slavers","floor":23,"turns":5},{"damage":10,"enemies":"Snecko","floor":25,"turns":2}],"seed_played":"-4941162224304506919","potions_obtained":[{"floor":1,"key":"potionbrewer:AcidPotion"},{"floor":3,"key":"Energy Potion"},{"floor":13,"key":"potionbrewer:ToxicPotion"},{"floor":14,"key":"theMarked:ChargePotion"},{"floor":16,"key":"infinitespire:BlackPotion"},{"floor":19,"key":"Dexterity Potion"},{"floor":23,"key":"BlessingOfTheForge"}],"is_trial":false,"path_per_floor":["M","M","M","?","M","R","E","M","T","?","M","M","M","E","R","B",null,"M","M","M","M","M","E","?","M"],"character_chosen":"THE_DEFAULT","items_purchased":[],"campfire_rested":1,"item_purchase_floors":[],"current_hp_per_floor":[70,64,62,62,56,56,41,37,37,37,24,24,24,15,36,33,70,70,60,46,46,49,3,3,0,0],"gold":474,"neow_bonus":"NOSTALGIA","is_daily":false,"chose_seed":false,"campfire_upgraded":1,"win_rate":0.0,"timestamp":1609880294,"path_taken":["M","M","M","?","M","R","E","M","T","?","M","M","M","E","R","BOSS","M","M","M","M","M","E","?","M"],"items_purchased_type":[],"build_version":"2020-12-22","purchased_purges":0,"victory":false,"max_hp_per_floor":[70,70,70,70,70,70,70,70,70,70,70,70,70,70,70,70,70,70,70,70,70,70,70,70,70,70],"card_choices":[{"not_picked":["theMarked:SwordAndMagic","theMarked:HeightenedSenses"],"picked":"theMarked:EmpowerWeapon","floor":1},{"not_picked":["theMarked:HeightenedSenses","theMarked:ElectricStrings"],"picked":"theMarked:GodGivenPower","floor":2},{"not_picked":["theMarked:ReduceFriction","theMarked:Parry"],"picked":"theMarked:PowerFlow","floor":3},{"not_picked":["theMarked:HeritageOfTheMarked","theMarked:TwofoldDefense+1"],"picked":"theMarked:Polarize+1","floor":5},{"not_picked":["theMarked:WastefulAttack","theMarked:RepellingDischarge+1"],"picked":"theMarked:Aftermath+1","floor":7},{"not_picked":["theMarked:SelfDefenseTraining","theMarked:TwofoldDefense+1"],"picked":"theMarked:HeightenedSenses+1","floor":8},{"not_picked":["theMarked:TunnelVision","theMarked:Parkour"],"picked":"Infernal Blade+1","floor":11},{"not_picked":["theMarked:Frustration","theMarked:EmpowerWeapon+1"],"picked":"theMarked:TwofoldDefense+1","floor":12},{"not_picked":["theMarked:RepellingDischarge+1","theMarked:Indomitable+1"],"picked":"theMarked:UnarmedFury","floor":13},{"not_picked":["theMarked:ResourceFulStrike","CrushJoints","theMarked:CreepingChasm+1"],"picked":"SKIP","floor":14},{"not_picked":["theMarked:Vacuum","Reaper"],"picked":"theMarked:BindingBlade+1","floor":16},{"not_picked":["theMarked:Static+1","theMarked:ReduceFriction+1"],"picked":"theMarked:WastefulDefense+1","floor":18},{"not_picked":["theMarked:ChainLightning","theMarked:HeightenedSenses+1"],"picked":"theMarked:Improvise+1","floor":19},{"not_picked":["theMarked:SelfDefenseTraining+1","theMarked:Electrocute","theMarked:HeightenedSenses+1"],"picked":"SKIP","floor":20},{"not_picked":["theMarked:RepellingDischarge+1","theMarked:TakeCover+1"],"picked":"theMarked:HeightenedSenses+1","floor":21},{"not_picked":["theMarked:Polarize+1","theMarked:Frustration"],"picked":"theMarked:WastefulDefense+1","floor":22},{"not_picked":["theMarked:SelfDefenseTraining","theMarked:Static+1"],"picked":"theMarked:ComboAttacks+1","floor":23}],"player_experience":3873723,"relics_obtained":[{"floor":7,"key":"Replay:Bottled Eggs"},{"floor":9,"key":"infinitespire:CheckeredPen"},{"floor":14,"key":"StuffTheSpire:MayFlowers"},{"floor":22,"key":"wanderingMiniBosses:Inkheart"},{"floor":23,"key":"Replay:Bottled Flurry"}],"event_choices":[],"is_beta":false,"boss_relics":[{"not_picked":["aspiration:RunicSpoon","Runic Pyramid"],"picked":"hubris:RunicObelisk"}],"items_purged_floors":[],"is_endless":false,"potions_floor_spawned":[1,3,13,14,16,19,23],"killed_by":"Snecko","ascension_level":1}}