{"host":"ewfe3cr33ktd9xzj","time":1609875101,"event":{"mods":["AchievementEnabler","BaseMod","Colored Map","Custom Start","DeckTracker","Minty Spire (QoL Compilation)","Permanent Neow","Rare Cards Sparkle","StSLib","everything is the same but u backflip on backflip"],"gold_per_floor":[113,113,131,151,165,165,191,191,191,191,210,242,259,290,290,290,290],"floor_reached":16,"playtime":426,"items_purged":[],"score":294,"play_id":"294357b3-c8ad-4ca2-9652-c6daded9acc1","local_time":"20210106043141","is_ascension_mode":true,"campfire_choices":[{"data":"Eruption","floor":6.0,"key":"SMITH"},{"data":"CrushJoints","floor":8.0,"key":"SMITH"},{"data":"BowlingBash","floor":10.0,"key":"SMITH"},{"floor":15,"key":"REST"}],"circlet_count":0,"master_deck":["AscendersBane","Strike_P","Strike_P","Strike_P","Defend_P","Defend_P","Defend_P","Defend_P","Eruption+1","Vigilance","FlurryOfBlows","CrushJoints+1","BowlingBash+1"],"relics":["VioletLotus","Matryoshka","Shuriken","Meat on the Bone","TungstenRod","Omamori"],"acts_visited":[],"potions_floor_usage":[14],"damage_taken":[{"damage":12.0,"enemies":"2 Louse","floor":1.0,"turns":3.0},{"damage":2.0,"enemies":"Cultist","floor":3.0,"turns":3.0},{"damage":8.0,"enemies":"Small Slimes","floor":4.0,"turns":3.0},{"damage":11.0,"enemies":"2 Fungi Beasts","floor":5.0,"turns":4.0},{"damage":7.0,"enemies":"Lagavulin","floor":7.0,"turns":3.0},{"damage":18.0,"enemies":"Large Slime","floor":11.0,"turns":3.0},{"damage":12.0,"enemies":"3 Sentries","floor":12.0,"turns":6.0},{"damage":10.0,"enemies":"Gremlin Gang","floor":13.0,"turns":2.0},{"damage":5,"enemies":"Lagavulin","floor":14,"turns":4},{"damage":17,"enemies":"Hexaghost","floor":16,"turns":7}],"seed_played":"-6035236451953885019","potions_obtained":[{"floor":3.0,"key":"EntropicBrew"},{"floor":12.0,"key":"EntropicBrew"},{"floor":14,"key":"Explosive Potion"}],"is_trial":false,"path_per_floor":["M","?","M","M","M","R","E","R","T","R","M","E","M","E","R","B"],"character_chosen":"WATCHER","items_purchased":[],"campfire_rested":1,"item_purchase_floors":[],"current_hp_per_floor":[49,49,47,39,28,28,21,21,21,21,15,15,17,24,44,27,27],"gold":290,"neow_bonus":"BOSS_RELIC","is_daily":false,"chose_seed":false,"campfire_upgraded":3,"win_rate":0.0,"timestamp":1609875101,"path_taken":["M","?","M","M","?","R","E","R","T","R","M","E","M","E","R","BOSS"],"items_purchased_type":[],"build_version":"2020-12-22","purchased_purges":0,"victory":false,"max_hp_per_floor":[68,68,68,68,68,68,68,68,68,68,68,68,68,68,68,68,68],"card_choices":[{"not_picked":["EmptyBody","Protect"],"picked":"FlurryOfBlows","floor":1.0},{"not_picked":["ClearTheMind","FlyingSleeves","JustLucky"],"picked":"SKIP","floor":3.0},{"not_picked":["Evaluate","Brilliance"],"picked":"CrushJoints","floor":4.0},{"not_picked":["Evaluate","Swivel","FlurryOfBlows"],"picked":"SKIP","floor":5.0},{"not_picked":["ThirdEye","PathToVictory"],"picked":"BowlingBash","floor":7.0},{"not_picked":["Indignation","ThirdEye","CrushJoints"],"picked":"SKIP","floor":11.0},{"not_picked":["JustLucky","FlurryOfBlows","FollowUp"],"picked":"SKIP","floor":12.0},{"not_picked":["DeceiveReality","SignatureMove","Wish"],"picked":"SKIP","floor":13.0},{"not_picked":["EmptyBody","Indignation","CrushJoints"],"picked":"SKIP","floor":14}],"player_experience":30396,"relics_obtained":[{"floor":7.0,"key":"Matryoshka"},{"floor":9.0,"key":"Shuriken"},{"floor":9.0,"key":"Meat on the Bone"},{"floor":12.0,"key":"TungstenRod"},{"floor":14,"key":"Omamori"}],"event_choices":[{"cards_removed":["Strike_P"],"damage_healed":0.0,"max_hp_gain":0.0,"max_hp_loss":0.0,"gold_gain":0.0,"event_name":"Purifier","player_choice":"Purged","floor":2.0,"gold_loss":0.0,"damage_taken":0.0}],"is_beta":false,"boss_relics":[],"items_purged_floors":[],"is_endless":false,"potions_floor_spawned":[3,12,14],"killed_by":"Hexaghost","ascension_level":20}}