{"host":"ifrtxrfi0kt9ye6r","time":1609878615,"event":{"mods":["100% Spire Juice","Act Like it!","BaseMod","BetterRewards","Downfall","Gensokyo","Hubris","Infinite Spire","Koishi","Marisa£¨Ùöéë¡¡Øª×âÞÞ£©","Minty Spire (QoL Compilation)","Replay The Spire","StSLib","The Animator"],"gold_per_floor":[113,33,113,113,125,137,182,210,268,295,307,329,51,83,95,210,222,249,261,328,340,352,364,376,388,400,427,439,451,12,39,51,162,174,202,214,226,257,269,281,293,65,77,89,101,113,158,241,253,265],"floor_reached":51,"playtime":3043,"items_purged":["Koishi:BasicStrike"],"score":915,"play_id":"8a0e445b-5584-426e-945d-799c40598645","local_time":"20210106053015","is_ascension_mode":false,"campfire_choices":[{"floor":6,"key":"RECALL"},{"data":"Koishi:RacingHeart","floor":15,"key":"SMITH"},{"data":"Koishi:TerrifyingSpectre","floor":23,"key":"SMITH"},{"data":"Koishi:JumpScare","floor":32,"key":"SMITH"},{"data":"Koishi:ImGoingToCallYouNow","floor":40,"key":"SMITH"},{"data":"Koishi:HauntingSlash","floor":45,"key":"SMITH"},{"data":"Koishi:BasicStrike","floor":49,"key":"PURGE"}],"circlet_count":0,"master_deck":["Koishi:BasicStrike","Koishi:BasicDefend","Koishi:BasicDefend","Koishi:BasicDefend","Koishi:HauntingSlash+1","Koishi:RacingHeart+1","Koishi:ParalyzingFear","Koishi:DanmakuParanoia+1","Koishi:HeartStoppingHorror+1","Koishi:DreadfulBlow","Koishi:DreadfulBlow","Koishi:TerrifyingSpectre+1","Koishi:GhostParty+1","ReplayTheSpireMod:Haul","Koishi:TremblingHands","Gensokyo:Taser","Koishi:JumpScare+1","Koishi:ImGoingToCallYouNow+1","Koishi:BloodcurdlingScream+1","Gensokyo:Shovel","Koishi:RacingHeart","infinitespire:Fortify","Koishi:PredatoryInstincts"],"relics":["Koishi:ImaginaryFriend","MawBank","Pear","hubris:Zylophone","Juzu Bracelet","Gensokyo:Justice","Chemical X","Guide Book","hubris:Stopwatch","hubris:Towel","hubris:Icosahedron","Gensokyo:ConquerorOfFear","hubris:EmptyBottle","Frozen Eye","SlaversCollar","Gensokyo:EmptyGrave","hubris:CuriousFeather","ClockworkSouvenir","hubris:Potato","hubris:MobiusCoin","Mirror","PreservedInsect"],"acts_visited":["Gensokyo:Gensokyo","Gensokyo:Gensokyoer","Gensokyo:Gensokyoest"],"potions_floor_usage":[16,33,50],"damage_taken":[{"damage":0,"enemies":"Gensokyo:Gryphon","floor":1,"turns":3},{"damage":22,"enemies":"Gensokyo:Aya","floor":7,"turns":10},{"damage":3,"enemies":"Gensokyo:Python","floor":8,"turns":3},{"damage":0,"enemies":"Gensokyo:2_Kodama","floor":10,"turns":3},{"damage":0,"enemies":"Gensokyo:LivingMonolith","floor":12,"turns":3},{"damage":0,"enemies":"Gensokyo:Python_and_Kodama","floor":14,"turns":4},{"damage":14,"enemies":"Gensokyo:Yukari","floor":16,"turns":6},{"damage":28,"enemies":"Gensokyo:3_Dogs","floor":18,"turns":5},{"damage":0,"enemies":"Gensokyo:2_Gloops","floor":27,"turns":3},{"damage":39,"enemies":"Gensokyo:Monolith_and_Dog","floor":31,"turns":9},{"damage":48,"enemies":"Gensokyo:Kaguya","floor":33,"turns":18},{"damage":31,"enemies":"Gensokyo:3_Boulders","floor":35,"turns":9},{"damage":12,"enemies":"Gensokyo:AncientGuardian","floor":38,"turns":6},{"damage":6,"enemies":"Nightmare","floor":47,"turns":7},{"damage":38,"enemies":"Gensokyo:Shinki","floor":50,"turns":11}],"seed_played":"4264110579898711184","potions_obtained":[{"floor":12,"key":"DistilledChaos"},{"floor":14,"key":"BlessingOfTheForge"},{"floor":18,"key":"EssenceOfSteel"}],"is_trial":false,"path_per_floor":["M","$","?","T","?","R","E","M","T","M","?","M","COS","M","R","B",null,"M","?","T","?","?","R","$","?","T","M","?","?","COS","M","R","B",null,"M","?","?","M","$","R","?","COS","T","?","R","AVR","NM","T","R","B",null],"character_chosen":"KOISHI","items_purchased":["Koishi:RacingHeart","Koishi:DanmakuParanoia"],"campfire_rested":0,"item_purchase_floors":[0,2],"current_hp_per_floor":[60,60,60,60,55,55,43,47,47,49,49,52,52,57,57,70,70,54,54,54,54,54,54,54,54,54,70,53,53,53,48,48,46,70,67,65,65,65,65,65,65,65,65,65,65,65,65,65,65,65],"gold":277,"neow_bonus":"","is_daily":false,"chose_seed":false,"campfire_upgraded":5,"win_rate":0.0,"timestamp":1609878615,"path_taken":["M","?","?","?","?","R","E","?","T","M","?","M","COS","M","R","BOSS","M","?","?","?","?","R","$","?","T","M","?","?","COS","M","R","BOSS","M","?","?","M","?","R","?","COS","T","?","R","AVR","NM","?","R","BOSS"],"items_purchased_type":["Card","Card"],"build_version":"2020-12-22","purchased_purges":1,"victory":true,"max_hp_per_floor":[60,60,60,60,70,70,70,70,70,70,70,70,70,70,70,70,70,70,70,70,70,70,70,70,70,70,70,70,70,70,70,70,70,70,70,65,65,65,65,65,65,65,65,65,65,65,65,65,65,65],"card_choices":[{"not_picked":["Koishi:SubconsciousSweep","Koishi:PhantomStrike"],"picked":"Koishi:ParalyzingFear","floor":1},{"not_picked":["Koishi:MentalBreakdown","Koishi:ReflexRadar"],"picked":"Koishi:HeartStoppingHorror","floor":7},{"not_picked":["Koishi:PhantomBarrier","Koishi:EmbryosDream"],"picked":"Koishi:DreadfulBlow","floor":8},{"not_picked":["Koishi:MassHysteria","Koishi:GhostParty","Koishi:BramblyRoseGarden"],"picked":"SKIP","floor":10},{"not_picked":["Koishi:Possession","Koishi:ReleaseOfTheId","Koishi:ParalyzingFear"],"picked":"SKIP","floor":12},{"not_picked":["Koishi:PhantomStrike","Koishi:Catatonia"],"picked":"Koishi:DreadfulBlow","floor":14},{"not_picked":["Koishi:ConfinedInnocent","Koishi:FormlessExistence"],"picked":"Koishi:TerrifyingSpectre","floor":16},{"not_picked":["Koishi:ReflexRadar","Koishi:SprinkleStarAndHeart","Koishi:PhantomStrike"],"picked":"SKIP","floor":18},{"not_picked":["Koishi:SuperEgo","Koishi:StrangeCloudFist+1"],"picked":"Koishi:GhostParty+1","floor":27},{"not_picked":["ReplayTheSpireMod:??????????????????????","infinitespire:Execution"],"picked":"ReplayTheSpireMod:Haul","floor":28},{"not_picked":["Koishi:SpiritedAway","Koishi:Jaunt+1"],"picked":"Koishi:JumpScare","floor":31},{"not_picked":["Koishi:PerfectMindControl","Koishi:SuperEgo"],"picked":"Koishi:ImGoingToCallYouNow","floor":33},{"not_picked":["Koishi:DreadfulBlow+1","Koishi:FleetingPhantom"],"picked":"Koishi:BloodcurdlingScream+1","floor":35},{"not_picked":["Koishi:Bloodlust+1","Koishi:CatchAndRose","Koishi:RacingHeart"],"picked":"SKIP","floor":38},{"not_picked":["Koishi:RacingHeart","Koishi:Heartbroken"],"picked":"Koishi:PredatoryInstincts","floor":47}],"player_experience":261282,"relics_obtained":[{"floor":4,"key":"MawBank"},{"floor":7,"key":"hubris:Zylophone"},{"floor":9,"key":"Juzu Bracelet"},{"floor":20,"key":"Omamori"},{"floor":27,"key":"Gensokyo:ConquerorOfFear"},{"floor":43,"key":"hubris:Potato"},{"floor":47,"key":"hubris:MobiusCoin"},{"floor":48,"key":"Mirror"}],"event_choices":[],"is_beta":false,"boss_relics":[{"not_picked":["SacredBark","Runic Dome"],"picked":"hubris:Stopwatch"},{"not_picked":["Cursed Key","ReplayTheSpireMod:DimensionalGlitch"],"picked":"SlaversCollar"}],"items_purged_floors":[0],"is_endless":false,"potions_floor_spawned":[12,14,18],"ascension_level":0}}