{"host":"yiit85oc4oi3nqs8","time":1609852620,"event":{"mods":["AchievementEnabler","BaseMod","Better Third Choice","Block Reminder","DeckTracker","Highlight Path","Keyboard Shortcuts","Minty Spire (QoL Compilation)","MonsterHotkey","Quick Restart","Random Character Button","Relic Stats","StSLib"],"gold_per_floor":[119,134,134,34,44,62,62,62,87,87,107,107,107,107,107,107,107,126,151,151,171,171,185,185,199,39,39,39,113,113,129,129,148,158,158,158,168,168,139,139,139,169,219,235,264,290,290,325,339,365,382,393,428,428,428,264,6,6,6,6,82,82,99,99,99,99,99,118,138,138,138,153,76,76,110,110,110,138,148,148,148,148,195,214,247,316,316,316,316,316,316,316,316,14,14,45,45],"floor_reached":98,"playtime":4466,"items_purged":["Strike_G","Defend_G","Bullet Time+1"],"score":3692,"play_id":"b24e641a-38e1-4187-b765-f4088a67d195","local_time":"20210105221700","is_ascension_mode":true,"campfire_choices":[{"data":"A Thousand Cuts","floor":8.0,"key":"SMITH"},{"data":"Neutralize","floor":10.0,"key":"SMITH"},{"data":"Blade Dance","floor":12.0,"key":"SMITH"},{"floor":14.0,"key":"REST"},{"data":"Backstab","floor":20.0,"key":"SMITH"},{"data":"Dash","floor":22.0,"key":"SMITH"},{"data":"Finisher","floor":27.0,"key":"SMITH"},{"data":"Survivor","floor":28.0,"key":"SMITH"},{"floor":41.0,"key":"RECALL"},{"data":"Defend_G","floor":54.0,"key":"SMITH"},{"data":"Defend_G","floor":58.0,"key":"SMITH"},{"data":"Defend_G","floor":59.0,"key":"SMITH"},{"floor":60.0,"key":"REST"},{"data":"Strike_G","floor":70.0,"key":"SMITH"},{"floor":71.0,"key":"REST"},{"floor":82.0,"key":"REST"},{"floor":88.0,"key":"REST"},{"floor":93.0,"key":"REST"}],"circlet_count":0,"master_deck":["AscendersBane","Defend_G+1","Defend_G+1","Defend_G+1","Survivor+1","Neutralize+1","Dash+1","Blade Dance+1","A Thousand Cuts+1","Backstab+1","Prepared+1","Finisher+1","Infinite Blades","Storm of Steel+1","Outmaneuver+1","Infinite Blades+1","Dagger Throw+1","Cloak And Dagger+1","Cloak And Dagger+1","Phantasmal Killer+1","Blade Dance+1","Adrenaline+1","Madness+1","Madness+1","Accuracy+1","After Image+1","After Image+1"],"relics":["Ring of the Snake","Ninja Scroll","Tingsha","Bottled Lightning","Unceasing Top","Toxic Egg 2","Sundial","Astrolabe","Frozen Egg 2","The Specimen","Happy Flower","Meat on the Bone","Bag of Preparation","FossilizedHelix","Pantograph","Lantern","Oddly Smooth Stone","WristBlade","InkBottle","Gremlin Horn","CaptainsWheel","Art of War","Pocketwatch","Ginger","Lizard Tail","Membership Card","Vajra"],"acts_visited":["Exordium","TheCity","TheBeyond","TheEnding"],"potions_floor_usage":[],"damage_taken":[{"damage":2.0,"enemies":"Jaw Worm","floor":1.0,"turns":5.0},{"damage":2.0,"enemies":"Small Slimes","floor":2.0,"turns":4.0},{"damage":0.0,"enemies":"Cultist","floor":5.0,"turns":2.0},{"damage":1.0,"enemies":"Looter","floor":6.0,"turns":3.0},{"damage":40.0,"enemies":"Lagavulin","floor":9.0,"turns":8.0},{"damage":0.0,"enemies":"Red Slaver","floor":11.0,"turns":2.0},{"damage":0.0,"enemies":"2 Fungi Beasts","floor":18.0,"turns":1.0},{"damage":0.0,"enemies":"3 Sentries","floor":19.0,"turns":2.0},{"damage":0.0,"enemies":"Looter","floor":21.0,"turns":1.0},{"damage":0.0,"enemies":"Red Slaver","floor":23.0,"turns":1.0},{"damage":0.0,"enemies":"Large Slime","floor":25.0,"turns":2.0},{"damage":4.0,"enemies":"The Guardian","floor":29.0,"turns":9.0},{"damage":0.0,"enemies":"2 Thieves","floor":31.0,"turns":1.0},{"damage":0.0,"enemies":"3 Byrds","floor":33.0,"turns":4.0},{"damage":0.0,"enemies":"Centurion and Healer","floor":34.0,"turns":3.0},{"damage":0.0,"enemies":"Snake Plant","floor":37.0,"turns":1.0},{"damage":0.0,"enemies":"Gremlin Leader","floor":42.0,"turns":4.0},{"damage":5.0,"enemies":"Cultist and Chosen","floor":44.0,"turns":5.0},{"damage":13.0,"enemies":"Book of Stabbing","floor":45.0,"turns":4.0},{"damage":12.0,"enemies":"Gremlin Leader","floor":48.0,"turns":3.0},{"damage":0.0,"enemies":"3 Cultists","floor":49.0,"turns":3.0},{"damage":15.0,"enemies":"Slavers","floor":50.0,"turns":3.0},{"damage":0.0,"enemies":"Sentry and Sphere","floor":51.0,"turns":1.0},{"damage":0.0,"enemies":"Centurion and Healer","floor":52.0,"turns":2.0},{"damage":0.0,"enemies":"Gremlin Leader","floor":53.0,"turns":4.0},{"damage":17.0,"enemies":"Collector","floor":61.0,"turns":6.0},{"damage":0.0,"enemies":"3 Darklings","floor":63.0,"turns":3.0},{"damage":37.0,"enemies":"3 Shapes","floor":68.0,"turns":2.0},{"damage":0.0,"enemies":"3 Darklings","floor":69.0,"turns":3.0},{"damage":0.0,"enemies":"4 Shapes","floor":72.0,"turns":2.0},{"damage":0.0,"enemies":"Nemesis","floor":75.0,"turns":1.0},{"damage":0.0,"enemies":"Giant Head","floor":78.0,"turns":1.0},{"damage":0.0,"enemies":"Sphere and 2 Shapes","floor":79.0,"turns":1.0},{"damage":0.0,"enemies":"2 Orb Walkers","floor":83.0,"turns":1.0},{"damage":0.0,"enemies":"Maw","floor":84.0,"turns":5.0},{"damage":0.0,"enemies":"Giant Head","floor":85.0,"turns":4.0},{"damage":33.0,"enemies":"Time Eater","floor":90.0,"turns":7.0},{"damage":19.0,"enemies":"Donu and Deca","floor":91.0,"turns":3.0},{"damage":40.0,"enemies":"Shield and Spear","floor":96.0,"turns":3.0},{"damage":35,"enemies":"The Heart","floor":97,"turns":7}],"seed_played":"7950827074134126618","potions_obtained":[{"floor":5.0,"key":"SkillPotion"},{"floor":11.0,"key":"EntropicBrew"},{"floor":23.0,"key":"BlessingOfTheForge"},{"floor":31.0,"key":"DistilledChaos"},{"floor":33.0,"key":"DistilledChaos"},{"floor":37.0,"key":"AttackPotion"},{"floor":44.0,"key":"Explosive Potion"},{"floor":48.0,"key":"FairyPotion"},{"floor":50.0,"key":"Energy Potion"},{"floor":52.0,"key":"DistilledChaos"},{"floor":78.0,"key":"Block Potion"},{"floor":96.0,"key":"GhostInAJar"}],"is_trial":false,"path_per_floor":["M","M","?","?","M","M","?","R","E","R","M","R","?","R","T","T","T","M","E","R","M","R","M","$","M","?","R","R","B",null,"M","?","M","M","?","?","M","?","$","?","R","E","?","M","E","T","T","E","M","E","M","M","E","R","E","$","$","R","R","R","B",null,"M","?","?","$","$","M","M","R","R","M","$","M","E","T","T","E","M","E","?","R","?","M","E","T","?","R","R","B","B",null,"R","$","$","E","B",null],"character_chosen":"THE_SILENT","items_purchased":["Infinite Blades","Cloak And Dagger+1","Lantern","Oddly Smooth Stone","Accuracy+1","Membership Card","After Image+1"],"campfire_rested":6,"item_purchase_floors":[26,39,56,57,73,94,94],"current_hp_per_floor":[57,55,55,55,55,54,54,54,14,14,14,14,14,33,33,33,33,33,33,33,33,33,33,33,33,33,33,33,29,57,57,57,57,57,57,57,57,57,57,57,57,57,51,46,33,33,33,33,45,42,42,42,42,42,42,42,42,42,42,61,49,62,62,62,50,50,50,25,37,37,56,56,56,56,56,56,56,56,56,56,56,66,66,66,66,66,66,66,66,45,47,61,66,66,66,38,40],"gold":45,"neow_bonus":"THREE_CARDS","is_daily":false,"chose_seed":false,"campfire_upgraded":11,"win_rate":0.0,"timestamp":1609852620,"path_taken":["M","M","?","?","M","?","?","R","E","R","M","R","?","R","T","T","T","M","E","R","M","R","M","?","M","?","R","R","BOSS","M","?","M","?","?","?","?","?","?","?","R","E","?","M","E","T","T","E","M","E","?","M","E","R","E","$","$","R","R","R","BOSS","M","?","?","$","$","M","M","R","R","M","$","M","E","T","T","E","?","E","?","R","?","M","E","?","?","R","R","BOSS","BOSS","R","$","$","E","BOSS"],"items_purchased_type":["Card","Card","Relic","Relic","Card","Relic","Card"],"build_version":"2020-12-22","purchased_purges":3,"victory":true,"max_hp_per_floor":[66,66,66,66,66,66,66,66,66,66,66,66,66,66,66,66,66,66,66,66,66,66,66,66,66,66,66,66,66,66,66,66,66,66,66,66,66,66,66,66,66,66,66,66,66,66,66,66,66,66,66,66,66,66,66,66,66,66,66,66,66,66,66,66,66,66,66,66,66,66,66,66,66,66,66,66,66,66,66,66,66,66,66,66,66,66,66,66,66,66,66,66,66,66,66,66,66],"relic_stats":{"Happy Flower":[21],"Gremlin Horn":[5,5],"counters":[40,127],"Astrolabe":["Outmaneuver","Infinite Blades","Dagger Throw"],"Tingsha":[353],"Bag of Preparation":[0],"Ginger":[3],"Lizard Tail":0,"Sundial":[12],"Pantograph":51,"Art of War":[2],"obtain_stats":[{"Lantern":56,"Gremlin Horn":76,"Vajra":96,"Bag of Preparation":48,"Ginger":85,"Lizard Tail":87,"WristBlade":62,"Ninja Scroll":4,"Sundial":19,"Pantograph":53,"Toxic Egg 2":17,"InkBottle":75,"Ring of the Snake":0,"The Specimen":45,"Happy Flower":46,"Astrolabe":30,"Oddly Smooth Stone":57,"Tingsha":9,"Frozen Egg 2":42,"CaptainsWheel":77,"Art of War":78,"Bottled Lightning":15,"Membership Card":94,"Unceasing Top":16,"FossilizedHelix":50,"Meat on the Bone":47,"Pocketwatch":83},{"Lantern":25,"Gremlin Horn":31,"Vajra":39,"Bag of Preparation":20,"Ginger":36,"Lizard Tail":36,"WristBlade":26,"Ninja Scroll":2,"Sundial":8,"Pantograph":25,"Toxic Egg 2":6,"InkBottle":31,"Ring of the Snake":0,"The Specimen":19,"Happy Flower":19,"Astrolabe":12,"Oddly Smooth Stone":25,"Tingsha":5,"Frozen Egg 2":17,"CaptainsWheel":31,"Art of War":32,"Bottled Lightning":6,"Membership Card":38,"Unceasing Top":6,"FossilizedHelix":22,"Meat on the Bone":19,"Pocketwatch":34},{"Lantern":78,"Gremlin Horn":95,"Vajra":120,"Bag of Preparation":65,"Ginger":107,"Lizard Tail":107,"WristBlade":84,"Ninja Scroll":9,"Sundial":27,"Pantograph":78,"Toxic Egg 2":24,"InkBottle":95,"Ring of the Snake":0,"The Specimen":62,"Happy Flower":62,"Astrolabe":40,"Oddly Smooth Stone":78,"Tingsha":22,"Frozen Egg 2":53,"CaptainsWheel":95,"Art of War":96,"Bottled Lightning":24,"Membership Card":117,"Unceasing Top":24,"FossilizedHelix":71,"Meat on the Bone":62,"Pocketwatch":98}],"Unceasing Top":[38],"InkBottle":[32],"Ring of the Snake":[80],"Meat on the Bone":96,"Pocketwatch":[6]},"card_choices":[{"not_picked":["Underhanded Strike","Bane"],"picked":"Dash","floor":0.0},{"not_picked":["Backflip","Flying Knee"],"picked":"Blade Dance","floor":1.0},{"not_picked":["Dodge and Roll","Slice","Flying Knee"],"picked":"SKIP","floor":2.0},{"not_picked":["Dodge and Roll","Blade Dance"],"picked":"A Thousand Cuts","floor":5.0},{"not_picked":["Caltrops","Dagger Spray"],"picked":"Backstab","floor":6.0},{"not_picked":["Prepared","Acrobatics","Deadly Poison"],"picked":"SKIP","floor":9.0},{"not_picked":["Bane","Distraction","Poisoned Stab"],"picked":"SKIP","floor":11.0},{"not_picked":["Quick Slash","Masterful Stab","Sucker Punch"],"picked":"SKIP","floor":18.0},{"not_picked":["Blur+1","Glass Knife"],"picked":"Prepared+1","floor":19.0},{"not_picked":["Acrobatics+1","Choke","Setup+1"],"picked":"SKIP","floor":21.0},{"not_picked":["Deflect+1","Calculated Gamble+1","Deadly Poison+1"],"picked":"SKIP","floor":23.0},{"not_picked":["Heel Hook","Underhanded Strike"],"picked":"Finisher","floor":25.0},{"not_picked":["Phantasmal Killer+1","Die Die Die"],"picked":"Storm of Steel+1","floor":29.0},{"not_picked":["Sucker Punch","Prepared+1","Slice"],"picked":"SKIP","floor":31.0},{"not_picked":["Finisher","Bane","Blur+1"],"picked":"SKIP","floor":33.0},{"not_picked":["Calculated Gamble+1","Bane+1","Underhanded Strike"],"picked":"SKIP","floor":34.0},{"not_picked":["Poisoned Stab","Quick Slash","Flying Knee"],"picked":"SKIP","floor":37.0},{"not_picked":["Dodge and Roll+1","Outmaneuver+1","Choke"],"picked":"SKIP","floor":42.0},{"not_picked":["Catalyst+1","Underhanded Strike"],"picked":"Cloak And Dagger+1","floor":44.0},{"not_picked":["Heel Hook","Cloak And Dagger+1"],"picked":"Phantasmal Killer+1","floor":45.0},{"not_picked":["Eviscerate","Underhanded Strike"],"picked":"Bullet Time+1","floor":48.0},{"not_picked":["Dagger Throw","Caltrops+1","Deadly Poison+1"],"picked":"SKIP","floor":49.0},{"not_picked":["Bane","Backflip+1","Distraction+1"],"picked":"SKIP","floor":50.0},{"not_picked":["PiercingWail+1","Dodge and Roll+1"],"picked":"Blade Dance+1","floor":51.0},{"not_picked":["Choke","Acrobatics+1","Noxious Fumes+1"],"picked":"SKIP","floor":52.0},{"not_picked":["Masterful Stab","Die Die Die","Noxious Fumes+1"],"picked":"SKIP","floor":53.0},{"not_picked":["Storm of Steel+1","Unload"],"picked":"Adrenaline+1","floor":61.0},{"not_picked":["Bane","Backflip+1","Dash"],"picked":"SKIP","floor":63.0},{"not_picked":["Distraction+1","Bane","Deadly Poison+1"],"picked":"SKIP","floor":68.0},{"not_picked":["Setup+1","Quick Slash+1","Dagger Spray"],"picked":"SKIP","floor":69.0},{"not_picked":["Deflect+1","Blade Dance+1","Backflip+1"],"picked":"SKIP","floor":72.0},{"not_picked":["Endless Agony+1","Phantasmal Killer+1","Noxious Fumes+1"],"picked":"SKIP","floor":75.0},{"not_picked":["Poisoned Stab","Underhanded Strike","Slice"],"picked":"SKIP","floor":78.0},{"not_picked":["Slice","Deadly Poison+1","Acrobatics+1"],"picked":"SKIP","floor":79.0},{"not_picked":["Well Laid Plans+1","Bouncing Flask+1","PiercingWail+1"],"picked":"SKIP","floor":84.0},{"not_picked":["Crippling Poison+1","Bane+1","PiercingWail+1"],"picked":"SKIP","floor":85.0},{"not_picked":["Choke+1","Deadly Poison+1"],"picked":"After Image+1","floor":96.0}],"player_experience":460022,"relics_obtained":[{"floor":9.0,"key":"Tingsha"},{"floor":15.0,"key":"Bottled Lightning"},{"floor":16.0,"key":"Unceasing Top"},{"floor":17.0,"key":"Toxic Egg 2"},{"floor":19.0,"key":"Sundial"},{"floor":42.0,"key":"Frozen Egg 2"},{"floor":45.0,"key":"The Specimen"},{"floor":46.0,"key":"Happy Flower"},{"floor":47.0,"key":"Meat on the Bone"},{"floor":48.0,"key":"Bag of Preparation"},{"floor":50.0,"key":"FossilizedHelix"},{"floor":53.0,"key":"Pantograph"},{"floor":75.0,"key":"InkBottle"},{"floor":76.0,"key":"Gremlin Horn"},{"floor":77.0,"key":"CaptainsWheel"},{"floor":78.0,"key":"Art of War"},{"floor":83.0,"key":"Pocketwatch"},{"floor":85.0,"key":"Ginger"},{"floor":87.0,"key":"Lizard Tail"},{"floor":96.0,"key":"Vajra"}],"event_choices":[{"damage_healed":0.0,"max_hp_gain":0.0,"max_hp_loss":0.0,"gold_gain":0.0,"event_name":"betterThird:BetterSerpent","player_choice":"Ignored","floor":3.0,"gold_loss":0.0,"damage_taken":134.0},{"damage_healed":0.0,"max_hp_gain":0.0,"max_hp_loss":0.0,"gold_gain":0.0,"event_name":"WeMeetAgain","player_choice":"Paid Gold","floor":4.0,"gold_loss":100.0,"damage_taken":0.0,"relics_obtained":["Ninja Scroll"]},{"damage_healed":14.0,"max_hp_gain":0.0,"max_hp_loss":66.0,"gold_gain":0.0,"event_name":"betterThird:BetterShining","player_choice":"Leave","floor":13.0,"gold_loss":0.0,"damage_taken":0.0},{"damage_healed":0.0,"max_hp_gain":0.0,"max_hp_loss":0.0,"gold_gain":0.0,"event_name":"Duplicator","player_choice":"Ignored","floor":32.0,"gold_loss":0.0,"damage_taken":0.0},{"damage_healed":0.0,"max_hp_gain":0.0,"max_hp_loss":0.0,"gold_gain":0.0,"event_name":"The Mausoleum","player_choice":"Ignored","floor":35.0,"gold_loss":0.0,"damage_taken":0.0},{"cards_removed":["Strike_G"],"damage_healed":0.0,"max_hp_gain":0.0,"max_hp_loss":0.0,"gold_gain":0.0,"event_name":"Purifier","player_choice":"Purged","floor":36.0,"gold_loss":0.0,"damage_taken":0.0},{"damage_healed":0.0,"max_hp_gain":0.0,"max_hp_loss":0.0,"gold_gain":50.0,"event_name":"FaceTrader","player_choice":"Touch","floor":43.0,"gold_loss":0.0,"damage_taken":6.0},{"damage_healed":0.0,"max_hp_gain":0.0,"max_hp_loss":0.0,"gold_gain":0.0,"event_name":"SensoryStone","player_choice":"Memory 1","floor":64.0,"gold_loss":0.0,"damage_taken":0.0},{"damage_healed":0.0,"max_hp_gain":0.0,"max_hp_loss":0.0,"gold_gain":0.0,"event_name":"Winding Halls","player_choice":"Embrace Madness","floor":65.0,"gold_loss":0.0,"damage_taken":12.0,"cards_obtained":["Madness","Madness"]},{"cards_removed":["Strike_G"],"damage_healed":0.0,"max_hp_gain":0.0,"max_hp_loss":0.0,"gold_gain":0.0,"event_name":"Falling","player_choice":"Removed Attack","floor":81.0,"gold_loss":0.0,"damage_taken":0.0},{"damage_healed":0.0,"max_hp_gain":0.0,"max_hp_loss":0.0,"gold_gain":0.0,"event_name":"Mysterious Sphere","player_choice":"Fight","floor":83.0,"gold_loss":0.0,"damage_taken":0.0}],"is_beta":false,"boss_relics":[{"not_picked":["Busted Crown","Calling Bell"],"picked":"Astrolabe"},{"not_picked":["Pandora\u0027s Box","Black Star"],"picked":"WristBlade"}],"items_purged_floors":[26,57,94],"is_endless":false,"potions_floor_spawned":[5,11,18,23,25,31,33,37,44,48,50,52,72,78,83,84,96],"ascension_level":20}}