{"host":"jpcy2bclvs7juczu","time":1609809050,"event":{"mods":["AchievementEnabler","BaseMod","Block Reminder","Colored Powertips","Minty Spire (QoL Compilation)","Quick Restart","Relic Stats","ojb\u0027s Better Paths Mod","ojb\u0027s Info Mod","slay the spire mod where everything is the same but ironclad has a cowboy hat"],"gold_per_floor":[116,135,155,172,11,43,43,77,77,107,107,122,139,164,164,164,164],"floor_reached":16,"playtime":460,"items_purged":[],"score":314,"play_id":"047dd080-18ae-4ef4-9829-20de58ca4e31","local_time":"20210105011050","is_ascension_mode":true,"campfire_choices":[{"data":"Perfected Strike","floor":7,"key":"SMITH"},{"data":"Bash","floor":15,"key":"SMITH"}],"circlet_count":0,"master_deck":["AscendersBane","Strike_R","Strike_R","Strike_R","Strike_R","Strike_R","Defend_R","Defend_R","Defend_R+1","Defend_R","Bash+1","Twin Strike","Perfected Strike+1","Ghostly Armor","Hemokinesis","Wild Strike","Feel No Pain","Carnage+1","Flame Barrier","Anger"],"relics":["Burning Blood","NeowsBlessing","Akabeko","Letter Opener","Ornamental Fan","Pear","Bottled Tornado","The Courier"],"acts_visited":["Exordium"],"potions_floor_usage":[10,14,14],"damage_taken":[{"damage":0,"enemies":"Jaw Worm","floor":1,"turns":1},{"damage":0,"enemies":"Small Slimes","floor":2,"turns":1},{"damage":0,"enemies":"2 Louse","floor":3,"turns":1},{"damage":5,"enemies":"2 Fungi Beasts","floor":4,"turns":4},{"damage":28,"enemies":"Gremlin Nob","floor":6,"turns":4},{"damage":22,"enemies":"3 Sentries","floor":8,"turns":5},{"damage":1,"enemies":"Gremlin Nob","floor":10,"turns":3},{"damage":6,"enemies":"Exordium Wildlife","floor":12,"turns":4},{"damage":4,"enemies":"Large Slime","floor":13,"turns":4},{"damage":2,"enemies":"Lagavulin","floor":14,"turns":2},{"damage":34,"enemies":"Slime Boss","floor":16,"turns":7}],"seed_played":"-7711441053027415664","potions_obtained":[{"floor":6,"key":"SteroidPotion"},{"floor":8,"key":"SpeedPotion"},{"floor":10,"key":"SteroidPotion"},{"floor":12,"key":"FearPotion"}],"is_trial":false,"path_per_floor":["M","M","M","M","$","E","R","E","T","E","?","M","M","E","R","B"],"character_chosen":"IRONCLAD","items_purchased":["Akabeko"],"campfire_rested":0,"item_purchase_floors":[5],"current_hp_per_floor":[74,75,75,75,75,53,53,37,47,52,26,26,28,32,32,0,0],"gold":164,"neow_bonus":"THREE_ENEMY_KILL","is_daily":false,"chose_seed":false,"campfire_upgraded":2,"win_rate":0.0,"timestamp":1609809050,"path_taken":["M","M","M","M","$","E","R","E","T","E","?","M","M","E","R","BOSS"],"items_purchased_type":["Relic"],"build_version":"2020-12-22","purchased_purges":0,"victory":false,"max_hp_per_floor":[75,75,75,75,75,75,75,75,85,85,85,85,85,85,85,85,85],"relic_stats":{"counters":[11,36],"Ornamental Fan":[8],"Letter Opener":[0],"obtain_stats":[{"Pear":9,"NeowsBlessing":0,"Ornamental Fan":8,"The Courier":14,"Letter Opener":6,"Bottled Tornado":10,"Burning Blood":0,"Akabeko":5},{"Pear":6,"NeowsBlessing":0,"Ornamental Fan":6,"The Courier":10,"Letter Opener":5,"Bottled Tornado":7,"Burning Blood":0,"Akabeko":4},{"Pear":16,"NeowsBlessing":0,"Ornamental Fan":16,"The Courier":29,"Letter Opener":11,"Bottled Tornado":19,"Burning Blood":0,"Akabeko":7}],"Burning Blood":48},"card_choices":[{"not_picked":["Sword Boomerang","Armaments"],"picked":"Twin Strike","floor":1},{"not_picked":["Headbutt","Iron Wave"],"picked":"Perfected Strike","floor":2},{"not_picked":["Bloodletting","Disarm"],"picked":"Ghostly Armor","floor":3},{"not_picked":["Infernal Blade","Clash"],"picked":"Hemokinesis","floor":4},{"not_picked":["Disarm","Havoc"],"picked":"Wild Strike","floor":6},{"not_picked":["Clothesline","Wild Strike"],"picked":"Feel No Pain","floor":8},{"not_picked":["Blood for Blood","Entrench"],"picked":"Carnage","floor":10},{"not_picked":["Iron Wave","Headbutt"],"picked":"Flame Barrier","floor":12},{"not_picked":["Brutality","Body Slam","Carnage"],"picked":"SKIP","floor":13},{"not_picked":["Havoc","Perfected Strike"],"picked":"Anger","floor":14}],"player_experience":179089,"relics_obtained":[{"floor":6,"key":"Letter Opener"},{"floor":8,"key":"Ornamental Fan"},{"floor":9,"key":"Pear"},{"floor":10,"key":"Bottled Tornado"},{"floor":14,"key":"The Courier"}],"event_choices":[{"damage_healed":0,"gold_gain":0,"player_choice":"Entered Light","damage_taken":26,"max_hp_gain":0,"max_hp_loss":0,"event_name":"Shining Light","floor":11,"gold_loss":0,"cards_upgraded":["Defend_R","Carnage"]}],"is_beta":false,"boss_relics":[],"items_purged_floors":[],"is_endless":false,"potions_floor_spawned":[6,8,10,12,13],"killed_by":"Slime Boss","ascension_level":20}}