{"host":"eqn7luyqlbzuqhgd","time":1609844106,"event":{"mods":["2.2 Compatiblity","Act Like it!","BaseMod","CapriCore","Friendly Minions","Hermit","Koishi","KomeijiMod","Marisa£¨Ùöéë¡¡Øª×âÞÞ£©","Minty Spire (QoL Compilation)","Reimu£¨ÚÏ???£©","StSLib","The Cursed","The Dragon Tamer","The Gatherer","The Immortal","The Poker Player"],"gold_per_floor":[115,40,55,71,92,131,131,146,146,185,210,210,247,265,265,360,360,386,301,301,301,326,326,361,361,407,434,466,491,538,105,105,217,217,266,266,266,141,190,215,215,290,343,355,355,372,372,383,383,390],"floor_reached":51,"playtime":9664,"items_purged":["hermit:Defend_Hermit","Pain","Bite"],"score":973,"play_id":"3eb615f7-a487-479a-931d-45695a396bc4","local_time":"20210105195506","is_ascension_mode":true,"campfire_choices":[{"data":"hermit:HeroicBravado","floor":7,"key":"SMITH"},{"data":"hermit:CalledShot","floor":12,"key":"SMITH"},{"data":"hermit:Dive","floor":15,"key":"SMITH"},{"data":"hermit:DeadOrAlive","floor":23,"key":"SMITH"},{"data":"hermit:Scavenge","floor":25,"key":"SMITH"},{"data":"hermit:DeadMansHand","floor":32,"key":"SMITH"},{"data":"hermit:CalledShot","floor":41,"key":"SMITH"},{"data":"hermit:LuckOfTheDraw","floor":45,"key":"SMITH"},{"data":"GradualImprovement","floor":47,"key":"SMITH"},{"data":"hermit:LuckOfTheDraw","floor":49,"key":"SMITH"}],"circlet_count":0,"master_deck":["hermit:Snapshot","hermit:Covet","hermit:Scavenge+1","hermit:Gestalt","hermit:Dive+1","hermit:HeroicBravado+1","hermit:CalledShot+1","hermit:NoHoldsBarred","hermit:Roulette","hermit:DeadOrAlive+1","hermit:Dive+1","Bite","Bite","Bite","Bite","hermit:Enervate","hermit:DeadMansHand+1","hermit:LuckOfTheDraw+1","hermit:CalledShot+1","hermit:Scavenge+1","hermit:Gestalt+1","hermit:Horror+1","hermit:FlashPowder+1","GradualImprovement+1","Violence","hermit:FlashPowder+1","hermit:LuckOfTheDraw+1"],"relics":["Philosopher\u0027s Stone","Boot","hermit:Horseshoe","Torii","HornCleat","RedLine:ReiMu","MealTicket","WarpedTongs","Shuriken","Strawberry","MawBank","Chemical X","Astrolabe","CrazyTorch:ReiMu","Dream Catcher","Happy Flower"],"acts_visited":["Exordium","TheCity","TheBeyond"],"potions_floor_usage":[6,24,29,31,42,42,50,50],"damage_taken":[{"damage":2.0,"enemies":"Cultist","floor":1.0,"turns":3.0},{"damage":8.0,"enemies":"Jaw Worm","floor":3.0,"turns":2.0},{"damage":1,"enemies":"Small Slimes","floor":4,"turns":3},{"damage":15,"enemies":"Gremlin Gang","floor":5,"turns":6},{"damage":11,"enemies":"3 Sentries","floor":6,"turns":10},{"damage":0,"enemies":"2 Fungi Beasts","floor":8,"turns":4},{"damage":4,"enemies":"Gremlin Nob","floor":10,"turns":6},{"damage":7,"enemies":"Large Slime","floor":11,"turns":5},{"damage":2,"enemies":"Lagavulin","floor":13,"turns":6},{"damage":1,"enemies":"Red Slaver","floor":14,"turns":3},{"damage":16,"enemies":"The Guardian","floor":16,"turns":11},{"damage":6,"enemies":"3 Byrds","floor":18,"turns":4},{"damage":5,"enemies":"Shell Parasite","floor":22,"turns":6},{"damage":23,"enemies":"Book of Stabbing","floor":24,"turns":7},{"damage":11,"enemies":"Chosen and Byrds","floor":27,"turns":7},{"damage":14,"enemies":"Cultist and Chosen","floor":28,"turns":5},{"damage":0,"enemies":"Slavers","floor":29,"turns":1},{"damage":2,"enemies":"3 Cultists","floor":30,"turns":4},{"damage":1,"enemies":"Champ","floor":33,"turns":7},{"damage":1,"enemies":"Orb Walker","floor":35,"turns":3},{"damage":0,"enemies":"3 Shapes","floor":39,"turns":5},{"damage":12,"enemies":"Reptomancer","floor":40,"turns":5},{"damage":3,"enemies":"Nemesis","floor":42,"turns":3},{"damage":2,"enemies":"Transient","floor":44,"turns":5},{"damage":0,"enemies":"Maw","floor":46,"turns":4},{"damage":0,"enemies":"3 Darklings","floor":48,"turns":2},{"damage":48,"enemies":"Time Eater","floor":50,"turns":6}],"seed_played":"4680014363656526807","potions_obtained":[{"floor":1.0,"key":"SpeedPotion"},{"floor":5,"key":"DistilledChaos"},{"floor":6,"key":"Fire Potion"},{"floor":10,"key":"Block Potion"},{"floor":14,"key":"Regen Potion"},{"floor":16,"key":"DuplicationPotion"},{"floor":27,"key":"Weak Potion"},{"floor":28,"key":"AttackPotion"},{"floor":35,"key":"AttackPotion"},{"floor":44,"key":"ZuzhouPotion:ReiMu"},{"floor":48,"key":"Swift Potion"}],"is_trial":false,"path_per_floor":["M","$","M","M","M","E","R","M","T","E","M","R","E","M","R","B",null,"M","?","?","?","M","R","E","R","T","M","M","E","M","$","R","B",null,"M","?","?","$","M","E","R","E","T","M","R","M","R","M","R","B",null],"character_chosen":"HERMIT","items_purchased":["hermit:LuckOfTheDraw","Chemical X","hermit:CalledShot","Fruit Juice"],"campfire_rested":0,"item_purchase_floors":[31,31,31,31],"current_hp_per_floor":[73,73,65,64,49,38,38,38,38,34,27,27,25,24,24,8,75,69,69,52,52,52,52,39,39,46,52,55,57,59,64,64,63,64,63,53,53,64,64,60,60,64,64,64,64,64,64,64,64,25],"gold":390,"neow_bonus":"BOSS_RELIC","is_daily":false,"chose_seed":false,"campfire_upgraded":10,"win_rate":0.0,"timestamp":1609844106,"path_taken":["M","$","M","M","M","E","R","M","T","E","M","R","E","M","R","BOSS","M","?","?","?","?","R","E","R","T","M","M","E","M","$","R","BOSS","M","?","?","$","M","E","R","E","T","M","R","M","R","M","R","BOSS"],"items_purchased_type":["Card","Relic","Card","Potion"],"build_version":"2020-12-22","purchased_purges":3,"victory":true,"max_hp_per_floor":[75,75,75,75,75,75,75,75,75,75,75,75,75,75,75,75,75,75,75,52,52,52,52,52,52,59,59,59,59,59,64,64,64,64,64,64,64,64,64,64,64,64,64,64,64,64,64,64,64,64],"card_choices":[{"not_picked":["hermit:Manifest","hermit:SprayPray"],"picked":"hermit:Scavenge","floor":1.0},{"not_picked":["hermit:WideOpen","hermit:TrackingShot"],"picked":"hermit:Gestalt","floor":3.0},{"not_picked":["hermit:Coalescence","hermit:Feint"],"picked":"hermit:Dive","floor":4},{"not_picked":["hermit:Midnight","hermit:Feint","hermit:BodyArmor"],"picked":"SKIP","floor":5},{"not_picked":["hermit:Malice","hermit:WideOpen"],"picked":"hermit:HeroicBravado","floor":6},{"not_picked":["hermit:Manifest","hermit:Grudge","hermit:Ricochet"],"picked":"SKIP","floor":8},{"not_picked":["hermit:Quickdraw","hermit:Determination"],"picked":"hermit:CalledShot","floor":10},{"not_picked":["hermit:TakeAim","hermit:TrackingShot","hermit:HighCaliber"],"picked":"SKIP","floor":11},{"not_picked":["hermit:GoldenBullet","hermit:Ricochet"],"picked":"hermit:NoHoldsBarred","floor":13},{"not_picked":["hermit:Grudge","hermit:BodyArmor"],"picked":"hermit:Roulette","floor":14},{"not_picked":["hermit:Dissolve","hermit:Purgatory"],"picked":"hermit:DeadOrAlive","floor":16},{"not_picked":["hermit:BigShot+1","hermit:Quickdraw"],"picked":"hermit:Dive+1","floor":18},{"not_picked":["hermit:HighCaliber","hermit:Snipe"],"picked":"hermit:Enervate","floor":22},{"not_picked":["hermit:Deadeye","hermit:FinalCanter","hermit:Grudge"],"picked":"SKIP","floor":24},{"not_picked":["hermit:TakeAim","hermit:Ricochet","hermit:Snipe"],"picked":"SKIP","floor":27},{"not_picked":["hermit:Quickdraw","hermit:FatalDesire"],"picked":"hermit:DeadMansHand","floor":28},{"not_picked":["hermit:FinalCanter","hermit:Combo","hermit:BodyArmor"],"picked":"SKIP","floor":29},{"not_picked":["hermit:BigShot","hermit:WideOpen","hermit:Shortfuse+1"],"picked":"SKIP","floor":30},{"not_picked":["hermit:PistolWhip","hermit:TrackingShot+1"],"picked":"hermit:FlashPowder+1","floor":35},{"not_picked":["Mayhem","Metamorphosis"],"picked":"GradualImprovement","floor":36},{"not_picked":["Finesse","Magnetism"],"picked":"Violence","floor":36},{"not_picked":["hermit:Brawl+1","hermit:BigShot","hermit:Coalescence"],"picked":"SKIP","floor":39},{"not_picked":["hermit:Roulette","hermit:SprayPray","hermit:Feint+1"],"picked":"SKIP","floor":40},{"not_picked":["hermit:SprayPray","hermit:Spite+1"],"picked":"hermit:FlashPowder+1","floor":42},{"not_picked":["hermit:Deadeye+1","hermit:DeadMansHand+1","hermit:Roulette"],"picked":"SKIP","floor":44},{"not_picked":["hermit:Spite+1","hermit:Desperado+1","hermit:Cheat"],"picked":"SKIP","floor":46},{"not_picked":["hermit:PistolWhip+1","hermit:HoleUp+1"],"picked":"hermit:LuckOfTheDraw","floor":48}],"player_experience":788876,"relics_obtained":[{"floor":6,"key":"Boot"},{"floor":9,"key":"hermit:Horseshoe"},{"floor":10,"key":"Torii"},{"floor":13,"key":"HornCleat"},{"floor":24,"key":"Shuriken"},{"floor":26,"key":"Strawberry"},{"floor":29,"key":"MawBank"},{"floor":40,"key":"CrazyTorch:ReiMu"},{"floor":42,"key":"Dream Catcher"},{"floor":43,"key":"Happy Flower"}],"event_choices":[{"damage_healed":0,"gold_gain":0,"player_choice":"Obtained Relic","damage_taken":0,"relics_obtained":["MealTicket"],"max_hp_gain":0,"max_hp_loss":0,"event_name":"Addict","floor":19,"gold_loss":85},{"damage_healed":0,"gold_gain":0,"player_choice":"Became a vampire","damage_taken":0,"max_hp_gain":0,"max_hp_loss":23,"event_name":"Vampires","floor":20,"gold_loss":0,"cards_obtained":["Bite","Bite","Bite","Bite","Bite"]},{"damage_healed":0,"gold_gain":0,"player_choice":"Rummage","damage_taken":0,"relics_obtained":["WarpedTongs"],"max_hp_gain":0,"max_hp_loss":0,"event_name":"Accursed Blacksmith","floor":21,"gold_loss":0,"cards_obtained":["Pain"]},{"damage_healed":0,"gold_gain":0,"player_choice":"Memory 3","damage_taken":10,"max_hp_gain":0,"max_hp_loss":0,"event_name":"SensoryStone","floor":36,"gold_loss":0},{"damage_healed":0,"gold_gain":0,"player_choice":"Ignored","damage_taken":0,"max_hp_gain":0,"max_hp_loss":0,"event_name":"Tomb of Lord Red Mask","floor":37,"gold_loss":0}],"is_beta":false,"boss_relics":[{"not_picked":["Snecko Eye","Empty Cage"],"picked":"RedLine:ReiMu"},{"not_picked":["SacredBark","Pandora\u0027s Box"],"picked":"Astrolabe"}],"items_purged_floors":[2,31,38],"is_endless":false,"potions_floor_spawned":[1,5,6,10,14,16,27,28,35,44,48],"ascension_level":4}}