{"host":"8z6cx8b9r5qs18cp","time":1609887827,"event":{"mods":["AchievementEnabler","Act Like it!","Bard","BaseMod","GifTheSpireLib","Googly Eyes","Hermit","Hubris","Infinite Spire","Marked Mod","Minty Spire (QoL Compilation)","Permanent Neow","Rare Cards Sparkle","Relic Stats","Replay The Spire","StSLib","Stuff the Spire","The Animator","The Bug Knight","The Cursed","The Necromancer","The Servant 0.9.4"],"gold_per_floor":[118,135,16,16,16,45,45,64,64,75,75,89,89,109,109,208,308,325,325,344,358,371,371,371],"floor_reached":23,"playtime":2704,"items_purged":[],"score":195,"play_id":"b35af52b-3507-4c5e-9594-d92a01055399","local_time":"20210105170347","is_ascension_mode":false,"campfire_choices":[{"floor":7,"key":"REST"},{"floor":11,"key":"REST"},{"floor":15,"key":"REST"}],"circlet_count":0,"master_deck":["Strike_R","Strike_R","Strike_R","Strike_R","Defend_R","Defend_R","Defend_R","Defend_R","Bash","ReplayReversal","Demon Form","Twin Strike","True Grit","Flex","StuffTheSpire:CuriosityCurse","Seeing Red","Wild Strike+1","Anger+1","Perfected Strike+1","Sword Boomerang+1","Clash+1","Demon Form","Perfected Strike+1","infinitespire:Gouge+1","StuffTheSpire:Incineration+1","Reckless Charge+1"],"relics":["Sozu","Pen Nib","Molten Egg 2","Replay:Grab Bag","Replay:Wanted Poster","hubris:TerracottaHorce","Runic Cube","infinitespire:Magic Flask"],"acts_visited":["Exordium","TheCity"],"potions_floor_usage":[],"damage_taken":[{"damage":5,"enemies":"Small Slimes","floor":1,"turns":3},{"damage":1,"enemies":"Cultist","floor":2,"turns":3},{"damage":33,"enemies":"Lagavulin","floor":6,"turns":9},{"damage":11,"enemies":"Jaw Worm","floor":8,"turns":3},{"damage":23,"enemies":"Gremlin Gang","floor":10,"turns":6},{"damage":11,"enemies":"2 Fungi Beasts","floor":12,"turns":4},{"damage":0,"enemies":"Red Slaver","floor":14,"turns":1},{"damage":47,"enemies":"The Guardian","floor":16,"turns":7},{"damage":6,"enemies":"3 Byrds","floor":18,"turns":4},{"damage":7,"enemies":"Chosen","floor":20,"turns":3},{"damage":32,"enemies":"Centurion and Healer","floor":21,"turns":4},{"damage":17,"enemies":"Snake Plant","floor":22,"turns":2},{"damage":18,"enemies":"Shelled Parasite and Fungi","floor":23,"turns":1}],"seed_played":"7653788587166672656","potions_obtained":[],"is_trial":false,"path_per_floor":["M","M","$","?","?","E","R","M","T","M","R","M","?","M","R","B",null,"M","AVR","M","M","M","M"],"character_chosen":"IRONCLAD","items_purchased":["Twin Strike","True Grit","Flex"],"campfire_rested":3,"item_purchase_floors":[3,3,3],"current_hp_per_floor":[75,74,74,74,74,41,65,54,54,31,55,44,44,44,68,21,65,59,59,52,20,3,0,0],"gold":371,"neow_bonus":"BOSS_RELIC","is_daily":false,"chose_seed":false,"campfire_upgraded":0,"win_rate":0.0,"timestamp":1609887827,"path_taken":["M","M","$","?","?","E","R","M","T","?","R","M","?","M","R","BOSS","M","AVR","?","?","M","M"],"items_purchased_type":["Card","Card","Card"],"build_version":"2020-12-22","purchased_purges":0,"victory":false,"max_hp_per_floor":[80,80,80,80,80,80,80,80,80,80,80,80,80,80,80,80,80,80,80,80,80,80,80,80],"relic_stats":{"Sozu":11,"counters":[13,50],"Pen Nib":[7],"obtain_stats":[{"Sozu":0,"Replay:Wanted Poster":17,"Replay:Grab Bag":17,"Molten Egg 2":6,"Pen Nib":4,"infinitespire:Magic Flask":19,"Burning Blood":0,"hubris:TerracottaHorce":17,"Runic Cube":17},{"Sozu":0,"Replay:Wanted Poster":8,"Replay:Grab Bag":8,"Molten Egg 2":3,"Pen Nib":2,"infinitespire:Magic Flask":9,"Burning Blood":0,"hubris:TerracottaHorce":8,"Runic Cube":8},{"Sozu":0,"Replay:Wanted Poster":36,"Replay:Grab Bag":36,"Molten Egg 2":15,"Pen Nib":6,"infinitespire:Magic Flask":40,"Burning Blood":0,"hubris:TerracottaHorce":36,"Runic Cube":36}],"Runic Cube":[11]},"card_choices":[{"not_picked":["True Grit","ReplayTheSpireMod:Strike From Hell"],"picked":"ReplayReversal","floor":1},{"not_picked":["Clash","ReplayTheSpireMod:Strike From Hell"],"picked":"Demon Form","floor":2},{"not_picked":["Replay:Undeath\u0027s Touch+1","Iron Wave+1"],"picked":"Wild Strike+1","floor":6},{"not_picked":["Havoc","Battle Trance"],"picked":"Anger+1","floor":8},{"not_picked":["Havoc","StuffTheSpire:RockThrow+1"],"picked":"Perfected Strike+1","floor":10},{"not_picked":["StuffTheSpire:Slingshot+1","StuffTheSpire:RockThrow+1"],"picked":"Sword Boomerang+1","floor":12},{"not_picked":["Sentinel","Warcry"],"picked":"Clash+1","floor":14},{"not_picked":["Juggernaut","Brutality"],"picked":"Demon Form","floor":16},{"not_picked":["Evolve","Rampage+1"],"picked":"Perfected Strike+1","floor":18},{"not_picked":["Pummel+1","Sentinel"],"picked":"StuffTheSpire:Incineration+1","floor":20},{"not_picked":["Havoc+1","StuffTheSpire:RockThrow+1","Hemokinesis+1"],"picked":"SKIP","floor":21},{"not_picked":["ReplayTheSpireMod:Strike From Hell+1","Searing Blow+1"],"picked":"Reckless Charge+1","floor":22}],"player_experience":223543,"relics_obtained":[{"floor":6,"key":"Molten Egg 2"}],"event_choices":[{"damage_healed":0,"gold_gain":0,"cards_transformed":["Strike_R"],"player_choice":"Transformed","damage_taken":0,"max_hp_gain":0,"max_hp_loss":0,"event_name":"Transmorgrifier","floor":5,"gold_loss":0,"cards_obtained":["Seeing Red"]},{"damage_healed":0,"gold_gain":0,"player_choice":"Got Potions","damage_taken":0,"max_hp_gain":0,"max_hp_loss":0,"event_name":"Lab","floor":13,"gold_loss":0}],"is_beta":false,"boss_relics":[{"not_picked":["Busted Crown","SlaversCollar"],"picked":"Replay:Grab Bag"},{"not_picked":["Cursed Key","hubris:GrandSneckoEye"],"picked":"Replay:Wanted Poster"},{"not_picked":["ReplayTheSpireMod:DimensionalGlitch","Coffee Dripper"],"picked":"hubris:TerracottaHorce"},{"not_picked":["Replay:Drink Me","SacredBark"],"picked":"Runic Cube"}],"items_purged_floors":[],"is_endless":false,"potions_floor_spawned":[2,6,10,14,16,18,20,21],"killed_by":"Shelled Parasite and Fungi","ascension_level":0}}