{"host":"g01l53quoe6lrer0","time":1609878878,"event":{"mods":["2.2 Compatiblity","AchievementEnabler","BaseMod","Colored Map","Highlight Path","Keyboard Shortcuts","Minty Spire (QoL Compilation)","Permanent Neow","Quick Restart","StSLib","SuperFastMode","everything is the same but u backflip on backflip"],"gold_per_floor":[123,60,60,82,42,42,71,71,71,97,106,106,126,147,147,147,147],"floor_reached":16,"playtime":381,"items_purged":[],"score":129,"play_id":"348069aa-bc61-41ad-a780-ffeabcaf53e1","local_time":"20210106053438","is_ascension_mode":true,"campfire_choices":[{"data":"Entrench","floor":6,"key":"SMITH"},{"data":"Uppercut","floor":8,"key":"SMITH"},{"data":"Body Slam","floor":12,"key":"SMITH"},{"data":"Metallicize","floor":15,"key":"SMITH"}],"circlet_count":0,"master_deck":["Strike_R+1","Strike_R+1","Strike_R","Strike_R","Defend_R","Defend_R","Defend_R","Defend_R","Bash","Headbutt","Entrench+1","Uppercut+1","Body Slam+1","Power Through","Ghostly Armor","Reaper","Sever Soul","Metallicize+1"],"relics":["Burning Blood","CeramicFish","Bird Faced Urn"],"acts_visited":["Exordium"],"potions_floor_usage":[14,16],"damage_taken":[{"damage":6,"enemies":"Cultist","floor":1,"turns":3},{"damage":1,"enemies":"2 Louse","floor":4,"turns":2},{"damage":12,"enemies":"Jaw Worm","floor":7,"turns":2},{"damage":15,"enemies":"Exordium Thugs","floor":10,"turns":6},{"damage":11,"enemies":"2 Fungi Beasts","floor":13,"turns":4},{"damage":15,"enemies":"Gremlin Gang","floor":14,"turns":4},{"damage":45,"enemies":"Hexaghost","floor":16,"turns":13}],"seed_played":"-3911280744604217051","potions_obtained":[{"floor":4,"key":"SteroidPotion"},{"floor":7,"key":"Energy Potion"},{"floor":14,"key":"BlessingOfTheForge"}],"is_trial":false,"path_per_floor":["M","$","?","M","$","R","M","R","T","M","?","R","M","M","R","B"],"character_chosen":"IRONCLAD","items_purchased":["Entrench","Body Slam"],"campfire_rested":0,"item_purchase_floors":[2,5],"current_hp_per_floor":[72,72,56,61,61,61,55,55,55,46,46,46,49,40,40,4,4],"gold":147,"neow_bonus":"RANDOM_COMMON_RELIC","is_daily":false,"chose_seed":false,"campfire_upgraded":4,"win_rate":0.0,"timestamp":1609878878,"path_taken":["M","?","?","M","?","R","M","R","T","?","?","R","M","M","R","BOSS"],"items_purchased_type":["Card","Card"],"build_version":"2020-12-22","purchased_purges":0,"victory":false,"max_hp_per_floor":[80,80,80,80,80,80,80,80,80,80,80,80,80,80,80,80,80],"card_choices":[{"not_picked":["Wild Strike","Combust"],"picked":"Headbutt","floor":1},{"not_picked":["Spot Weakness","Feel No Pain"],"picked":"Uppercut","floor":4},{"not_picked":["True Grit","Sword Boomerang"],"picked":"Power Through","floor":7},{"not_picked":["Pommel Strike","Battle Trance"],"picked":"Ghostly Armor","floor":10},{"not_picked":["Clash","Anger"],"picked":"Sever Soul","floor":13},{"not_picked":["Uppercut","Headbutt"],"picked":"Metallicize","floor":14}],"player_experience":85185,"relics_obtained":[{"floor":9,"key":"Bird Faced Urn"}],"event_choices":[{"damage_healed":0,"gold_gain":0,"player_choice":"Entered Light","damage_taken":16,"max_hp_gain":0,"max_hp_loss":0,"event_name":"Shining Light","floor":3,"gold_loss":0,"cards_upgraded":["Strike_R","Strike_R"]},{"damage_healed":0,"gold_gain":0,"cards_transformed":["Strike_R"],"player_choice":"Transformed","damage_taken":0,"max_hp_gain":0,"max_hp_loss":0,"event_name":"Transmorgrifier","floor":11,"gold_loss":0,"cards_obtained":["Reaper"]}],"is_beta":false,"boss_relics":[],"items_purged_floors":[],"is_endless":false,"potions_floor_spawned":[4,7,14],"killed_by":"Hexaghost","ascension_level":8}}