{"host":"tb9sfv97irhb8jsq","time":1609875484,"event":{"mods":["Aspiration","BaseMod","Better Altar","Better Match","Better Note","Better Skull","Better Third Choice","BetterRewards","Colored Powertips","Colorless Booster Pack","Conspire","Dota2Spire","Energized Spire","Exacting","GifTheSpireLib","Halation","Hubris","Infinite Spire","Minty Spire (QoL Compilation)","RatMod","Replay The Spire","Shop Mod","Spicy Shops","Spikes Relics","StSLib","Stuff the Spire","SuperFastMode","Trackpad","vexMod"],"gold_per_floor":[119,130,130,150,168,168,183,216,216,216,347,347,377,389,389,488,488,499,514,533,5,5,39,39,73,97,22,54,54,54,67,67,268,318,336,39,57,73,103,103,114,114,114,133,159,177,196,196,196,196,196],"floor_reached":50,"playtime":4739,"items_purged":["Strike_P"],"score":812,"play_id":"5106bc10-123f-4c45-bcc2-df059e5cd279","local_time":"20210105223804","is_ascension_mode":true,"campfire_choices":[{"data":"Eruption","floor":6,"key":"SMITH"},{"data":"Vault","floor":10,"key":"SMITH"},{"floor":15,"key":"REST"},{"data":"Panache","floor":24,"key":"SMITH"},{"floor":32,"key":"REST"},{"data":"Replay:Battleflow","floor":40,"key":"SMITH"},{"data":"Ragnarok","floor":42,"key":"SMITH"},{"floor":49,"key":"REST"}],"circlet_count":0,"master_deck":["Strike_P+1","Strike_P","Strike_P","Defend_P+1","Defend_P","Defend_P","Defend_P+1","Eruption+1","Vigilance+1","CBP: MannCoSupplyCrateSeries3","CBP: MannCoSupplyCrateSeries3+1","Consecrate+1","Fasting2","EmptyMind+1","FollowUp","CrushJoints","CutThroughFate","Crescendo","FearNoEvil+1","Vault+1","Replay:Hum","Protect","Scrawl+1","WreathOfFlame","Halt","LessonLearned+1","Judgement","DeusExMachina","JustLucky","SashWhip+1","ClearTheMind","Replay:BluntJabs","Panache+1","Offering+1","DeceiveReality","CarveReality+1","Conclude+1","Replay:AtTheReady+1","ClearTheMind+1","Ragnarok+1","Replay:Battleflow+1","Scrawl","PathToVictory","Protect+1","MentalFortress+1","ClearTheMind+1","ClearTheMind+1","Vengeance+1","Tantrum","Alpha","InnerPeace+1"],"relics":["PureWater","HornCleat","DollysMirror","Dota2Spire:ShivaGuard","hubris:Icosahedron","hubris:Reverence","War Paint","StuffTheSpire:GrapeVine","vexMod:MysteryBossChallenge","trackpad:Coffee","Pet Ghost","Whetstone","trackpad:PetRock","Gambling Chip","rat:PhantomDancer","Tiny House","Membership Card","trackpad:BottledTsunami","Dota2Spire:LotusOrb","RetroEgg","Dota2Spire:LinkenSphere","hubris:BundleOfHerbs"],"acts_visited":["Exordium","TheCity","TheBeyond"],"potions_floor_usage":[13,16,33,33,45,46,46,46,50],"damage_taken":[{"damage":0,"enemies":"conspire:RoseBush","floor":1,"turns":4},{"damage":3,"enemies":"Small Slimes","floor":2,"turns":4},{"damage":6,"enemies":"infinitespire:Voidling","floor":4,"turns":3},{"damage":0,"enemies":"Looter","floor":5,"turns":3},{"damage":6,"enemies":"Exordium Thugs","floor":7,"turns":3},{"damage":6,"enemies":"Lots of Slimes","floor":8,"turns":2},{"damage":2,"enemies":"3 Sentries","floor":11,"turns":5},{"damage":24,"enemies":"Gremlin Nob","floor":13,"turns":3},{"damage":0,"enemies":"Red Slaver","floor":14,"turns":4},{"damage":6,"enemies":"Slime Boss","floor":16,"turns":10},{"damage":10,"enemies":"Spheric Guardian","floor":18,"turns":4},{"damage":0,"enemies":"conspire:FuzzyDice","floor":19,"turns":8},{"damage":20,"enemies":"Snecko","floor":20,"turns":7},{"damage":12,"enemies":"Slavers","floor":23,"turns":3},{"damage":21,"enemies":"conspire:Head Lice","floor":25,"turns":3},{"damage":0,"enemies":"Snake Plant","floor":28,"turns":3},{"damage":0,"enemies":"3 Cultists","floor":31,"turns":3},{"damage":17,"enemies":"Champ","floor":33,"turns":7},{"damage":13,"enemies":"3 Shapes","floor":35,"turns":4},{"damage":8,"enemies":"3 Darklings","floor":37,"turns":3},{"damage":0,"enemies":"4 Shapes","floor":38,"turns":3},{"damage":6,"enemies":"conspire:MimicChest","floor":39,"turns":5},{"damage":6,"enemies":"Maw","floor":41,"turns":7},{"damage":0,"enemies":"Jaw Worm Horde","floor":44,"turns":1},{"damage":27,"enemies":"Reptomancer","floor":45,"turns":9},{"damage":15,"enemies":"Sphere and 2 Shapes","floor":46,"turns":3},{"damage":0,"enemies":"3 Darklings","floor":47,"turns":2},{"damage":27,"enemies":"Donu and Deca","floor":50,"turns":6}],"seed_played":"-2755584782057438898","potions_obtained":[{"floor":1,"key":"SpeedPotion"},{"floor":2,"key":"Milkshake"},{"floor":5,"key":"Reflective Coating"},{"floor":8,"key":"Adrenaline Potion"},{"floor":23,"key":"Languid Potion"},{"floor":28,"key":"Fire Potion"},{"floor":34,"key":"Dota2Spire:HealingSalve"},{"floor":41,"key":"Weak Potion"},{"floor":45,"key":"Adrenaline Potion"},{"floor":47,"key":"PowerPotion"}],"is_trial":false,"path_per_floor":["M","M","?","M","M","R","M","M","T","R","E","?","E","M","R","B",null,"M","M","M","$","?","E","R","E","T","$","M","$","AVR","M","R","B",null,"M","$","M","M","?","R","M","R","T","M","E","M","M","T","R","B"],"character_chosen":"WATCHER","items_purchased":["CBP: MannCoSupplyCrateSeries3","HornCleat","DollysMirror","Replay:BluntJabs","Panache","Pet Ghost","Whetstone","Energy Potion","Membership Card","PathToVictory","trackpad:BottledTsunami"],"campfire_rested":3,"item_purchase_floors":[0,0,0,21,21,21,21,27,36,36,36],"current_hp_per_floor":[41,38,38,66,66,66,60,54,54,54,52,52,28,28,49,43,72,62,62,42,42,42,30,30,9,9,9,9,9,9,9,30,13,77,64,64,56,56,50,50,44,44,44,44,17,2,2,2,25,0,0],"gold":196,"neow_bonus":"","is_daily":false,"chose_seed":false,"campfire_upgraded":5,"win_rate":0.0,"timestamp":1609875484,"path_taken":["M","M","?","M","M","R","M","M","T","R","E","?","E","M","R","BOSS","M","?","M","$","?","E","R","E","T","$","?","?","AVR","M","R","BOSS","M","$","M","M","?","R","M","R","T","?","E","?","M","?","R","BOSS"],"items_purchased_type":["Card","Relic","Relic","Card","Card","Relic","Relic","Potion","Relic","Card","Relic"],"build_version":"2020-12-22","purchased_purges":1,"victory":false,"max_hp_per_floor":[72,72,72,72,72,72,72,72,72,72,72,72,72,72,72,72,72,72,72,72,72,72,72,72,72,72,72,72,72,72,72,72,72,77,77,77,77,77,77,77,77,77,77,77,77,77,77,77,77,77,77],"card_choices":[{"not_picked":["Halt","Sanctity"],"picked":"Consecrate","floor":1},{"not_picked":["FlyingSleeves","Wireheading","Collect"],"picked":"SKIP","floor":1},{"not_picked":["WreathOfFlame","ThirdEye"],"picked":"Fasting2","floor":2},{"not_picked":["Pray","Study"],"picked":"EmptyMind","floor":2},{"not_picked":["Meditate","Wallop"],"picked":"FollowUp","floor":2},{"not_picked":["Evaluate","Adaptation"],"picked":"CrushJoints","floor":4},{"not_picked":["ForeignInfluence","BowlingBash","Replay:BluntJabs"],"picked":"SKIP","floor":4},{"not_picked":["PathToVictory","Fasting2"],"picked":"CutThroughFate","floor":5},{"not_picked":["LikeWater","Perseverance"],"picked":"Crescendo","floor":7},{"not_picked":["JustLucky","WheelKick"],"picked":"FearNoEvil","floor":7},{"not_picked":["Consecrate","ClearTheMind"],"picked":"Vault","floor":7},{"not_picked":["FlurryOfBlows","ThirdEye"],"picked":"Replay:Hum","floor":8},{"not_picked":["Tantrum","Replay:Hum"],"picked":"Protect","floor":8},{"not_picked":["Perseverance","JustLucky"],"picked":"Scrawl","floor":11},{"not_picked":["Evaluate","Study"],"picked":"WreathOfFlame","floor":11},{"not_picked":["FlyingSleeves","WaveOfTheHand"],"picked":"Halt","floor":13},{"not_picked":["WaveOfTheHand","Fasting2","FlyingSleeves"],"picked":"SKIP","floor":14},{"not_picked":["BowlingBash","Tantrum","Pray"],"picked":"SKIP","floor":14},{"not_picked":["Replay:AllIn","Judgement"],"picked":"LessonLearned","floor":16},{"not_picked":["SpiritShield","Blasphemy"],"picked":"Judgement","floor":16},{"not_picked":["ConjureBlade","Judgement"],"picked":"DeusExMachina","floor":16},{"not_picked":["EmptyBody","FollowUp"],"picked":"JustLucky","floor":18},{"not_picked":["Conclude","WaveOfTheHand+1"],"picked":"SashWhip+1","floor":18},{"not_picked":["Replay:ManipulateFuture","Replay:Cycle"],"picked":"ClearTheMind","floor":19},{"not_picked":["Replay:BluntJabs","JustLucky","Perseverance"],"picked":"SKIP","floor":20},{"not_picked":["Weave","Prostrate"],"picked":"DeceiveReality","floor":23},{"not_picked":["EmptyBody+1","WreathOfFlame+1"],"picked":"CarveReality+1","floor":25},{"not_picked":["Wallop","LikeWater","Replay:AllIn"],"picked":"SKIP","floor":25},{"not_picked":["Evaluate","ThirdEye"],"picked":"Conclude+1","floor":28},{"not_picked":["Halt+1","FollowUp+1"],"picked":"Replay:AtTheReady+1","floor":28},{"not_picked":["Vengeance","Replay:DivineShield"],"picked":"ClearTheMind+1","floor":31},{"not_picked":["Wireheading","Meditate+1","ForeignInfluence"],"picked":"SKIP","floor":31},{"not_picked":["Replay:AllIn","Judgement"],"picked":"Ragnarok","floor":33},{"not_picked":["WheelKick","ClearTheMind"],"picked":"Replay:Battleflow","floor":34},{"not_picked":["Replay:ManipulateFuture+1","WaveOfTheHand"],"picked":"Scrawl","floor":35},{"not_picked":["Replay:ManipulateFuture","Crescendo","Replay:BluntJabs+1"],"picked":"SKIP","floor":35},{"not_picked":["Sanctity","DeceiveReality","Swivel"],"picked":"SKIP","floor":35},{"not_picked":["EmptyMind","Replay:BluntJabs+1"],"picked":"Protect","floor":37},{"not_picked":["Halt","SashWhip","Perseverance"],"picked":"SKIP","floor":38},{"not_picked":["Swivel+1","Wallop"],"picked":"MentalFortress+1","floor":39},{"not_picked":["Conclude","Replay:Battleflow+1"],"picked":"ClearTheMind+1","floor":41},{"not_picked":["EmptyMind","BowlingBash+1"],"picked":"ClearTheMind+1","floor":44},{"not_picked":["Replay:Cycle","Collect"],"picked":"Vengeance+1","floor":44},{"not_picked":["LikeWater","Prostrate"],"picked":"Tantrum","floor":45},{"not_picked":["CrushJoints+1","Consecrate"],"picked":"Alpha","floor":46},{"not_picked":["SashWhip","Replay:BluntJabs"],"picked":"InnerPeace+1","floor":47},{"not_picked":["Replay:ManipulateFuture","Replay:Cycle","Replay:BluntJabs+1"],"picked":"SKIP","floor":47}],"player_experience":403947,"relics_obtained":[{"floor":9,"key":"hubris:Reverence"},{"floor":11,"key":"War Paint"},{"floor":13,"key":"StuffTheSpire:GrapeVine"},{"floor":23,"key":"trackpad:PetRock"},{"floor":25,"key":"Gambling Chip"},{"floor":26,"key":"rat:PhantomDancer"},{"floor":39,"key":"Dota2Spire:LotusOrb"},{"floor":43,"key":"RetroEgg"},{"floor":45,"key":"Dota2Spire:LinkenSphere"},{"floor":48,"key":"hubris:BundleOfHerbs"}],"event_choices":[{"damage_healed":0,"gold_gain":0,"player_choice":"Bought 0 Potions","damage_taken":0,"max_hp_gain":0,"max_hp_loss":0,"event_name":"The Woman in Blue","floor":12,"gold_loss":0},{"cards_removed":["Scrawl"],"damage_healed":0,"gold_gain":0,"player_choice":"Take \u0026 Give","damage_taken":0,"max_hp_gain":0,"max_hp_loss":0,"event_name":"betterNote:BetterNote","floor":22,"gold_loss":0,"cards_obtained":["Offering"]}],"is_beta":false,"boss_relics":[{"not_picked":["vexMod:BigBerry","Runic Pyramid"],"picked":"vexMod:MysteryBossChallenge"},{"not_picked":["hubris:RunicObelisk","halation:Yufonium"],"picked":"Tiny House"}],"items_purged_floors":[0],"is_endless":false,"potions_floor_spawned":[1,2,5,8,11,23,28,31,41,44,45,47],"killed_by":"Donu and Deca","ascension_level":1}}