{"host":"ydb2tj77qwtn71sy","time":1609881701,"event":{"mods":["2.2 Compatiblity","AchievementEnabler","Aspiration","BaseMod","Bestiary","Better Note","Better Skull","Better Third Choice","BetterRewards","Colored Map","Colored Powertips","Conspire","DeckTracker","Displayed Cursed Tome","Infinite Spire","Lobotomy","Minty Spire (QoL Compilation)","Relic Stats","Replay The Spire","Spicy Shops","StSLib","The Blue Laboratory","Uncapped"],"gold_per_floor":[111,130,140,150,150,175,175,202,202,216,250,261,296,321,321,420,420,439,456,476,495,514,514,540,540,592,619,619,633,633,647,647,742,842,859,859,859,859,825,856,856,871,871,901,934,954,958,958],"floor_reached":47,"playtime":3460,"items_purged":[],"score":846,"play_id":"aa57103a-fd1d-414e-874c-0577a43368e9","local_time":"20210106062141","is_ascension_mode":true,"campfire_choices":[{"data":"Judgement","floor":15,"key":"SMITH"},{"data":"WreathOfFlame","floor":23,"key":"SMITH"},{"data":"FollowUp","floor":25,"key":"SMITH"},{"floor":32,"key":"REST"},{"floor":41,"key":"REST"}],"circlet_count":0,"master_deck":["Strike_P","Strike_P","Strike_P","Strike_P","Defend_P","Defend_P","Defend_P","Eruption","Vigilance","CrushJoints","EmptyFist","Swivel","ReachHeaven","ReachHeaven","BowlingBash","ThirdEye","PathToVictory","FlurryOfBlows","Halt","DeceiveReality","WindmillStrike+1","Sanctity","SashWhip","FlyingSleeves","Judgement+1","FollowUp+1","Perseverance","WreathOfFlame+1","Replay:Hum+1","MentalFortress+1","Devotion","FollowUp+1","BowlingBash","DevaForm","Halt+1","ClearTheMind","DevaForm","CutThroughFate+1","infinitespire:Pacifist","Pray+1"],"relics":["PureWater","aspiration:Lifesprig","ReplayTheSpireMod:Shallot","Singing Bowl","Eternal Feather","PreservedInsect","conspire:Flyswatter","ReplayFunnel","Omamori","Cursed Key","Tiny Chest","Anchor","Unceasing Top","Replay:Wanted Poster","Replay:Rubber Ducky","infinitespire:Midas Blood","infinitespire:Bottled Soul","infinitespire:EmpoweringShard","Replay:Baseball"],"acts_visited":["Exordium","TheCity","TheBeyond"],"potions_floor_usage":[18,24],"damage_taken":[{"damage":7,"enemies":"Small Slimes","floor":1,"turns":3},{"damage":0,"enemies":"2 Louse","floor":2,"turns":1},{"damage":0,"enemies":"Jaw Worm","floor":3,"turns":2},{"damage":0,"enemies":"Large Slime","floor":4,"turns":3},{"damage":0,"enemies":"3 Sentries","floor":6,"turns":3},{"damage":0,"enemies":"Replay:BlueRogue","floor":8,"turns":3},{"damage":1,"enemies":"3 Louse","floor":10,"turns":4},{"damage":17,"enemies":"Lagavulin","floor":11,"turns":5},{"damage":0,"enemies":"Looter","floor":12,"turns":2},{"damage":6,"enemies":"Replay:BlueRogue","floor":13,"turns":2},{"damage":13,"enemies":"Fading Forest","floor":16,"turns":11},{"damage":6,"enemies":"2 Thieves","floor":18,"turns":3},{"damage":0,"enemies":"Chosen","floor":19,"turns":3},{"damage":2,"enemies":"Snake Plant","floor":20,"turns":3},{"damage":0,"enemies":"Sentry and Sphere","floor":21,"turns":3},{"damage":6,"enemies":"Centurion and Healer","floor":22,"turns":5},{"damage":0,"enemies":"conspire:Head Lice","floor":24,"turns":3},{"damage":39,"enemies":"Gremlin Leader","floor":27,"turns":5},{"damage":10,"enemies":"Snake Plant","floor":29,"turns":5},{"damage":0,"enemies":"Chosen and Byrds","floor":31,"turns":4},{"damage":41,"enemies":"Collector","floor":33,"turns":10},{"damage":15,"enemies":"3 Shapes","floor":35,"turns":6},{"damage":37,"enemies":"Nemesis","floor":40,"turns":7},{"damage":5,"enemies":"Orb Walker","floor":42,"turns":4},{"damage":0,"enemies":"conspire:MimicChest","floor":44,"turns":10},{"damage":8,"enemies":"Giant Head","floor":45,"turns":13},{"damage":58,"enemies":"Maw","floor":46,"turns":7},{"damage":15,"enemies":"Writhing Mass","floor":47,"turns":4}],"seed_played":"-1943526370624330346","potions_obtained":[{"floor":2,"key":"Swift Potion"},{"floor":4,"key":"LiquidBronze"},{"floor":8,"key":"blueLaboratory:PhilterOfMotion"},{"floor":19,"key":"EntropicBrew"},{"floor":20,"key":"Fire Potion"},{"floor":31,"key":"blueLaboratory:FaithlessPotion"}],"is_trial":false,"path_per_floor":["M","M","M","M","?","E","?","E","T","M","E","M","E","T","R","B",null,"M","M","M","M","M","R","E","R","T","E","?","M","?","M","R","B",null,"M","T","?","?","$","E","R","M","T","?","E","M","M"],"character_chosen":"WATCHER","items_purchased":["aspiration:Lifesprig","CrushJoints","EmptyFist","Swivel","ReplayTheSpireMod:Shallot","ReachHeaven","BowlingBash","ThirdEye","ClearTheMind"],"campfire_rested":2,"item_purchase_floors":[0,0,0,0,0,0,0,0,39],"current_hp_per_floor":[65,65,65,65,65,67,67,67,67,66,49,49,45,45,60,65,78,72,74,72,74,68,82,82,82,82,43,43,33,33,33,75,34,82,67,67,67,67,67,30,74,69,69,71,65,7,0,0],"gold":958,"neow_bonus":"","is_daily":false,"chose_seed":false,"campfire_upgraded":3,"win_rate":0.0,"timestamp":1609881701,"path_taken":["M","M","M","M","?","E","?","E","T","M","E","M","E","?","R","BOSS","M","M","M","M","M","R","E","R","T","E","?","M","?","?","R","BOSS","M","?","?","?","$","E","R","M","T","?","E","M","M"],"items_purchased_type":["Relic","Card","Card","Card","Relic","Card","Card","Card","Card"],"build_version":"2020-12-22","purchased_purges":0,"victory":false,"max_hp_per_floor":[72,72,72,72,72,74,74,74,74,74,74,74,76,76,76,78,78,78,80,80,82,82,82,82,82,82,82,82,82,82,82,82,82,82,82,82,82,78,78,78,78,78,78,80,82,82,82,82],"relic_stats":{"Singing Bowl":14,"counters":[125,557],"Eternal Feather":68,"Tiny Chest":1,"PreservedInsect":305,"Cursed Key":3,"obtain_stats":[{"ReplayFunnel":13,"aspiration:Lifesprig":0,"Gremlin Horn":0,"Singing Bowl":6,"SacredBark":47,"Replay:Purple Gloves":41,"Vajra":12,"Painkiller Herb":17,"Whetstone":20,"Ancient Tea Set":42,"Cursed Key":17,"conspire:TopHat":12,"Replay:Rubber Ducky":39,"Replay:Wanted Poster":34,"conspire:GlowingRock":40,"Chameleon Ring":43,"infinitespire:Bottled Soul":43,"Strawberry":29,"MealTicket":26,"Tiny Chest":24,"Fusion Hammer":34,"aspiration:Nostalgia":28,"Oddly Smooth Stone":6,"Guardian:ModeShifter":28,"Damaru":39,"Eternal Feather":4,"Pen Nib":27,"PreservedInsect":9,"aspiration:HummingbirdHeart":9,"Omamori":14,"aspiration:SecretTechniqueScroll":17,"aspiration:SeaSaltIceCream":28,"White Beast Statue":26,"Anchor":26,"Replay:Baseball":45,"ReplayTheSpireMod:Shallot":0,"Bronze Scales":21,"HolyWater":24,"Simple Rune":9,"ReplayTheSpireMod:TigerMarble":23,"infinitespire:EmpoweringShard":44,"Membership Card":12,"PureWater":0,"Unceasing Top":27,"infinitespire:Cupcake":34,"conspire:Flyswatter":11,"infinitespire:Midas Blood":40},{"ReplayFunnel":107,"aspiration:Lifesprig":97,"Gremlin Horn":71,"Singing Bowl":102,"SacredBark":69,"Replay:Purple Gloves":68,"Vajra":79,"Painkiller Herb":57,"Whetstone":59,"Ancient Tea Set":94,"Cursed Key":108,"conspire:TopHat":55,"Replay:Rubber Ducky":93,"Replay:Wanted Poster":118,"conspire:GlowingRock":94,"Chameleon Ring":68,"infinitespire:Bottled Soul":121,"Strawberry":89,"MealTicket":87,"Tiny Chest":114,"Fusion Hammer":63,"aspiration:Nostalgia":88,"Oddly Smooth Stone":77,"Guardian:ModeShifter":88,"Damaru":93,"Eternal Feather":50,"Pen Nib":61,"PreservedInsect":103,"aspiration:HummingbirdHeart":78,"Omamori":107,"aspiration:SecretTechniqueScroll":82,"aspiration:SeaSaltIceCream":88,"White Beast Statue":61,"Anchor":114,"Replay:Baseball":123,"ReplayTheSpireMod:Shallot":97,"Bronze Scales":85,"HolyWater":60,"Simple Rune":53,"ReplayTheSpireMod:TigerMarble":87,"infinitespire:EmpoweringShard":122,"Membership Card":79,"PureWater":0,"Unceasing Top":115,"infinitespire:Cupcake":90,"conspire:Flyswatter":105,"infinitespire:Midas Blood":120},{"ReplayFunnel":451,"aspiration:Lifesprig":423,"Gremlin Horn":312,"Singing Bowl":435,"SacredBark":300,"Replay:Purple Gloves":296,"Vajra":337,"Painkiller Herb":240,"Whetstone":250,"Ancient Tea Set":407,"Cursed Key":462,"conspire:TopHat":227,"Replay:Rubber Ducky":400,"Replay:Wanted Poster":506,"conspire:GlowingRock":407,"Chameleon Ring":296,"infinitespire:Bottled Soul":523,"Strawberry":379,"MealTicket":374,"Tiny Chest":482,"Fusion Hammer":272,"aspiration:Nostalgia":376,"Oddly Smooth Stone":333,"Guardian:ModeShifter":376,"Damaru":400,"Eternal Feather":208,"Pen Nib":262,"PreservedInsect":438,"aspiration:HummingbirdHeart":335,"Omamori":451,"aspiration:SecretTechniqueScroll":352,"aspiration:SeaSaltIceCream":376,"White Beast Statue":262,"Anchor":482,"Replay:Baseball":546,"ReplayTheSpireMod:Shallot":423,"Bronze Scales":364,"HolyWater":259,"Simple Rune":221,"ReplayTheSpireMod:TigerMarble":374,"infinitespire:EmpoweringShard":533,"Membership Card":337,"PureWater":0,"Unceasing Top":487,"infinitespire:Cupcake":389,"conspire:Flyswatter":447,"infinitespire:Midas Blood":519}],"Unceasing Top":[0]},"card_choices":[{"not_picked":["BowlingBash","SignatureMove"],"picked":"PathToVictory","floor":1},{"not_picked":["ClearTheMind","Worship"],"picked":"FlurryOfBlows","floor":2},{"not_picked":["WindmillStrike","CutThroughFate"],"picked":"Halt","floor":3},{"not_picked":["Replay:BluntJabs","EmptyBody"],"picked":"DeceiveReality","floor":4},{"not_picked":["CrushJoints","Replay:ManipulateFuture","ConjureBlade"],"picked":"Singing Bowl","floor":6},{"not_picked":["Replay:Hum","Swivel"],"picked":"Sanctity","floor":8},{"not_picked":["Evaluate","ThirdEye"],"picked":"SashWhip","floor":10},{"not_picked":["BattleHymn","Protect"],"picked":"FlyingSleeves","floor":11},{"not_picked":["FlyingSleeves","SashWhip"],"picked":"Judgement","floor":12},{"not_picked":["ReachHeaven","ClearTheMind","Halt"],"picked":"Singing Bowl","floor":13},{"not_picked":["Brilliance","Vault","Alpha"],"picked":"Singing Bowl","floor":16},{"not_picked":["EmptyBody","Replay:Cycle"],"picked":"FollowUp","floor":18},{"not_picked":["DeceiveReality","InnerPeace+1","Indignation"],"picked":"Singing Bowl","floor":19},{"not_picked":["Evaluate","Study"],"picked":"Perseverance","floor":20},{"not_picked":["ClearTheMind","Swivel","Replay:Cycle"],"picked":"Singing Bowl","floor":21},{"not_picked":["Replay:AtTheReady","Halt"],"picked":"WreathOfFlame","floor":22},{"not_picked":["Evaluate","Swivel"],"picked":"Replay:Hum+1","floor":24},{"not_picked":["Replay:Vibes","Study"],"picked":"MentalFortress+1","floor":27},{"not_picked":["FearNoEvil","CutThroughFate+1"],"picked":"Devotion","floor":29},{"not_picked":["FlyingSleeves","JustLucky"],"picked":"BowlingBash","floor":31},{"not_picked":["Replay:AllIn","LessonLearned"],"picked":"DevaForm","floor":33},{"not_picked":["JustLucky","ClearTheMind"],"picked":"Halt+1","floor":35},{"not_picked":["Perseverance","LikeWater"],"picked":"DevaForm","floor":40},{"not_picked":["Indignation","Replay:BluntJabs+1"],"picked":"CutThroughFate+1","floor":42},{"not_picked":["Crescendo","Meditate+1","Halt"],"picked":"Singing Bowl","floor":44},{"not_picked":["FlurryOfBlows","Replay:ManipulateFuture+1","EmptyBody"],"picked":"Singing Bowl","floor":45},{"not_picked":["Replay:ManipulateFuture","ReachHeaven+1"],"picked":"Pray+1","floor":46}],"player_experience":403061,"relics_obtained":[{"floor":6,"key":"Singing Bowl"},{"floor":8,"key":"Eternal Feather"},{"floor":9,"key":"PreservedInsect"},{"floor":11,"key":"conspire:Flyswatter"},{"floor":13,"key":"ReplayFunnel"},{"floor":14,"key":"Omamori"},{"floor":24,"key":"Tiny Chest"},{"floor":26,"key":"Anchor"},{"floor":27,"key":"Unceasing Top"},{"floor":36,"key":"Replay:Rubber Ducky"},{"floor":40,"key":"infinitespire:Midas Blood"},{"floor":43,"key":"infinitespire:Bottled Soul"},{"floor":44,"key":"infinitespire:EmpoweringShard"},{"floor":45,"key":"Replay:Baseball"}],"event_choices":[{"damage_healed":0,"gold_gain":0,"player_choice":"Ignored","damage_taken":0,"max_hp_gain":0,"max_hp_loss":0,"event_name":"Beggar","floor":28,"gold_loss":0},{"damage_healed":0,"gold_gain":0,"player_choice":"Copied","damage_taken":0,"max_hp_gain":0,"max_hp_loss":0,"event_name":"Duplicator","floor":30,"gold_loss":0,"cards_obtained":["FollowUp"]},{"damage_healed":0,"gold_gain":0,"player_choice":"Max HP","damage_taken":0,"max_hp_gain":0,"max_hp_loss":4,"event_name":"Winding Halls","floor":38,"gold_loss":0}],"is_beta":false,"boss_relics":[{"not_picked":["Replay:Grab Bag","conspire:SeveredTorchhead"],"picked":"Cursed Key"},{"not_picked":["Replay:Ancient Bell","Tiny House"],"picked":"Replay:Wanted Poster"}],"items_purged_floors":[],"is_endless":false,"potions_floor_spawned":[2,4,8,13,19,20,21,31,42,45],"killed_by":"Writhing Mass","ascension_level":1}}