{"host":"dntw6kil9p09eemm","time":1609812078,"event":{"mods":["Alarm Clock","Aspiration","BaseMod","Colored Powertips","Downfall","Hermit","Hubris","Minty Spire (QoL Compilation)","Permanent Neow","Replay The Spire","Shop Mod","StSLib","The Jungle","The Runesmith"],"gold_per_floor":[113,133,146,160,178,203,217,217,217,244,104,104,136,150,150,245,245,260,260,236,236,236,253,271,271,297,297,297,313,342,342,357,357,357,357],"floor_reached":33,"playtime":2955,"items_purged":["hexamod:Strike"],"score":309,"play_id":"8f158d0c-8133-4627-84ce-26ce597cc38a","local_time":"20210105110118","is_ascension_mode":false,"campfire_choices":[{"data":"hexamod:CatchUp","floor":25,"key":"SMITH"}],"circlet_count":0,"master_deck":["hexamod:Strike","hexamod:Strike","hexamod:Strike","hexamod:Defend","hexamod:Defend","hexamod:Defend","hexamod:Sear+1","hexamod:Float+1","hexamod:SpectralSpark+1","hexamod:ThermalTransfer+1","hexamod:GhostOfSpirePresent+1","hexamod:FastForward+1","hexamod:GhostflameBarrier+1","hexamod:CatchUp","hexamod:ThermalTransfer","hexamod:SixthSeal","hexamod:CatchUp+1","hexamod:FastForward+1"],"relics":["hexamod:SpiritBrand","Pet Ghost","Replay:WaspNest","StoneCalendar","MerchantsRug","Dream Catcher","Sozu","Nunchaku","Sundial","Simple Rune","Quantum Egg"],"acts_visited":["Exordium","Exordium"],"potions_floor_usage":[],"damage_taken":[{"damage":0.0,"enemies":"Cultist","floor":1.0,"turns":3.0},{"damage":0.0,"enemies":"Jaw Worm","floor":2.0,"turns":2.0},{"damage":0.0,"enemies":"Small Slimes","floor":3.0,"turns":3.0},{"damage":0.0,"enemies":"2 Fungi Beasts","floor":4.0,"turns":3.0},{"damage":2.0,"enemies":"Lots of Slimes","floor":5.0,"turns":5.0},{"damage":3.0,"enemies":"Lagavulin","floor":6.0,"turns":5.0},{"damage":0.0,"enemies":"Looter","floor":7.0,"turns":3.0},{"damage":17.0,"enemies":"3 Sentries","floor":10.0,"turns":7.0},{"damage":7.0,"enemies":"Lagavulin","floor":13.0,"turns":6.0},{"damage":0.0,"enemies":"Exordium Wildlife","floor":14.0,"turns":2.0},{"damage":20.0,"enemies":"Hexaghost","floor":16.0,"turns":6.0},{"damage":2.0,"enemies":"theJungle:5_Spyders","floor":18.0,"turns":8.0},{"damage":4,"enemies":"Shell Parasite","floor":23,"turns":4},{"damage":13,"enemies":"theJungle:2_Snecko_Cultists","floor":24,"turns":4},{"damage":27,"enemies":"theJungle:MamaSnecko","floor":26,"turns":7},{"damage":7,"enemies":"theJungle:SlimyTreeVines","floor":29,"turns":6},{"damage":15,"enemies":"theJungle:Cassacara","floor":30,"turns":7},{"damage":7,"enemies":"theJungle:Snecko_Cultist_And_Trap","floor":32,"turns":5},{"damage":16,"enemies":"theJungle:2_Snecko_Cultists","floor":33,"turns":2}],"seed_played":"-4141751937101482908","potions_obtained":[{"floor":3.0,"key":"SkillPotion"},{"floor":4.0,"key":"Swift Potion"},{"floor":6.0,"key":"champ:CounterPotion"},{"floor":7.0,"key":"hexamod:InfernoChargePotion"},{"floor":13.0,"key":"Explosive Potion"},{"floor":14.0,"key":"Languid Potion"},{"floor":16.0,"key":"GamblersBrew"}],"is_trial":false,"path_per_floor":["M","M","M","M","M","E","M","?","T","E","$","?","E","M","R","B",null,"M","?","$","PTL","PTL","M","M","R","E","?","T","M","E","T","M","M"],"character_chosen":"THE_SPIRIT","items_purchased":["MerchantsRug"],"campfire_rested":0,"item_purchase_floors":[11],"current_hp_per_floor":[70,70,70,70,68,65,65,70,70,53,53,38,31,31,53,33,75,73,73,73,73,73,69,56,56,29,29,29,28,13,13,6,0,0,0],"gold":357,"neow_bonus":"REMOVE_CARD","is_daily":false,"chose_seed":false,"campfire_upgraded":1,"win_rate":0.0,"timestamp":1609812078,"path_taken":["M","M","M","M","?","E","M","?","T","E","?","?","E","M","R","BOSS","M","?","$","PTL","PTL","?","M","R","E","?","T","M","E","?","M","M"],"items_purchased_type":["Relic"],"build_version":"2020-12-22","purchased_purges":1,"victory":false,"max_hp_per_floor":[70,70,70,70,70,70,70,75,75,75,75,75,75,75,75,75,75,75,75,75,75,75,75,75,75,75,75,75,75,75,75,75,75,75,75],"card_choices":[{"not_picked":["hexamod:AdvancingGuard","hexamod:HauntingEcho"],"picked":"hexamod:SpectralSpark","floor":1.0},{"not_picked":["hexamod:HauntingEcho","hexamod:ShieldOfDarkness","hexamod:SwordOfDarkness"],"picked":"SKIP","floor":2.0},{"not_picked":["hexamod:HauntingEcho","hexamod:GhostLash"],"picked":"hexamod:ThermalTransfer","floor":3.0},{"not_picked":["hexamod:EtherealExpedition","hexamod:BacktrackSmack"],"picked":"hexamod:GhostOfSpirePresent","floor":4.0},{"not_picked":["hexamod:ThermalTransfer","hexamod:SecondSeal"],"picked":"hexamod:FastForward","floor":5.0},{"not_picked":["hexamod:GhostOfSpirePast","hexamod:EmpoweringStance"],"picked":"hexamod:GhostflameBarrier","floor":6.0},{"not_picked":["hexamod:InspiringFlames","hexamod:BacktrackSmack"],"picked":"hexamod:CatchUp","floor":7.0},{"not_picked":["hexamod:GhostLash","hexamod:UnleashSpirits"],"picked":"hexamod:ThermalTransfer","floor":10.0},{"not_picked":["hexamod:Firestarter","hexamod:ThermalTransfer","hexamod:GhostLash"],"picked":"SKIP","floor":13.0},{"not_picked":["hexamod:DynamicBlow","hexamod:GhostLash","hexamod:SkipABeat"],"picked":"SKIP","floor":14.0},{"not_picked":["hexamod:GhostflameInferno","hexamod:GiftsFromTheDead"],"picked":"hexamod:SixthSeal","floor":16.0},{"not_picked":["hexamod:NightmareGuise+1","hexamod:GhostShield","hexamod:SwordOfDarkness"],"picked":"SKIP","floor":18.0},{"not_picked":["hexamod:BacktrackSmack","hexamod:ChargedBarrage"],"picked":"hexamod:CatchUp","floor":23},{"not_picked":["hexamod:PowerFromBeyond","hexamod:CatchUp","hexamod:Hexaguard"],"picked":"SKIP","floor":24},{"not_picked":["hexamod:BurningTouch+1","hexamod:ApocalypseNow","hexamod:SkipABeat"],"picked":"SKIP","floor":26},{"not_picked":["hexamod:GhostShield+1","hexamod:ChargedBarrage","hexamod:Haunt"],"picked":"SKIP","floor":29},{"not_picked":["hexamod:BacktrackSmack","hexamod:HauntingEcho","hexamod:RainOfEmbers"],"picked":"SKIP","floor":30},{"not_picked":["hexamod:NightmareStrike","hexamod:EtherealExpedition"],"picked":"hexamod:FastForward+1","floor":32}],"player_experience":561832,"relics_obtained":[{"floor":6.0,"key":"Pet Ghost"},{"floor":9.0,"key":"Replay:WaspNest"},{"floor":10.0,"key":"StoneCalendar"},{"floor":13.0,"key":"Dream Catcher"},{"floor":26,"key":"Nunchaku"},{"floor":28,"key":"Sundial"},{"floor":30,"key":"Simple Rune"},{"floor":31,"key":"Quantum Egg"}],"event_choices":[{"damage_healed":0.0,"max_hp_gain":5.0,"max_hp_loss":0.0,"gold_gain":0.0,"event_name":"Big Fish","player_choice":"Donut","floor":8.0,"gold_loss":0.0,"damage_taken":0.0},{"damage_healed":0.0,"max_hp_gain":0.0,"max_hp_loss":0.0,"gold_gain":0.0,"event_name":"Shining Light","player_choice":"Entered Light","floor":12.0,"gold_loss":0.0,"damage_taken":15.0,"cards_upgraded":["hexamod:GhostflameBarrier","hexamod:Sear"]},{"damage_healed":0.0,"max_hp_gain":0.0,"max_hp_loss":0.0,"gold_gain":0.0,"event_name":"Accursed Blacksmith","player_choice":"Forge","floor":19.0,"gold_loss":0.0,"damage_taken":0.0,"cards_upgraded":["hexamod:Float"]}],"is_beta":false,"boss_relics":[{"not_picked":["Philosopher\u0027s Stone","Runic Pyramid"],"picked":"Sozu"}],"items_purged_floors":[20],"is_endless":false,"potions_floor_spawned":[3,4,6,7,13,14,16,23,24,29],"killed_by":"theJungle:2_Snecko_Cultists","ascension_level":0}}