{"host":"kig4ty9d1aubg29s","time":1609846250,"event":{"mods":["BaseMod","Minty Spire (QoL Compilation)","READ ME - Guardian Mod","READ ME - Snecko Mod","StSLib","The Cursed","The Gatherer","The Hierophant","The Runesmith"],"gold_per_floor":[114,130,130,130,156,156,191,191,191,206,206,239,239,263,263,354,354,372,372,422,435,458,458,477,517,517,517,517,538,538,538,538,636,636,651,671,76,89,89,89,109,109,135,150,150,183,214,214,214,214,214],"floor_reached":50,"playtime":2013,"items_purged":["Pain"],"score":970,"play_id":"7b8f4057-8258-4fd1-834f-d2da4a04f98e","local_time":"20210105203050","is_ascension_mode":true,"campfire_choices":[{"data":"Sucker Punch","floor":6,"key":"SMITH"},{"floor":8,"key":"REST"},{"data":"Infinite Blades","floor":11,"key":"SMITH"},{"data":"Tools of the Trade","floor":13,"key":"SMITH"},{"floor":15,"key":"REST"},{"floor":23,"key":"REST"},{"floor":27,"key":"REST"},{"floor":30,"key":"REST"},{"floor":32,"key":"REST"},{"floor":40,"key":"REST"},{"floor":42,"key":"REST"},{"floor":45,"key":"REST"},{"floor":49,"key":"REST"}],"circlet_count":0,"master_deck":["AscendersBane","Strike_G","Strike_G","Strike_G","Strike_G","Strike_G","Defend_G","Defend_G","Defend_G","Defend_G","Defend_G","Survivor","Neutralize","Sucker Punch+1","Backstab","Infinite Blades+1","Poisoned Stab","Tools of the Trade+1","Dagger Spray","Malaise","Underhanded Strike","Bouncing Flask+1","Blade Dance","Flying Knee+1","Quick Slash+1","Calculated Gamble","Malaise","Poisoned Stab","Distraction+1","Noxious Fumes","Tactician+1","Escape Plan+1","Dash","Infinite Blades","Blade Dance+1"],"relics":["Ring of the Snake","Bag of Marbles","Golden Idol","Boot","Oddly Smooth Stone","StoneCalendar","Turnip","HoveringKite","Runesmith:Locket","Kunai","WarpedTongs","WristBlade","ClockworkSouvenir","Toxic Egg 2","PreservedInsect","Lantern","Girya","Mango"],"acts_visited":["Exordium","TheCity","TheBeyond"],"potions_floor_usage":[12,14,21,25,25,31,33,41,41,50],"damage_taken":[{"damage":4,"enemies":"Cultist","floor":1,"turns":4},{"damage":1,"enemies":"2 Louse","floor":2,"turns":3},{"damage":23,"enemies":"3 Sentries","floor":7,"turns":11},{"damage":0,"enemies":"Jaw Worm","floor":10,"turns":1},{"damage":9,"enemies":"Lagavulin","floor":12,"turns":5},{"damage":12,"enemies":"Large Slime","floor":14,"turns":4},{"damage":12,"enemies":"Slime Boss","floor":16,"turns":7},{"damage":0,"enemies":"3 Byrds","floor":18,"turns":4},{"damage":11,"enemies":"2 Thieves","floor":21,"turns":3},{"damage":30,"enemies":"Snake Plant","floor":22,"turns":4},{"damage":24,"enemies":"Snecko","floor":24,"turns":5},{"damage":0,"enemies":"Gremlin Leader","floor":25,"turns":4},{"damage":3,"enemies":"3 Cultists","floor":29,"turns":5},{"damage":0,"enemies":"Sentry and Sphere","floor":31,"turns":2},{"damage":42,"enemies":"Champ","floor":33,"turns":10},{"damage":2,"enemies":"3 Shapes","floor":35,"turns":5},{"damage":10,"enemies":"Orb Walker","floor":36,"turns":3},{"damage":15,"enemies":"Spire Growth","floor":38,"turns":5},{"damage":4,"enemies":"Transient","floor":41,"turns":5},{"damage":32,"enemies":"3 Darklings","floor":44,"turns":5},{"damage":11,"enemies":"Reptomancer","floor":46,"turns":6},{"damage":0,"enemies":"Mind Bloom Boss Battle","floor":47,"turns":6},{"damage":82,"enemies":"Donu and Deca","floor":50,"turns":5}],"seed_played":"6672333470023379958","potions_obtained":[{"floor":2,"key":"ColorlessPotion"},{"floor":7,"key":"CultistPotion"},{"floor":12,"key":"CunningPotion"},{"floor":21,"key":"Strength Potion"},{"floor":22,"key":"SteroidPotion"},{"floor":25,"key":"Strength Potion"},{"floor":29,"key":"SmokeBomb"},{"floor":36,"key":"BlessingOfTheForge"},{"floor":38,"key":"AttackPotion"},{"floor":46,"key":"CultistPotion"}],"is_trial":false,"path_per_floor":["M","M","?","?","T","R","E","R","T","M","R","E","R","M","R","B",null,"M","?","?","M","M","R","M","E","T","R","?","M","R","M","R","B",null,"M","M","$","M","?","R","M","R","T","M","R","E","?","T","R","B"],"character_chosen":"THE_SILENT","items_purchased":["ClockworkSouvenir","Toxic Egg 2","Noxious Fumes"],"campfire_rested":10,"item_purchase_floors":[37,37,37],"current_hp_per_floor":[55,54,54,54,54,54,31,50,50,50,50,41,41,29,48,36,59,59,59,53,42,12,31,7,7,7,26,26,23,42,42,61,19,54,52,42,42,27,27,46,42,61,61,29,48,37,37,51,75,0,0],"gold":214,"neow_bonus":"RANDOM_COMMON_RELIC","is_daily":false,"chose_seed":false,"campfire_upgraded":3,"win_rate":0.0,"timestamp":1609846250,"path_taken":["M","?","?","?","?","R","E","R","T","M","R","E","R","M","R","BOSS","M","?","?","?","M","R","?","E","T","R","?","M","R","M","R","BOSS","M","M","$","?","?","R","M","R","T","?","R","E","?","?","R","BOSS"],"items_purchased_type":["Relic","Relic","Card"],"build_version":"2020-12-22","purchased_purges":1,"victory":false,"max_hp_per_floor":[66,66,66,66,66,66,66,66,66,66,66,66,66,66,66,66,66,66,66,66,66,66,66,66,66,66,66,66,66,66,66,66,66,66,66,66,66,66,66,66,66,66,66,66,66,66,66,80,80,80,80],"card_choices":[{"not_picked":["Underhanded Strike","Endless Agony"],"picked":"Sucker Punch","floor":1},{"not_picked":["Quick Slash","Dagger Throw"],"picked":"Backstab","floor":2},{"not_picked":["Accuracy","Dash"],"picked":"Infinite Blades","floor":7},{"not_picked":["Deflect","Acrobatics"],"picked":"Poisoned Stab","floor":10},{"not_picked":["Deflect","Cloak And Dagger"],"picked":"Tools of the Trade","floor":12},{"not_picked":["Outmaneuver","Flying Knee"],"picked":"Dagger Spray","floor":14},{"not_picked":["Doppelganger","Night Terror"],"picked":"Malaise","floor":16},{"not_picked":["Flying Knee","Backflip"],"picked":"Underhanded Strike","floor":18},{"not_picked":["Underhanded Strike+1","Backflip"],"picked":"Bouncing Flask+1","floor":21},{"not_picked":["Finisher","Expertise"],"picked":"Blade Dance","floor":22},{"not_picked":["Underhanded Strike","Finisher"],"picked":"Flying Knee+1","floor":24},{"not_picked":["Blade Dance","Sucker Punch"],"picked":"Quick Slash+1","floor":25},{"not_picked":["Dodge and Roll","Concentrate"],"picked":"Calculated Gamble","floor":29},{"not_picked":["Night Terror","Unload"],"picked":"Malaise","floor":33},{"not_picked":["Bane","Cloak And Dagger"],"picked":"Poisoned Stab","floor":35},{"not_picked":["Slice","Sucker Punch+1"],"picked":"Distraction+1","floor":36},{"not_picked":["Dodge and Roll+1","Dagger Spray"],"picked":"Tactician+1","floor":38},{"not_picked":["Backstab","Acrobatics+1"],"picked":"Escape Plan+1","floor":41},{"not_picked":["Unload","Concentrate+1"],"picked":"Dash","floor":44},{"not_picked":["Reflex+1","Footwork"],"picked":"Infinite Blades","floor":46},{"not_picked":["Sucker Punch","Crippling Poison+1"],"picked":"Blade Dance+1","floor":47}],"player_experience":1907883,"relics_obtained":[{"floor":5,"key":"Boot"},{"floor":7,"key":"Oddly Smooth Stone"},{"floor":9,"key":"StoneCalendar"},{"floor":12,"key":"Turnip"},{"floor":25,"key":"Runesmith:Locket"},{"floor":26,"key":"Kunai"},{"floor":43,"key":"PreservedInsect"},{"floor":46,"key":"Lantern"},{"floor":47,"key":"Girya"},{"floor":48,"key":"Mango"}],"event_choices":[{"damage_healed":0,"gold_gain":0,"player_choice":"Take Wound","damage_taken":0,"relics_obtained":["Golden Idol"],"max_hp_gain":0,"max_hp_loss":0,"event_name":"Golden Idol","floor":3,"gold_loss":0,"cards_obtained":["Injury"]},{"cards_removed":["Injury"],"damage_healed":0,"gold_gain":0,"player_choice":"Forget","damage_taken":0,"max_hp_gain":0,"max_hp_loss":0,"event_name":"Living Wall","floor":4,"gold_loss":0},{"damage_healed":0,"gold_gain":0,"player_choice":"Ignored","damage_taken":0,"max_hp_gain":0,"max_hp_loss":0,"event_name":"Ghosts","floor":19,"gold_loss":0},{"damage_healed":0,"gold_gain":50,"player_choice":"Touch","damage_taken":6,"max_hp_gain":0,"max_hp_loss":0,"event_name":"FaceTrader","floor":20,"gold_loss":0},{"damage_healed":0,"gold_gain":0,"player_choice":"Rummage","damage_taken":0,"relics_obtained":["WarpedTongs"],"max_hp_gain":0,"max_hp_loss":0,"event_name":"Accursed Blacksmith","floor":28,"gold_loss":0,"cards_obtained":["Pain"]},{"damage_healed":0,"gold_gain":0,"player_choice":"Ignored","damage_taken":0,"max_hp_gain":0,"max_hp_loss":0,"event_name":"SecretPortal","floor":39,"gold_loss":0},{"damage_healed":0,"gold_gain":0,"player_choice":"Fight","damage_taken":0,"max_hp_gain":0,"max_hp_loss":0,"event_name":"MindBloom","floor":47,"gold_loss":0}],"is_beta":false,"boss_relics":[{"not_picked":["Ring of the Serpent","Pandora\u0027s Box"],"picked":"HoveringKite"},{"not_picked":["Tiny House","Runic Dome"],"picked":"WristBlade"}],"items_purged_floors":[37],"is_endless":false,"potions_floor_spawned":[2,7,12,21,22,25,29,36,38,46],"killed_by":"Donu and Deca","ascension_level":16}}