{"host":"jq8d8epkoknfq6em","time":1609809749,"event":{"mods":["AchievementEnabler","BaseMod","Colored Map","Colored Powertips","Highlight Path","Minty Spire (QoL Compilation)","Quick Restart","StSLib"],"gold_per_floor":[129,167,207,258,258,258,337,375,375,419,475,475,54,113,113,242,242,287,304,316,316,316],"floor_reached":21,"playtime":2449,"items_purged":["Strike_R"],"score":299,"play_id":"0502db83-5bb9-4541-bf61-703d97f875df","local_time":"20210105022229","is_ascension_mode":true,"campfire_choices":[{"data":"HandOfGreed","floor":6,"key":"SMITH"},{"floor":12,"key":"REST"},{"data":"Rupture","floor":15,"key":"SMITH"}],"circlet_count":0,"master_deck":["AscendersBane","Strike_R","Strike_R","Strike_R","Defend_R","Defend_R","Defend_R","Defend_R","Bash","HandOfGreed+1","Combust","Shrug It Off","Shrug It Off","Clothesline","Feel No Pain","Rupture+1","Madness","Headbutt","Intimidate","Double Tap","Battle Trance+1"],"relics":["Burning Blood","Self Forming Clay","Matryoshka","Tiny Chest","Singing Bowl","Black Star"],"acts_visited":["Exordium","TheCity"],"potions_floor_usage":[7,14,16,20],"damage_taken":[{"damage":1,"enemies":"Cultist","floor":1,"turns":3},{"damage":6,"enemies":"Jaw Worm","floor":2,"turns":5},{"damage":2,"enemies":"Small Slimes","floor":3,"turns":3},{"damage":15,"enemies":"2 Fungi Beasts","floor":4,"turns":4},{"damage":21,"enemies":"3 Sentries","floor":7,"turns":7},{"damage":24,"enemies":"Gremlin Gang","floor":8,"turns":4},{"damage":3,"enemies":"3 Louse","floor":10,"turns":4},{"damage":13,"enemies":"Lagavulin","floor":14,"turns":6},{"damage":24,"enemies":"The Guardian","floor":16,"turns":11},{"damage":44,"enemies":"3 Byrds","floor":18,"turns":7},{"damage":12,"enemies":"Chosen","floor":19,"turns":6},{"damage":24,"enemies":"Snake Plant","floor":20,"turns":6},{"damage":7,"enemies":"3 Cultists","floor":21,"turns":2}],"seed_played":"-7007879038000354269","potions_obtained":[{"floor":4,"key":"Swift Potion"},{"floor":7,"key":"Weak Potion"},{"floor":14,"key":"Regen Potion"},{"floor":18,"key":"AttackPotion"},{"floor":20,"key":"DistilledChaos"}],"is_trial":false,"path_per_floor":["M","M","M","M","?","R","E","M","T","M","?","R","$","E","R","B",null,"M","M","M","M"],"character_chosen":"IRONCLAD","items_purchased":["Rupture","Madness","Headbutt","Tiny Chest"],"campfire_rested":1,"item_purchase_floors":[13,13,13,13],"current_hp_per_floor":[72,72,72,63,63,63,48,30,30,33,33,54,54,47,47,44,65,29,25,7,0,0],"gold":316,"neow_bonus":"RANDOM_COLORLESS_2","is_daily":false,"chose_seed":false,"campfire_upgraded":2,"win_rate":0.0,"timestamp":1609809749,"path_taken":["M","M","M","M","?","R","E","?","T","M","?","R","$","E","R","BOSS","M","M","M","M"],"items_purchased_type":["Card","Card","Card","Relic"],"build_version":"2020-12-22","purchased_purges":1,"victory":false,"max_hp_per_floor":[72,72,72,72,72,72,72,72,72,72,72,72,72,72,72,72,72,74,76,76,76,76],"card_choices":[{"not_picked":["Thinking Ahead","The Bomb"],"picked":"HandOfGreed","floor":0},{"not_picked":["Flex","Body Slam"],"picked":"Combust","floor":1},{"not_picked":["Reckless Charge","Anger"],"picked":"Shrug It Off","floor":2},{"not_picked":["Pummel","Body Slam","Burning Pact"],"picked":"SKIP","floor":3},{"not_picked":["Intimidate","Ghostly Armor"],"picked":"Shrug It Off","floor":4},{"not_picked":["Warcry","True Grit"],"picked":"Clothesline","floor":7},{"not_picked":["Armaments","Rage"],"picked":"Feel No Pain","floor":8},{"not_picked":["Body Slam","Sword Boomerang","Dark Embrace"],"picked":"SKIP","floor":10},{"not_picked":["Headbutt","Searing Blow"],"picked":"Intimidate","floor":14},{"not_picked":["Corruption","Feed"],"picked":"Double Tap","floor":16},{"not_picked":["Dropkick","Sword Boomerang","True Grit"],"picked":"Singing Bowl","floor":18},{"not_picked":["Evolve","Dual Wield","Sentinel"],"picked":"Singing Bowl","floor":19},{"not_picked":["Bloodletting","Rupture"],"picked":"Battle Trance+1","floor":20}],"player_experience":938338,"relics_obtained":[{"floor":7,"key":"Self Forming Clay"},{"floor":9,"key":"Matryoshka"},{"floor":14,"key":"Singing Bowl"}],"event_choices":[{"cards_removed":["Strike_R"],"damage_healed":0,"gold_gain":0,"player_choice":"Card Removal","damage_taken":0,"max_hp_gain":0,"max_hp_loss":0,"event_name":"Wheel of Change","floor":5,"gold_loss":0},{"damage_healed":0,"gold_gain":56,"player_choice":"Gained Gold","damage_taken":0,"max_hp_gain":0,"max_hp_loss":0,"event_name":"Golden Wing","floor":11,"gold_loss":0}],"is_beta":false,"boss_relics":[{"not_picked":["Snecko Eye","Velvet Choker"],"picked":"Black Star"}],"items_purged_floors":[13],"is_endless":false,"potions_floor_spawned":[4,7,14,18,20],"killed_by":"3 Cultists","ascension_level":11}}