{"host":"mgc7o2tpy0ck407l","time":1609839177,"event":{"mods":["Alarm Clock","AlwaysNeverKeys","BaseMod","Better Altar","Better Match","Better Note","Better Sensory Stone","Better Skull","Better Third Choice","Better Vampires","Block Reminder","Booster Modes","Challenge The Spire","Colored Map","Colored Powertips","Disable Question Mark Monsters","Displayed Cursed Tome","Emptier Cage","Energized Spire","Evolution","Infinite Spire","Minty Spire (QoL Compilation)","Permanent Neow","Quick Restart","Rare Cards Sparkle","Reorder Act Four","Replay The Spire","Spicy Shops","StSLib","SuperFastMode","Transform Curses","Unceasing Turn Reminder"],"gold_per_floor":[117,117,128,57,34,34,68,80,104,114,128,139,139,150,150,250,250,263,263,274,274,274,274,288,318,318,331,430,455,467,479,479,578,578,592,611,631,649,664,664,683,683,683],"floor_reached":42,"playtime":1178,"items_purged":["Spreading Infection","Writhe"],"score":498,"play_id":"67d5a997-c509-413d-8993-3931a16bad08","local_time":"20210105043257","is_ascension_mode":false,"campfire_choices":[{"data":"Bash","floor":6.0,"key":"SMITH"},{"data":"ReplayTheSpireMod:Corrosion Curse","floor":15.0,"key":"SMITH"},{"data":"Replay:Undeath\u0027s Touch","floor":23.0,"key":"SMITH"},{"data":"Dark Embrace","floor":32,"key":"SMITH"},{"data":"Limit Break","floor":40,"key":"SMITH"}],"circlet_count":0,"master_deck":["Sword Boomerang+1","Sword Boomerang+1","Sword Boomerang","Sword Boomerang","Sword Boomerang","Shrug It Off","Shrug It Off","Defend_R","Defend_R","Bash+1","Thunderclap+1","Reaper+1","ReplayTheSpireMod:Corrosion Curse+1","Replay:Undeath\u0027s Touch+1","ReplayTheSpireMod:Corrosion Curse","Demon Form","Replay:Undeath\u0027s Touch+1","Brutality","Dark Embrace+1","Armaments+1","Limit Break+1","Spot Weakness","Battle Trance+1","Feel No Pain"],"relics":["Burning Blood","EVO:Axolotl","NeowsBlessing","ReplayTheSpireMod:CursedCoin","Guide Book","betterThird:SlimedRelic","Blue Doll","Whetstone","Coffee Dripper","Bag of Marbles","Painkiller Herb","Gremlin Food","Replay:Wax Seal","HornCleat","Happy Flower","energizedSpire:TabascoSauce"],"acts_visited":["Exordium","TheCity","TheBeyond"],"potions_floor_usage":[30,30,33,38,42],"damage_taken":[{"damage":0.0,"enemies":"2 Louse","floor":1.0,"turns":1.0},{"damage":0.0,"enemies":"Cultist","floor":3.0,"turns":1.0},{"damage":0.0,"enemies":"3 Sentries","floor":7.0,"turns":1.0},{"damage":0.0,"enemies":"Small Slimes","floor":8.0,"turns":2.0},{"damage":3.0,"enemies":"3 Louse","floor":10.0,"turns":5.0},{"damage":11.0,"enemies":"Blue Slaver","floor":11.0,"turns":2.0},{"damage":6.0,"enemies":"Looter","floor":12.0,"turns":3.0},{"damage":26.0,"enemies":"Gremlin Gang","floor":14.0,"turns":4.0},{"damage":42.0,"enemies":"Slime Boss","floor":16.0,"turns":8.0},{"damage":3.0,"enemies":"3 Byrds","floor":18.0,"turns":4.0},{"damage":10.0,"enemies":"Chosen","floor":20.0,"turns":3.0},{"damage":0.0,"enemies":"3 Cultists","floor":24.0,"turns":4.0},{"damage":42.0,"enemies":"Slavers","floor":25.0,"turns":5.0},{"damage":3.0,"enemies":"Snecko","floor":27.0,"turns":4.0},{"damage":61.0,"enemies":"Nightmare","floor":29.0,"turns":6.0},{"damage":6,"enemies":"Snake Plant","floor":30,"turns":2},{"damage":11,"enemies":"Shelled Parasite and Fungi","floor":31,"turns":3},{"damage":40,"enemies":"Collector","floor":33,"turns":5},{"damage":20,"enemies":"3 Darklings","floor":35,"turns":4},{"damage":22,"enemies":"3 Shapes","floor":36,"turns":3},{"damage":7,"enemies":"Maw","floor":37,"turns":4},{"damage":4,"enemies":"Transient","floor":38,"turns":5},{"damage":38,"enemies":"3 Darklings","floor":39,"turns":5},{"damage":31,"enemies":"Spire Growth","floor":41,"turns":4},{"damage":25,"enemies":"2 Orb Walkers","floor":42,"turns":3}],"seed_played":"-1225822434265920753","potions_obtained":[{"floor":3.0,"key":"SmokeBomb"},{"floor":7.0,"key":"Fire Potion"},{"floor":11.0,"key":"Elixir"},{"floor":14.0,"key":"LiquidMemories"},{"floor":18.0,"key":"infinitespire:BlackPotion"},{"floor":25.0,"key":"Languid Potion"},{"floor":30,"key":"ColorlessPotion"},{"floor":35,"key":"Weak Potion"},{"floor":38,"key":"SneckoOil"},{"floor":39,"key":"Energy Potion"}],"is_trial":false,"path_per_floor":["M","?","M","$","?","R","E","M","T","M","M","M","?","M","R","B",null,"M","?","M","AVR","?","T","?","E","T","?","?","NM","?","?","T","B",null,"?","?","?","?","?","T","?","?"],"character_chosen":"IRONCLAD","items_purchased":["ReplayTheSpireMod:CursedCoin","Guide Book"],"campfire_rested":0,"item_purchase_floors":[4,4],"current_hp_per_floor":[80,80,80,80,69,69,75,80,80,80,75,75,75,64,64,48,80,80,80,80,80,80,80,80,44,44,55,55,12,13,22,22,12,80,73,54,63,69,45,45,17,0,0],"gold":683,"neow_bonus":"THREE_ENEMY_KILL","is_daily":false,"chose_seed":false,"campfire_upgraded":5,"win_rate":0.0,"timestamp":1609839177,"path_taken":["M","?","M","?","?","R","E","M","T","M","M","M","?","M","R","BOSS","M","?","M","AVR","?","T","?","E","T","?","?","NM","?","?","T","BOSS","?","?","?","?","?","T","?","?"],"items_purchased_type":["Relic","Relic"],"build_version":"2020-12-22","purchased_purges":2,"victory":false,"max_hp_per_floor":[80,80,80,80,80,80,80,80,80,80,80,80,80,80,80,80,80,80,80,80,80,80,80,80,80,80,80,80,80,80,80,80,80,80,80,80,80,80,80,80,80,80,80],"card_choices":[{"not_picked":["Bloodletting","Cleave"],"picked":"Thunderclap","floor":1.0},{"not_picked":["Abandon","Warcry","Headbutt"],"picked":"SKIP","floor":3.0},{"not_picked":["Shrug It Off","Run Through"],"picked":"Reaper","floor":7.0},{"not_picked":["ReplayTheSpireMod:Strike From Hell","Iron Wave","Shockwave"],"picked":"SKIP","floor":8.0},{"not_picked":["Body Slam","Metallicize"],"picked":"ReplayTheSpireMod:Corrosion Curse","floor":10.0},{"not_picked":["Warcry","Carnage","Havoc"],"picked":"SKIP","floor":11.0},{"not_picked":["Headbutt","Perfected Strike"],"picked":"Replay:Undeath\u0027s Touch","floor":12.0},{"not_picked":["Thunderclap","Entrench"],"picked":"ReplayTheSpireMod:Corrosion Curse","floor":14.0},{"not_picked":["Offering","Juggernaut"],"picked":"Demon Form","floor":16.0},{"not_picked":["Flex","Body Slam"],"picked":"Replay:Undeath\u0027s Touch","floor":18.0},{"not_picked":["Power Through","infinitespire:OneForAll","Thunderclap"],"picked":"SKIP","floor":20.0},{"not_picked":["ReplayTheSpireMod:Strike From Hell+1","Havoc+1","Flex"],"picked":"SKIP","floor":24.0},{"not_picked":["Uppercut","Headbutt"],"picked":"Brutality","floor":25.0},{"not_picked":["Flex","Heavy Blade","Thunderclap"],"picked":"SKIP","floor":27.0},{"not_picked":["Exhume","Replay:Undeath\u0027s Touch"],"picked":"Dark Embrace","floor":29.0},{"not_picked":["Headbutt","Rage"],"picked":"Armaments+1","floor":30},{"not_picked":["Flex","Cleave","Sword Boomerang"],"picked":"SKIP","floor":31},{"not_picked":["Double Tap","Juggernaut"],"picked":"Limit Break","floor":33},{"not_picked":["Heavy Blade","infinitespire:OneForAll"],"picked":"Spot Weakness","floor":35},{"not_picked":["Flex","Wild Strike","Body Slam+1"],"picked":"SKIP","floor":36},{"not_picked":["Shockwave+1","ReplayTheSpireMod:Strike From Hell+1","Thunderclap"],"picked":"SKIP","floor":37},{"not_picked":["Clothesline+1","Armaments"],"picked":"Battle Trance+1","floor":38},{"not_picked":["Warcry","Wild Strike+1"],"picked":"Feel No Pain","floor":39},{"not_picked":["ReplayTheSpireMod:LeadingStrike+1","Ghostly Armor+1","Wild Strike+1"],"picked":"SKIP","floor":41}],"player_experience":724608,"relics_obtained":[{"floor":7.0,"key":"Blue Doll"},{"floor":9.0,"key":"Whetstone"},{"floor":25.0,"key":"Replay:Wax Seal"},{"floor":26.0,"key":"HornCleat"},{"floor":29.0,"key":"Happy Flower"}],"event_choices":[{"cards_removed":["Defend_R"],"damage_healed":0.0,"max_hp_gain":0.0,"max_hp_loss":0.0,"gold_gain":0.0,"event_name":"betterNote:BetterNote","player_choice":"Give","floor":2.0,"gold_loss":0.0,"damage_taken":0.0,"cards_obtained":["Defend_R"]},{"damage_healed":0.0,"max_hp_gain":0.0,"max_hp_loss":0.0,"gold_gain":0.0,"event_name":"betterThird:BetterGoop","player_choice":"Slimed","floor":5.0,"gold_loss":23.0,"damage_taken":11.0},{"damage_healed":0.0,"max_hp_gain":0.0,"max_hp_loss":0.0,"gold_gain":0.0,"event_name":"Living Wall","player_choice":"Grow","floor":13.0,"gold_loss":0.0,"damage_taken":0.0,"cards_upgraded":["Replay:Undeath\u0027s Touch"]},{"damage_healed":0.0,"max_hp_gain":0.0,"max_hp_loss":0.0,"gold_gain":0.0,"event_name":"The Mausoleum","player_choice":"Opened","floor":19.0,"gold_loss":0.0,"damage_taken":0.0,"relics_obtained":["Bag of Marbles"],"cards_obtained":["Writhe"]},{"damage_healed":0.0,"max_hp_gain":0.0,"max_hp_loss":0.0,"gold_gain":0.0,"event_name":"The Woman in Blue","player_choice":"Bought 0 Potions","floor":22.0,"gold_loss":0.0,"damage_taken":0.0},{"damage_healed":0.0,"max_hp_gain":0.0,"max_hp_loss":0.0,"gold_gain":99.0,"event_name":"betterThird:BetterNest","player_choice":"Steal","floor":28.0,"gold_loss":0.0,"damage_taken":0.0},{"damage_healed":0,"gold_gain":0,"player_choice":"Fight","damage_taken":0,"max_hp_gain":0,"max_hp_loss":0,"event_name":"Mysterious Sphere","floor":42,"gold_loss":0}],"is_beta":false,"boss_relics":[{"not_picked":["Astrolabe","Honey Jar"],"picked":"Coffee Dripper"},{"not_picked":["Snecko Eye","energizedSpire:NeverEndingSparkler"],"picked":"energizedSpire:TabascoSauce"}],"items_purged_floors":[4,21],"is_endless":false,"potions_floor_spawned":[3,7,11,14,16,18,25,29,30,35,38,39],"killed_by":"2 Orb Walkers","ascension_level":0}}