{"host":"c59zqhrgluvxuu0k","time":1609821290,"event":{"mods":["BaseMod","Better Altar","Better Third Choice","BetterRewards","Colored Map","Colored Powertips","Curses Come First","Downfall","Duelist Mod","Friendly Minions","Hermit","Minty Spire (QoL Compilation)","Replay The Spire","Shop Mod","Spicy Shops","StSLib","The Blackbeard","The Cursed","The Death Knight","The Druid","The Jungle","The Runesmith","The Wild Card"],"gold_per_floor":[115,0,0,0,275,275,310,310,357,357,368,65,27,41,41,140,140,164,164,9,43,67,67,106,106,130,154,154,185,185,185],"floor_reached":30,"playtime":2509,"items_purged":["Regret"],"score":273,"play_id":"00a4cf8d-98e7-425d-9979-43647827fd94","local_time":"20210104213450","is_ascension_mode":true,"campfire_choices":[{"data":"Runesmith:Fortify","floor":6,"key":"SMITH"},{"data":"Runesmith:LithiumIon","floor":8,"key":"SMITH"},{"data":"Runesmith:EnergizedChisel","floor":10,"key":"SMITH"},{"data":"Runesmith:RunicBlueprint","floor":15,"key":"SMITH"},{"data":"Runesmith:CraftFirestone","floor":23,"key":"SMITH"},{"data":"Runesmith:Firewall","floor":25,"key":"SMITH"},{"floor":28,"key":"RECALL"}],"circlet_count":0,"master_deck":["Runesmith:Strike_RS","Runesmith:Defend_RS","Runesmith:Defend_RS","Runesmith:Defend_RS","Runesmith:CraftFirestone+1","Runesmith:Fortify+1","Runesmith:EnergizedChisel+1","Runesmith:LithiumIon+1","Runesmith:Accelerate+1","Runesmith:DuctTape","Runesmith:RunicBlueprint+1","Runesmith:LithiumIon+1","Runesmith:RunicBlueprint+1","Runesmith:HeatedChisel+1","Runesmith:CreatorForm","Runesmith:GoWithTheFlow+1","Runesmith:Firewall+1"],"relics":["Runesmith:BrokenRuby","Juzu Bracelet","Replay:Wax Seal","Happy Flower","Nunchaku","Replay:Bandana","DollysMirror","Empty Cage","Membership Card","Red Mask","Anchor","Vajra","ReplayTheSpireMod:Ninjato"],"acts_visited":["Exordium","TheCity"],"potions_floor_usage":[21,21,29],"damage_taken":[{"damage":0,"enemies":"Cultist","floor":1,"turns":4},{"damage":21,"enemies":"Lagavulin","floor":7,"turns":6},{"damage":4,"enemies":"2 Louse","floor":11,"turns":5},{"damage":0,"enemies":"Jaw Worm","floor":14,"turns":4},{"damage":12,"enemies":"Hexaghost","floor":16,"turns":9},{"damage":10,"enemies":"3 Byrds","floor":18,"turns":6},{"damage":0,"enemies":"Masked Bandits","floor":21,"turns":3},{"damage":1,"enemies":"Shell Parasite","floor":22,"turns":6},{"damage":12,"enemies":"theDuelist:KaibaA2","floor":24,"turns":5},{"damage":24,"enemies":"Slavers","floor":29,"turns":6},{"damage":2,"enemies":"Snecko","floor":30,"turns":2}],"seed_played":"-5261029252441924276","potions_obtained":[{"floor":14,"key":"Strength Potion"},{"floor":16,"key":"SteroidPotion"},{"floor":22,"key":"PowerPotion"}],"is_trial":false,"path_per_floor":["M","$","?","?","?","R","E","R","T","R","M","$","$","M","R","B",null,"M","?","$","?","M","R","E","R","T","T","R","E","M"],"character_chosen":"RUNESMITH_CLASS","items_purchased":["Replay:Wax Seal","Runesmith:LithiumIon","Replay:Bandana","DollysMirror","Runesmith:RunicBlueprint","Membership Card"],"campfire_rested":0,"item_purchase_floors":[2,2,12,12,13,20],"current_hp_per_floor":[70,70,63,63,63,63,42,42,42,42,38,38,38,38,38,26,70,60,39,39,39,38,38,26,26,26,26,26,2,0,0],"gold":185,"neow_bonus":"RANDOM_COMMON_RELIC","is_daily":false,"chose_seed":false,"campfire_upgraded":6,"win_rate":0.0,"timestamp":1609821290,"path_taken":["M","?","?","?","?","R","E","R","T","R","M","?","$","M","R","BOSS","M","?","$","?","M","R","E","R","T","?","R","E","M"],"items_purchased_type":["Relic","Card","Relic","Relic","Card","Relic"],"build_version":"2020-12-22","purchased_purges":1,"victory":false,"max_hp_per_floor":[70,70,70,70,70,70,70,70,70,70,70,70,70,70,70,70,70,70,70,70,70,70,70,70,70,70,70,70,70,70,70],"card_choices":[{"not_picked":["Runesmith:ShiftingStrike","Runesmith:Retool"],"picked":"Runesmith:EnergizedChisel","floor":1},{"not_picked":["Runesmith:CraftReservo","Runesmith:EnergizedChisel"],"picked":"Runesmith:DuctTape","floor":7},{"not_picked":["Runesmith:Permafrost","Runesmith:CraftMagma"],"picked":"Runesmith:RunicBlueprint","floor":11},{"not_picked":["Runesmith:StaticCage","Runesmith:Electrocute"],"picked":"Runesmith:HeatedChisel","floor":14},{"not_picked":["Runesmith:ArcReactor","Runesmith:GrandSlam"],"picked":"Runesmith:CreatorForm","floor":16},{"not_picked":["Runesmith:CraftProtectio+1","Runesmith:HammerThrow"],"picked":"Runesmith:GoWithTheFlow","floor":18},{"not_picked":["Runesmith:ShiftingStrike","Runesmith:UnstableHammer","Runesmith:PerfectChisel"],"picked":"SKIP","floor":22},{"not_picked":["Runesmith:HammerAndChisel","Runesmith:CreatorForm"],"picked":"Runesmith:Firewall","floor":24},{"not_picked":["Runesmith:RuneHurl+1","Runesmith:Repurpose","Runesmith:BackupBattery"],"picked":"SKIP","floor":29}],"player_experience":2161012,"relics_obtained":[{"floor":7,"key":"Happy Flower"},{"floor":9,"key":"Nunchaku"},{"floor":21,"key":"Red Mask"},{"floor":24,"key":"Anchor"},{"floor":26,"key":"Vajra"},{"floor":29,"key":"ReplayTheSpireMod:Ninjato"}],"event_choices":[{"cards_removed":["Runesmith:Strike_RS"],"damage_healed":0,"gold_gain":0,"player_choice":"Card Removal","damage_taken":7,"max_hp_gain":0,"max_hp_loss":0,"event_name":"Golden Wing","floor":3,"gold_loss":0},{"damage_healed":0,"gold_gain":275,"player_choice":"Desecrate","damage_taken":0,"max_hp_gain":0,"max_hp_loss":0,"event_name":"Golden Shrine","floor":5,"gold_loss":0,"cards_obtained":["Regret"]},{"damage_healed":0,"gold_gain":0,"player_choice":"Fought Bandits","damage_taken":0,"max_hp_gain":0,"max_hp_loss":0,"event_name":"Masked Bandits","floor":21,"gold_loss":0}],"is_beta":false,"boss_relics":[{"not_picked":["Replay:Drink Me","Busted Crown"],"picked":"Empty Cage"}],"items_purged_floors":[12],"is_endless":false,"potions_floor_spawned":[14,16,22],"killed_by":"Snecko","ascension_level":1}}