{"host":"armnliea5o2aqs4b","time":1609822447,"event":{"mods":["BaseMod","Hubris","Infinite Spire","Minty Spire (QoL Compilation)","Quick Restart","StSLib"],"gold_per_floor":[114,114,114,114,130,130,161,161,188,129,129,142,157,157,157],"floor_reached":14,"playtime":282,"items_purged":[],"score":119,"play_id":"e61c3607-19c2-4399-a788-597a996ae13b","local_time":"20210105155407","is_ascension_mode":true,"campfire_choices":[{"floor":6,"key":"RECALL"},{"data":"Blade Dance","floor":8,"key":"SMITH"}],"circlet_count":0,"master_deck":["Strike_G","Strike_G","Strike_G","Strike_G","Strike_G","Defend_G","Defend_G","Defend_G+1","Defend_G","Defend_G","Survivor+1","Neutralize","Blade Dance+1","Sucker Punch","Bouncing Flask+1","Masterful Stab","Storm of Steel"],"relics":["Ring of the Snake","NeowsBlessing","hubris:Icosahedron","The Courier"],"acts_visited":["Exordium"],"potions_floor_usage":[],"damage_taken":[{"damage":0.0,"enemies":"Small Slimes","floor":1.0,"turns":1.0},{"damage":0,"enemies":"Cultist","floor":5,"turns":1},{"damage":0,"enemies":"3 Sentries","floor":7,"turns":1},{"damage":0,"enemies":"2 Louse","floor":12,"turns":2},{"damage":25,"enemies":"Gremlin Gang","floor":13,"turns":5},{"damage":49,"enemies":"Gremlin Nob","floor":14,"turns":4}],"seed_played":"-5064827378313783513","potions_obtained":[{"floor":5,"key":"Swift Potion"},{"floor":7,"key":"Ancient Potion"}],"is_trial":false,"path_per_floor":["M","?","?","?","M","R","E","R","T","$","?","M","M","E"],"character_chosen":"THE_SILENT","items_purchased":["Bouncing Flask"],"campfire_rested":0,"item_purchase_floors":[10],"current_hp_per_floor":[70,56,56,56,56,56,56,56,56,56,56,56,31,0,0],"gold":157,"neow_bonus":"THREE_ENEMY_KILL","is_daily":false,"chose_seed":false,"campfire_upgraded":1,"win_rate":0.0,"timestamp":1609822447,"path_taken":["M","?","?","?","M","R","E","R","T","$","?","?","M","E"],"items_purchased_type":["Card"],"build_version":"2020-12-22","purchased_purges":0,"victory":false,"max_hp_per_floor":[70,70,70,70,70,70,70,70,70,70,70,70,70,70,70],"card_choices":[{"not_picked":["Caltrops","Underhanded Strike","Reflex"],"picked":"SKIP","floor":1.0},{"not_picked":["Outmaneuver","Dagger Spray","Dodge and Roll"],"picked":"SKIP","floor":5},{"not_picked":["Heel Hook","Dodge and Roll"],"picked":"Sucker Punch","floor":7},{"not_picked":["Deadly Poison","Calculated Gamble"],"picked":"Masterful Stab","floor":12},{"not_picked":["Underhanded Strike","Dagger Spray"],"picked":"Storm of Steel","floor":13}],"player_experience":185275,"relics_obtained":[{"floor":7,"key":"The Courier"}],"event_choices":[{"damage_healed":0.0,"max_hp_gain":0.0,"max_hp_loss":0.0,"gold_gain":0.0,"event_name":"Shining Light","player_choice":"Entered Light","floor":2.0,"gold_loss":0.0,"damage_taken":14.0,"cards_upgraded":["Survivor","Defend_G"]},{"damage_healed":0,"gold_gain":0,"player_choice":"Forge","damage_taken":0,"max_hp_gain":0,"max_hp_loss":0,"event_name":"Accursed Blacksmith","floor":11,"gold_loss":0,"cards_upgraded":["Bouncing Flask"]}],"is_beta":false,"boss_relics":[],"items_purged_floors":[],"is_endless":false,"potions_floor_spawned":[5,7],"killed_by":"Gremlin Nob","ascension_level":1}}