{"host":"bux1pdxjwq4dkad9","time":1609826679,"event":{"mods":["BaseMod","Colored Map","Minty Spire (QoL Compilation)","Quick Restart","Spicy Shops","StSLib","SuperFastMode","°æ“≈ŒÔMod°øºÚµ•”Œœ∑"],"gold_per_floor":[114,164,184,9,9,43,43,76,100,100,116,144,162,37,37,114,114,130,130,130,130,146,146,174,174,174,207,220,70,102,121,121,199,199,216,216,234,259,259,289,306,331,331,331,360,360,360,39,39,39,39,39,39,39,73,73],"floor_reached":57,"playtime":2118,"items_purged":["Strike_B","Strike_B","Pain","Pain","Decay"],"score":3624,"play_id":"f4e0b5cf-4872-4001-a158-b6512ccc4097","local_time":"20210105140439","is_ascension_mode":true,"campfire_choices":[{"data":"Zap","floor":7.0,"key":"SMITH"},{"data":"Dualcast","floor":10.0,"key":"SMITH"},{"data":"Turbo","floor":15.0,"key":"SMITH"},{"data":"Chaos","floor":23.0,"key":"SMITH"},{"data":"Loop","floor":25.0,"key":"SMITH"},{"floor":32.0,"key":"RECALL"},{"data":"Skim","floor":44.0,"key":"SMITH"},{"data":"Capacitor","floor":46.0,"key":"SMITH"},{"data":"Hologram","floor":49.0,"key":"SMITH"},{"data":"Electrodynamics","floor":53.0,"key":"SMITH"}],"circlet_count":0,"master_deck":["AscendersBane","Strike_B","Strike_B","Defend_B","Defend_B","Defend_B","Defend_B","Zap+1","Dualcast+1","Capacitor+1","Turbo+1","Steam","Double Energy","Genetic Algorithm","Loop+1","Electrodynamics+1","Chaos+1","Ghostly","Ghostly","Ghostly","Redo+1","Skim+1","Chill","Chill","Madness","Madness","Capacitor+1","Defragment+1","Hologram+1","Creative AI+1","Defragment+1","Defragment+1"],"relics":["Cracked Core","AT_LudenTempest","Nunchaku","WarpedTongs","Vajra","Pear","Boot","Bag of Marbles","Cursed Key","Bag of Preparation","Frozen Egg 2","Letter Opener","SlaversCollar","Incense Burner","Torii","Pen Nib","Ancient Tea Set","Membership Card","OrangePellets","DataDisk","Sundial"],"acts_visited":["Exordium","TheCity","TheBeyond","TheEnding"],"potions_floor_usage":[56,56],"damage_taken":[{"damage":0.0,"enemies":"2 Louse","floor":1.0,"turns":2.0},{"damage":0.0,"enemies":"Cultist","floor":3.0,"turns":2.0},{"damage":15.0,"enemies":"Lagavulin","floor":6.0,"turns":3.0},{"damage":19.0,"enemies":"Gremlin Nob","floor":8.0,"turns":3.0},{"damage":5.0,"enemies":"Small Slimes","floor":11.0,"turns":2.0},{"damage":7.0,"enemies":"Lagavulin","floor":12.0,"turns":3.0},{"damage":13.0,"enemies":"Gremlin Gang","floor":13.0,"turns":2.0},{"damage":0.0,"enemies":"The Guardian","floor":16.0,"turns":5.0},{"damage":0.0,"enemies":"Shell Parasite","floor":18.0,"turns":2.0},{"damage":0.0,"enemies":"2 Thieves","floor":22.0,"turns":2.0},{"damage":0.0,"enemies":"Gremlin Leader","floor":24.0,"turns":4.0},{"damage":4.0,"enemies":"Slavers","floor":27.0,"turns":3.0},{"damage":5.0,"enemies":"Centurion and Healer","floor":28.0,"turns":4.0},{"damage":0.0,"enemies":"Book of Stabbing","floor":30.0,"turns":3.0},{"damage":0.0,"enemies":"Cultist and Chosen","floor":31.0,"turns":2.0},{"damage":0.0,"enemies":"Automaton","floor":33.0,"turns":3.0},{"damage":0.0,"enemies":"Orb Walker","floor":35.0,"turns":1.0},{"damage":0.0,"enemies":"3 Darklings","floor":37.0,"turns":2.0},{"damage":0.0,"enemies":"Mind Bloom Boss Battle","floor":38.0,"turns":2.0},{"damage":0.0,"enemies":"Nemesis","floor":40.0,"turns":3.0},{"damage":0.0,"enemies":"Sphere and 2 Shapes","floor":41.0,"turns":1.0},{"damage":0.0,"enemies":"Reptomancer","floor":42.0,"turns":3.0},{"damage":0.0,"enemies":"Giant Head","floor":45.0,"turns":3.0},{"damage":0.0,"enemies":"Awakened One","floor":50.0,"turns":5.0},{"damage":0.0,"enemies":"Time Eater","floor":51.0,"turns":7.0},{"damage":0.0,"enemies":"Shield and Spear","floor":55.0,"turns":3.0},{"damage":0,"enemies":"The Heart","floor":56,"turns":6}],"seed_played":"-5430964302168480816","potions_obtained":[{"floor":6.0,"key":"SneckoOil"},{"floor":12.0,"key":"Block Potion"},{"floor":18.0,"key":"SteroidPotion"},{"floor":31.0,"key":"PowerPotion"}],"is_trial":false,"path_per_floor":["M","?","M","$","?","E","R","E","T","R","M","E","M","$","R","B",null,"M","$","?","?","M","R","E","R","T","E","M","$","E","M","R","B",null,"M","?","M","?","?","E","M","E","T","R","E","R","?","$","R","B","B",null,"R","$","E","B",null],"character_chosen":"DEFECT","items_purchased":["Membership Card","OrangePellets","DataDisk"],"campfire_rested":0,"item_purchase_floors":[48,48,48],"current_hp_per_floor":[64,64,64,64,64,49,49,40,40,40,35,28,15,15,15,15,65,65,65,40,38,38,38,38,38,38,34,29,29,29,29,29,29,37,37,37,37,37,30,30,30,30,30,30,30,30,30,30,30,30,30,38,38,38,38,38],"gold":73,"neow_bonus":"RANDOM_COMMON_RELIC","is_daily":false,"chose_seed":false,"campfire_upgraded":9,"win_rate":0.0,"timestamp":1609826679,"path_taken":["M","?","?","?","?","E","R","E","T","R","?","E","M","$","R","BOSS","M","$","?","?","?","R","E","R","T","E","M","$","E","M","R","BOSS","M","?","M","?","?","E","M","E","T","R","E","R","?","$","R","BOSS","BOSS","R","$","E","BOSS"],"items_purchased_type":["Relic","Relic","Relic"],"build_version":"2020-12-22","purchased_purges":5,"victory":true,"max_hp_per_floor":[71,71,71,71,71,71,71,81,81,81,81,81,81,81,81,81,81,81,81,40,40,40,40,40,40,40,40,40,40,40,40,40,40,40,40,40,40,40,40,40,40,40,40,40,40,40,40,40,40,40,40,40,40,40,40,40],"card_choices":[{"not_picked":["Streamline","Fusion"],"picked":"Capacitor","floor":1.0},{"not_picked":["Barrage","Rip and Tear"],"picked":"Turbo","floor":3.0},{"not_picked":["Double Energy","Heatsinks"],"picked":"Steam","floor":6.0},{"not_picked":["Barrage","BootSequence"],"picked":"Double Energy","floor":8.0},{"not_picked":["Coolheaded","Hologram"],"picked":"Genetic Algorithm","floor":11.0},{"not_picked":["Hyperbeam","Streamline"],"picked":"Loop","floor":12.0},{"not_picked":["Barrage","Hello World","Beam Cell"],"picked":"SKIP","floor":13.0},{"not_picked":["Biased Cognition","Amplify"],"picked":"Electrodynamics","floor":16.0},{"not_picked":["Cold Snap","Turbo"],"picked":"Chaos","floor":18.0},{"not_picked":["Turbo","Auto Shields","Stack"],"picked":"SKIP","floor":22.0},{"not_picked":["Beam Cell","Rebound+1","Turbo"],"picked":"SKIP","floor":24.0},{"not_picked":["Reinforced Body","Self Repair+1"],"picked":"Redo+1","floor":27.0},{"not_picked":["FTL","Meteor Strike","Redo"],"picked":"SKIP","floor":28.0},{"not_picked":["Steam","Barrage"],"picked":"Skim","floor":30.0},{"not_picked":["Beam Cell","Scrape"],"picked":"Chill","floor":31.0},{"not_picked":["Cold Snap","Coolheaded"],"picked":"Chill","floor":35.0},{"not_picked":["Beam Cell","Ball Lightning","Sweeping Beam"],"picked":"SKIP","floor":37.0},{"not_picked":["Chaos","Redo"],"picked":"Capacitor+1","floor":40.0},{"not_picked":["Self Repair+1","Streamline"],"picked":"Defragment+1","floor":41.0},{"not_picked":["Hologram","Static Discharge+1","Beam Cell"],"picked":"SKIP","floor":42.0},{"not_picked":["Static Discharge+1","Beam Cell"],"picked":"Hologram","floor":42.0},{"not_picked":["Reinforced Body","Multi-Cast"],"picked":"Creative AI+1","floor":45.0},{"not_picked":["Static Discharge+1","Compile Driver"],"picked":"Defragment+1","floor":55.0}],"player_experience":2336714,"relics_obtained":[{"floor":6.0,"key":"Vajra"},{"floor":8.0,"key":"Pear"},{"floor":9.0,"key":"Boot"},{"floor":12.0,"key":"Bag of Marbles"},{"floor":24.0,"key":"Bag of Preparation"},{"floor":27.0,"key":"Frozen Egg 2"},{"floor":30.0,"key":"Letter Opener"},{"floor":38.0,"key":"Incense Burner"},{"floor":40.0,"key":"Torii"},{"floor":42.0,"key":"Pen Nib"},{"floor":45.0,"key":"Ancient Tea Set"},{"floor":55.0,"key":"Sundial"}],"event_choices":[{"damage_healed":0.0,"max_hp_gain":0.0,"max_hp_loss":0.0,"gold_gain":50.0,"event_name":"Golden Shrine","player_choice":"Pray","floor":2.0,"gold_loss":0.0,"damage_taken":0.0},{"damage_healed":0.0,"max_hp_gain":0.0,"max_hp_loss":0.0,"gold_gain":0.0,"event_name":"Accursed Blacksmith","player_choice":"Rummage","floor":5.0,"gold_loss":0.0,"damage_taken":0.0,"relics_obtained":["WarpedTongs"],"cards_obtained":["Pain"]},{"damage_healed":0.0,"max_hp_gain":0.0,"max_hp_loss":41.0,"gold_gain":0.0,"event_name":"Ghosts","player_choice":"Became a Ghost","floor":20.0,"gold_loss":0.0,"damage_taken":0.0,"cards_obtained":["Ghostly","Ghostly","Ghostly"]},{"damage_healed":0.0,"max_hp_gain":0.0,"max_hp_loss":0.0,"gold_gain":0.0,"event_name":"The Woman in Blue","player_choice":"Bought 0 Potions","floor":21.0,"gold_loss":0.0,"damage_taken":0.0},{"damage_healed":0.0,"max_hp_gain":0.0,"max_hp_loss":0.0,"gold_gain":0.0,"event_name":"Tomb of Lord Red Mask","player_choice":"Ignored","floor":36.0,"gold_loss":0.0,"damage_taken":0.0},{"damage_healed":0.0,"max_hp_gain":0.0,"max_hp_loss":0.0,"gold_gain":0.0,"event_name":"MindBloom","player_choice":"Fight","floor":38.0,"gold_loss":0.0,"damage_taken":0.0},{"damage_healed":0.0,"max_hp_gain":0.0,"max_hp_loss":0.0,"gold_gain":0.0,"event_name":"Winding Halls","player_choice":"Embrace Madness","floor":39.0,"gold_loss":0.0,"damage_taken":7.0,"cards_obtained":["Madness","Madness"]},{"damage_healed":0.0,"max_hp_gain":0.0,"max_hp_loss":0.0,"gold_gain":0.0,"event_name":"Duplicator","player_choice":"Copied","floor":47.0,"gold_loss":0.0,"damage_taken":0.0,"cards_obtained":["Defragment"]}],"is_beta":false,"boss_relics":[{"not_picked":["Snecko Eye","SacredBark"],"picked":"Cursed Key"},{"not_picked":["Calling Bell","Philosopher\u0027s Stone"],"picked":"SlaversCollar"}],"items_purged_floors":[4,4,14,29,48],"is_endless":false,"potions_floor_spawned":[6,12,18,27,30,31,33,37,38,45],"ascension_level":20}}