{"host":"b7j598ve05halrwk","time":1609856981,"event":{"mods":["2.2 Compatiblity","BaseMod","Block Reminder","DeckTracker","Minty Spire (QoL Compilation)","Relic Stats","Slay the Relics Exporter","StSLib","ojb\u0027s Better Paths Mod","ojb\u0027s Info Mod"],"gold_per_floor":[109,34,34,34,46,46,78,93,93,93,93,119,22,55,55,128,128,144,144,144,164,184,213,213,240,240,270,270,290,302,634,634,710,710,725,744,417,417,437,437,467,484,509,539,555,555,555,574,574,574,574,574,574,76,103,103],"floor_reached":57,"playtime":6045,"items_purged":["Defend_B","Defend_B"],"score":3366,"play_id":"3d41cbc3-f3cb-482b-b69c-4f1f6f11445d","local_time":"20210105092941","is_ascension_mode":true,"campfire_choices":[{"floor":6.0,"key":"REST"},{"data":"Coolheaded","floor":11.0,"key":"SMITH"},{"data":"Capacitor","floor":15.0,"key":"SMITH"},{"data":"Biased Cognition","floor":24.0,"key":"SMITH"},{"data":"Hologram","floor":28.0,"key":"SMITH"},{"data":"Defragment","floor":32.0,"key":"SMITH"},{"data":"Biased Cognition","floor":40.0,"key":"SMITH"},{"floor":49.0,"key":"RECALL"},{"data":"Capacitor","floor":53.0,"key":"SMITH"}],"circlet_count":0,"master_deck":["AscendersBane","Defend_B+1","Defend_B","Zap","Dualcast","Cold Snap","Go for the Eyes+1","Coolheaded+1","FTL","Buffer","Capacitor+1","Glacier","Electrodynamics","Hologram+1","Bite","Bite","Bite","Bite","Defragment+1","Sweeping Beam","Biased Cognition+1","Leap+1","Chaos+1","Storm+1","Biased Cognition+1","Consume+1","Machine Learning","Compile Driver+1","Capacitor+1","All For One+1","Glacier+1","Thunder Strike+1","Loop","Lockon+1"],"relics":["SlaversCollar","Sundial","Bag of Marbles","Tiny Chest","Anchor","Emotion Chip","Snecko Eye","Pear","Molten Egg 2","Mummified Hand","Toxic Egg 2","Toy Ornithopter","Old Coin","Sozu","Centennial Puzzle","White Beast Statue","Nunchaku","Bottled Lightning","Vajra","Eternal Feather"],"acts_visited":["Exordium","TheCity","TheBeyond","TheEnding"],"potions_floor_usage":[56],"damage_taken":[{"damage":2.0,"enemies":"Cultist","floor":1.0,"turns":4.0},{"damage":5.0,"enemies":"Small Slimes","floor":5.0,"turns":5.0},{"damage":10.0,"enemies":"Lagavulin","floor":7.0,"turns":10.0},{"damage":0.0,"enemies":"2 Louse","floor":8.0,"turns":3.0},{"damage":11.0,"enemies":"3 Sentries","floor":12.0,"turns":7.0},{"damage":0.0,"enemies":"Gremlin Nob","floor":14.0,"turns":4.0},{"damage":3.0,"enemies":"The Guardian","floor":16.0,"turns":17.0},{"damage":13.0,"enemies":"2 Thieves","floor":18.0,"turns":3.0},{"damage":7.0,"enemies":"Shell Parasite","floor":21.0,"turns":10.0},{"damage":12.0,"enemies":"Snake Plant","floor":22.0,"turns":8.0},{"damage":24.0,"enemies":"Book of Stabbing","floor":23.0,"turns":9.0},{"damage":0.0,"enemies":"Gremlin Leader","floor":25.0,"turns":5.0},{"damage":8.0,"enemies":"Slavers","floor":27.0,"turns":3.0},{"damage":0.0,"enemies":"Cultist and Chosen","floor":29.0,"turns":5.0},{"damage":14.0,"enemies":"Centurion and Healer","floor":30.0,"turns":8.0},{"damage":7.0,"enemies":"Book of Stabbing","floor":31.0,"turns":5.0},{"damage":0.0,"enemies":"Automaton","floor":33.0,"turns":10.0},{"damage":0.0,"enemies":"Orb Walker","floor":35.0,"turns":3.0},{"damage":4.0,"enemies":"3 Shapes","floor":36.0,"turns":4.0},{"damage":0.0,"enemies":"Spire Growth","floor":39.0,"turns":2.0},{"damage":4.0,"enemies":"Nemesis","floor":41.0,"turns":7.0},{"damage":0.0,"enemies":"4 Shapes","floor":42.0,"turns":2.0},{"damage":0.0,"enemies":"Giant Head","floor":44.0,"turns":6.0},{"damage":17.0,"enemies":"Jaw Worm Horde","floor":45.0,"turns":2.0},{"damage":9.0,"enemies":"Maw","floor":48.0,"turns":4.0},{"damage":0.0,"enemies":"Donu and Deca","floor":50.0,"turns":6.0},{"damage":0.0,"enemies":"Time Eater","floor":51.0,"turns":73.0},{"damage":0.0,"enemies":"Shield and Spear","floor":55.0,"turns":4.0},{"damage":36,"enemies":"The Heart","floor":56,"turns":7}],"seed_played":"2701812416938938862","potions_obtained":[{"floor":1.0,"key":"Fire Potion"},{"floor":7.0,"key":"EssenceOfSteel"},{"floor":8.0,"key":"LiquidBronze"},{"floor":16.0,"key":"Energy Potion"},{"floor":21.0,"key":"Explosive Potion"},{"floor":23.0,"key":"PowerPotion"},{"floor":29.0,"key":"Explosive Potion"},{"floor":33.0,"key":"DistilledChaos"}],"is_trial":false,"path_per_floor":["M","?","?","?","M","R","E","M","T","?","R","E","$","E","R","B",null,"M","?","T","M","M","E","R","E","T","E","R","M","M","E","R","B",null,"M","M","$","?","M","R","E","M","T","E","M","T","?","M","R","B","B",null,"R","$","E","B",null],"character_chosen":"DEFECT","items_purchased":["Fire Potion","Capacitor","Centennial Puzzle","Machine Learning","Thunder Strike+1","Loop","Vajra"],"campfire_rested":1,"item_purchase_floors":[13,13,37,37,54,54,54],"current_hp_per_floor":[62,62,44,23,18,39,29,29,29,29,29,18,18,18,18,15,57,44,44,54,59,59,47,47,59,59,53,53,59,57,58,58,59,59,59,57,57,56,56,56,52,52,52,56,43,43,43,42,42,56,56,56,56,56,56,31],"gold":103,"neow_bonus":"BOSS_RELIC","is_daily":false,"chose_seed":false,"campfire_upgraded":7,"win_rate":0.0,"timestamp":1609856981,"path_taken":["M","?","?","?","M","R","E","M","T","?","R","E","?","E","R","BOSS","M","?","?","?","M","E","R","E","T","E","R","?","M","E","R","BOSS","M","M","$","?","M","R","E","M","T","E","M","?","?","M","R","BOSS","BOSS","R","$","E","BOSS"],"items_purchased_type":["Potion","Card","Relic","Card","Card","Card","Relic"],"build_version":"2020-12-22","purchased_purges":2,"victory":true,"max_hp_per_floor":[71,71,71,71,71,71,71,71,71,71,71,71,71,71,71,71,71,71,49,59,59,59,59,59,59,59,59,59,59,59,59,59,59,59,59,59,59,56,56,56,56,56,56,56,56,56,56,56,56,56,56,56,56,56,56,56],"relic_stats":{"Sozu":7,"Emotion Chip":[75,28,43,2,2],"Centennial Puzzle":[12],"Nunchaku":[4],"counters":[29,236],"Sundial":[40],"Mummified Hand":[201],"Snecko Eye":[356,345,329,319],"Tiny Chest":2,"Eternal Feather":0,"obtain_stats":[{"Pear":20,"Vajra":54,"Eternal Feather":55,"White Beast Statue":41,"Old Coin":31,"Sozu":34,"SlaversCollar":0,"Anchor":12,"Emotion Chip":14,"Centennial Puzzle":37,"Nunchaku":44,"Sundial":3,"Mummified Hand":25,"Snecko Eye":17,"Tiny Chest":9,"Molten Egg 2":23,"Bag of Marbles":7,"Bottled Lightning":46,"Toxic Egg 2":26,"Cracked Core":0,"Toy Ornithopter":27},{"Pear":8,"Vajra":27,"Eternal Feather":28,"White Beast Statue":21,"Old Coin":16,"Sozu":17,"SlaversCollar":0,"Anchor":5,"Emotion Chip":6,"Centennial Puzzle":19,"Nunchaku":23,"Sundial":1,"Mummified Hand":12,"Snecko Eye":7,"Tiny Chest":4,"Molten Egg 2":11,"Bag of Marbles":3,"Bottled Lightning":24,"Toxic Egg 2":12,"Cracked Core":0,"Toy Ornithopter":13},{"Pear":53,"Vajra":225,"Eternal Feather":229,"White Beast Statue":132,"Old Coin":106,"Sozu":116,"SlaversCollar":0,"Anchor":29,"Emotion Chip":33,"Centennial Puzzle":123,"Nunchaku":140,"Sundial":4,"Mummified Hand":85,"Snecko Eye":50,"Tiny Chest":22,"Molten Egg 2":80,"Bag of Marbles":19,"Bottled Lightning":142,"Toxic Egg 2":85,"Cracked Core":0,"Toy Ornithopter":88}],"Toy Ornithopter":5},"card_choices":[{"not_picked":["Melter","Consume"],"picked":"Cold Snap","floor":1.0},{"not_picked":["Stack","Gash"],"picked":"Go for the Eyes","floor":5.0},{"not_picked":["Rebound","Double Energy"],"picked":"Coolheaded","floor":7.0},{"not_picked":["Conserve Battery","Auto Shields"],"picked":"FTL","floor":8.0},{"not_picked":["Rebound","Rip and Tear"],"picked":"Buffer","floor":12.0},{"not_picked":["Blizzard","Cold Snap"],"picked":"Glacier","floor":14.0},{"not_picked":["Multi-Cast","Fission"],"picked":"Electrodynamics","floor":16.0},{"not_picked":["Hello World","Redo"],"picked":"Hologram","floor":18.0},{"not_picked":["Coolheaded","Steam"],"picked":"Defragment","floor":21.0},{"not_picked":["Recycle","Blizzard"],"picked":"Sweeping Beam","floor":22.0},{"not_picked":["Barrage+1","Force Field"],"picked":"Biased Cognition","floor":23.0},{"not_picked":["Thunder Strike+1","Cold Snap+1","Redo"],"picked":"SKIP","floor":25.0},{"not_picked":["Beam Cell+1","Cold Snap+1","Gash+1"],"picked":"SKIP","floor":27.0},{"not_picked":["Rip and Tear+1","Steam+1"],"picked":"Leap+1","floor":29.0},{"not_picked":["Sweeping Beam+1","Go for the Eyes+1"],"picked":"Chaos+1","floor":30.0},{"not_picked":["Turbo+1","Hologram+1"],"picked":"Storm+1","floor":31.0},{"not_picked":["Machine Learning","Electrodynamics"],"picked":"Biased Cognition","floor":33.0},{"not_picked":["Barrage+1","Redo+1"],"picked":"Consume+1","floor":35.0},{"not_picked":["Go for the Eyes+1","Recycle+1","Stack+1"],"picked":"SKIP","floor":36.0},{"not_picked":["Redo+1","Cold Snap+1"],"picked":"Compile Driver+1","floor":39.0},{"not_picked":["Reprogram+1","Rebound+1","Streamline+1"],"picked":"SKIP","floor":41.0},{"not_picked":["Reprogram+1","Rebound+1","Streamline+1"],"picked":"SKIP","floor":41.0},{"not_picked":["Sunder+1","Beam Cell+1"],"picked":"Capacitor","floor":42.0},{"not_picked":["Consume+1","Lockon+1"],"picked":"All For One+1","floor":44.0},{"not_picked":["Cold Snap+1","Ball Lightning+1","Conserve Battery+1"],"picked":"SKIP","floor":45.0},{"not_picked":["Tempest+1","Beam Cell+1"],"picked":"Glacier+1","floor":48.0},{"not_picked":["Leap+1","Sweeping Beam+1"],"picked":"Lockon+1","floor":55.0}],"player_experience":808000,"relics_obtained":[{"floor":7.0,"key":"Bag of Marbles"},{"floor":9.0,"key":"Tiny Chest"},{"floor":12.0,"key":"Anchor"},{"floor":14.0,"key":"Emotion Chip"},{"floor":20.0,"key":"Pear"},{"floor":23.0,"key":"Molten Egg 2"},{"floor":25.0,"key":"Mummified Hand"},{"floor":26.0,"key":"Toxic Egg 2"},{"floor":27.0,"key":"Toy Ornithopter"},{"floor":31.0,"key":"Old Coin"},{"floor":41.0,"key":"White Beast Statue"},{"floor":44.0,"key":"Nunchaku"},{"floor":46.0,"key":"Bottled Lightning"},{"floor":55.0,"key":"Eternal Feather"}],"event_choices":[{"cards_removed":["Strike_B"],"damage_healed":0.0,"max_hp_gain":0.0,"max_hp_loss":0.0,"gold_gain":0.0,"event_name":"The Cleric","player_choice":"Card Removal","floor":2.0,"gold_loss":75.0,"damage_taken":0.0},{"damage_healed":0.0,"max_hp_gain":0.0,"max_hp_loss":0.0,"gold_gain":0.0,"event_name":"Scrap Ooze","player_choice":"Success","floor":3.0,"gold_loss":0.0,"damage_taken":18.0,"relics_obtained":["Sundial"]},{"damage_healed":0.0,"max_hp_gain":0.0,"max_hp_loss":0.0,"gold_gain":0.0,"event_name":"Shining Light","player_choice":"Entered Light","floor":4.0,"gold_loss":0.0,"damage_taken":21.0,"cards_upgraded":["Defend_B","Strike_B"]},{"damage_healed":0.0,"max_hp_gain":0.0,"max_hp_loss":0.0,"gold_gain":0.0,"event_name":"Living Wall","player_choice":"Grow","floor":10.0,"gold_loss":0.0,"damage_taken":0.0,"cards_upgraded":["Go for the Eyes"]},{"damage_healed":0.0,"max_hp_gain":0.0,"max_hp_loss":22.0,"gold_gain":0.0,"event_name":"Vampires","player_choice":"Became a vampire","floor":19.0,"gold_loss":0.0,"damage_taken":0.0,"cards_obtained":["Bite","Bite","Bite","Bite","Bite"]},{"damage_healed":0.0,"max_hp_gain":0.0,"max_hp_loss":3.0,"gold_gain":0.0,"event_name":"Winding Halls","player_choice":"Max HP","floor":38.0,"gold_loss":0.0,"damage_taken":0.0},{"cards_removed":["Bite"],"damage_healed":0.0,"max_hp_gain":0.0,"max_hp_loss":0.0,"gold_gain":0.0,"event_name":"Falling","player_choice":"Removed Attack","floor":47.0,"gold_loss":0.0,"damage_taken":0.0}],"is_beta":false,"boss_relics":[{"not_picked":["Runic Pyramid","Black Star"],"picked":"Snecko Eye"},{"not_picked":["Busted Crown","Tiny House"],"picked":"Sozu"}],"items_purged_floors":[37,54],"is_endless":false,"potions_floor_spawned":[1,7,8,16,21,23,29,33,36,39,42,44,45,48,55],"ascension_level":20}}