{"host":"8lgo2trwv2o0qyml","time":1609825961,"event":{"mods":["BaseMod","Colored Map","Colored Powertips","DeckTracker","Highlight Path","Hubris","Infinite Spire","Minty Spire (QoL Compilation)","Quick Restart","Random Character Button","Relic Sorter","Replay The Spire","StSLib","SuperFastMode","Synergy Search","The Jungle"],"gold_per_floor":[119,119,119,34,53,53,71,102,126,126,137,44,73,84,84,179,179,160,178,178,189,45,84,96,128,140,166,190,233,0,27,27,126,126,145,51,64,83,83,102,127,127,151,151,151,151,165,176,176,272,272,260,260,66,66,74,74,74,74,98,84,89,95,112,102,102,166,166,144,144,144,135,122,130,130,130,130,130,103,103],"floor_reached":79,"playtime":7573,"items_purged":["Doubt"],"score":1320,"play_id":"835424a9-2570-4721-8529-6d1be633032c","local_time":"20210105005241","is_ascension_mode":false,"campfire_choices":[{"data":"Specialist","floor":6,"key":"SMITH"},{"data":"Double Tap","floor":10,"key":"SMITH"},{"floor":15,"key":"DIG"},{"floor":24,"key":"REST"},{"data":"Feel No Pain","floor":32,"key":"SMITH"},{"floor":42,"key":"REST"},{"data":"Metallicize","floor":44,"key":"SMITH"},{"data":"Demon Form","floor":46,"key":"SMITH"},{"floor":49,"key":"REST"},{"data":"Jack Of All Trades","floor":57,"key":"SMITH"},{"data":"DeceiveReality","floor":59,"key":"SMITH"},{"data":"Infernal Blade","floor":66,"key":"SMITH"},{"floor":75,"key":"REST"},{"data":"Berserk","floor":78,"key":"SMITH"}],"circlet_count":0,"master_deck":["Strike_R+1","Strike_R+1","Strike_R+1","Strike_R+1","Defend_R+1","Defend_R+1","Defend_R+1","Defend_R+1","Bash","Flame Barrier+1","Specialist+1","Headbutt","Shrug It Off","Double Tap+1","Anger","Pommel Strike","Flex","Metallicize+1","Power Through","Demon Form+1","CurseOfTheBell","Fire Breathing+1","ThirdEye","Iron Wave","Power Through","Flex","Dark Embrace","Feel No Pain+1","Dark Embrace+1","Jack Of All Trades+1","Abandon+1","hubris:StunningStrike","Swivel","Good Instincts","Mind Blast","Madness","ReplayUltimateDefense+1","Anger","Clash","Wild Strike+1","Metallicize","Replay:Many Hands","Replay:Undeath\u0027s Touch","Injury","DeceiveReality+1","Infernal Blade+1","Berserk+1","infinitespire:SealOfDarkness+","Replay:Undeath\u0027s Touch","Demonic Infusion"],"relics":["Burning Blood","NeowsBlessing","hubris:PeanutButter","infinitespire:PuzzleCube","infinitespire:Satchel","hubris:DeckOfHolding","Calling Bell","hubris:SlimyHat","Lizard Tail","hubris:DisguiseKit","Ring of Peace","Ring of Panic","MawBank","Pet Ghost","Question Card","Peace Pipe","ReplayTheSpireMod:TigerMarble","hubris:MedicalManual","hubris:Stopwatch","Nunchaku","Smiling Mask","Snecko Eye","Golden Idol","Oddly Smooth Stone","hubris:Towel","Toy Ornithopter","PreservedInsect","Replay:Kaleidoscope","hubris:RunicObelisk","hubris:CrackedHourglass","hubris:Zylophone","hubris:MysteriousPyramids"],"acts_visited":["Exordium","TheCity","TheBeyond","Exordium","TheCity"],"potions_floor_usage":[13,13,16,21,33,33,37,48,50,62,67],"damage_taken":[{"damage":0,"enemies":"Small Slimes","floor":1,"turns":1},{"damage":0,"enemies":"2 Louse","floor":5,"turns":1},{"damage":0,"enemies":"Cultist","floor":7,"turns":1},{"damage":30,"enemies":"Gremlin Nob","floor":8,"turns":5},{"damage":4,"enemies":"2 Fungi Beasts","floor":11,"turns":5},{"damage":3,"enemies":"3 Sentries","floor":13,"turns":6},{"damage":8,"enemies":"Blue Slaver","floor":14,"turns":4},{"damage":12,"enemies":"Slime Boss","floor":16,"turns":9},{"damage":32,"enemies":"2 Thieves","floor":18,"turns":4},{"damage":0,"enemies":"Chosen","floor":19,"turns":4},{"damage":6,"enemies":"Snake Plant","floor":21,"turns":6},{"damage":34,"enemies":"Book of Stabbing","floor":23,"turns":7},{"damage":5,"enemies":"Sentry and Sphere","floor":25,"turns":7},{"damage":0,"enemies":"Centurion and Healer","floor":27,"turns":8},{"damage":1,"enemies":"Shelled Parasite and Fungi","floor":28,"turns":7},{"damage":27,"enemies":"Nightmare","floor":29,"turns":10},{"damage":0,"enemies":"Gremlin Leader","floor":31,"turns":7},{"damage":45,"enemies":"Collector","floor":33,"turns":11},{"damage":0,"enemies":"Orb Walker","floor":35,"turns":6},{"damage":12,"enemies":"3 Darklings","floor":37,"turns":8},{"damage":0,"enemies":"Writhing Mass","floor":38,"turns":6},{"damage":0,"enemies":"Spire Growth","floor":40,"turns":6},{"damage":55,"enemies":"Nemesis","floor":41,"turns":9},{"damage":0,"enemies":"3 Darklings","floor":47,"turns":8},{"damage":47,"enemies":"Jaw Worm Horde","floor":48,"turns":8},{"damage":10,"enemies":"infinitespire:MassOfShapes","floor":50,"turns":16},{"damage":0,"enemies":"Jaw Worm","floor":52,"turns":4},{"damage":0,"enemies":"2 Louse","floor":56,"turns":3},{"damage":0,"enemies":"Cultist","floor":61,"turns":5},{"damage":25,"enemies":"3 Sentries","floor":62,"turns":7},{"damage":0,"enemies":"Looter","floor":63,"turns":3},{"damage":0,"enemies":"Lagavulin","floor":64,"turns":7},{"damage":0,"enemies":"Large Slime","floor":65,"turns":5},{"damage":0,"enemies":"Fading Forest","floor":67,"turns":11},{"damage":0,"enemies":"Chosen","floor":69,"turns":5},{"damage":9,"enemies":"Shell Parasite","floor":72,"turns":4},{"damage":0,"enemies":"Snake Plant","floor":73,"turns":4},{"damage":38,"enemies":"Slavers","floor":74,"turns":6},{"damage":18,"enemies":"Snecko","floor":79,"turns":6}],"seed_played":"-7913797082173464204","potions_obtained":[{"floor":5,"key":"DistilledChaos"},{"floor":7,"key":"LiquidMemories"},{"floor":14,"key":"Energy Potion"},{"floor":18,"key":"Fire Potion"},{"floor":27,"key":"SteroidPotion"},{"floor":28,"key":"SkillPotion"},{"floor":33,"key":"Fire Potion"},{"floor":35,"key":"HeartOfIron"},{"floor":41,"key":"DuplicationPotion"},{"floor":50,"key":"BlessingOfTheForge"},{"floor":61,"key":"SpeedPotion"},{"floor":62,"key":"Ancient Potion"},{"floor":64,"key":"Weak Potion"},{"floor":65,"key":"BloodPotion"},{"floor":67,"key":"Dexterity Potion"},{"floor":74,"key":"ElixirPotion"}],"is_trial":false,"path_per_floor":["M","?","?","$","M","R","M","E","T","R","M","$","E","M","R_BF","B",null,"M","M","?","M","?","E","R","M","T","M","M","NM","$","E","R_BF","B",null,"M","$","M","M","?","M","E","R","T","R","?","R","M","M","R","B",null,"M","?","$","?","M","R","AVR","R","T","M","E","M","E","M","R","B",null,"M","?","AVR","M","M","E","R","?","T","R","M"],"character_chosen":"IRONCLAD","items_purchased":["Specialist","Pommel Strike","Flex","ReplayTheSpireMod:TigerMarble","Jack Of All Trades","Good Instincts","Oddly Smooth Stone"],"campfire_rested":4,"item_purchase_floors":[4,12,12,30,30,36,54],"current_hp_per_floor":[80,80,80,80,80,80,80,56,56,56,58,58,61,59,59,53,80,54,60,60,60,60,32,56,57,57,63,68,47,47,53,53,14,80,80,80,74,80,70,76,27,51,51,51,51,51,57,16,40,36,80,80,80,80,80,80,80,80,80,80,80,65,71,77,80,80,80,80,80,80,80,77,80,48,72,72,72,72,0,0],"gold":103,"neow_bonus":"THREE_ENEMY_KILL","is_daily":false,"chose_seed":false,"campfire_upgraded":9,"win_rate":0.0,"timestamp":1609825961,"path_taken":["M","?","?","$","M","R","M","E","T","R","M","$","E","M","R_BF","BOSS","M","?","?","M","?","E","R","M","T","?","M","NM","$","E","R_BF","BOSS","M","$","M","M","?","M","E","R","T","R","?","R","?","M","R","BOSS","M","?","$","?","M","R","AVR","R","T","M","E","M","E","M","R","BOSS","M","?","AVR","M","M","E","R","?","T","R","M"],"items_purchased_type":["Card","Card","Card","Relic","Card","Card","Relic"],"build_version":"2020-12-22","purchased_purges":1,"victory":false,"max_hp_per_floor":[80,80,80,80,80,80,80,80,80,80,80,80,80,80,80,80,80,80,80,80,80,80,80,80,80,80,80,80,80,80,80,80,80,80,80,80,80,80,80,80,80,80,80,80,80,80,80,80,80,80,80,80,80,80,80,80,80,80,80,80,80,80,80,80,80,80,80,80,80,80,80,80,80,80,80,80,80,80,80,80],"card_choices":[{"not_picked":["Hemokinesis","Iron Wave"],"picked":"Flame Barrier","floor":1},{"not_picked":["ReplayTheSpireMod:Strike From Hell","hubris:ReadiedAction"],"picked":"Headbutt","floor":5},{"not_picked":["Heavy Blade","Second Wind"],"picked":"Shrug It Off","floor":7},{"not_picked":["Flex","Warcry"],"picked":"Double Tap","floor":8},{"not_picked":["Fire Breathing","Run Through"],"picked":"Anger","floor":11},{"not_picked":["Warcry","Run Through"],"picked":"Metallicize","floor":13},{"not_picked":["Seeing Red","ReplayTheSpireMod:Muscle Training"],"picked":"Power Through","floor":14},{"not_picked":["Reaper","Feed"],"picked":"Demon Form","floor":16},{"not_picked":["Metallicize","Pommel Strike","EmptyFist"],"picked":"Fire Breathing+1","floor":18},{"not_picked":["Feel No Pain","Perfected Strike","Run Through"],"picked":"ThirdEye","floor":19},{"not_picked":["Flex","Intimidate+1","ThirdEye"],"picked":"Iron Wave","floor":21},{"not_picked":["Double Tap","Heavy Blade","FollowUp"],"picked":"Power Through","floor":23},{"not_picked":["Body Slam","Second Wind","Replay:Anticipation"],"picked":"Flex","floor":25},{"not_picked":["hubris:SharpeningStone+1","Perfected Strike","Shrug It Off","EmptyBody"],"picked":"Dark Embrace","floor":27},{"not_picked":["Headbutt","Shockwave","Hemokinesis","DeceiveReality"],"picked":"Feel No Pain","floor":28},{"not_picked":["Twin Strike","Entrench","Sever Soul","Crescendo"],"picked":"Dark Embrace+1","floor":29},{"not_picked":["Twin Strike","Ghostly Armor+1","Intimidate","Meditate"],"picked":"Abandon+1","floor":31},{"not_picked":["Fiend Fire","Feed","Double Tap","Replay:AllIn"],"picked":"hubris:StunningStrike","floor":33},{"not_picked":["ReplayTheSpireMod:LeadingStrike","Life Link+1","Seeing Red","Bloodletting+1"],"picked":"Swivel","floor":35},{"not_picked":["Iron Wave","Flame Barrier+1","True Grit+1","Shrug It Off+1","EmptyBody"],"picked":"SKIP","floor":37},{"not_picked":["infinitespire:OneForAll","Heavy Blade","hubris:ReadiedAction","Pummel","FlurryOfBlows"],"picked":"SKIP","floor":38},{"not_picked":["hubris:Insight","Jack Of All Trades","Midas Touch"],"picked":"Mind Blast","floor":39},{"not_picked":["Replay:Sssssssssshield","Forethought","Purity"],"picked":"Madness","floor":39},{"not_picked":["Madness","Survey Options","Discovery"],"picked":"ReplayUltimateDefense","floor":39},{"not_picked":["ReplayTheSpireMod:Corrosion Curse","True Grit+1","ReplayTheSpireMod:Limb From Limb+1","Clothesline","InnerPeace"],"picked":"SKIP","floor":40},{"not_picked":["Massacre+1","Brutality","Battle Trance+1","PathToVictory"],"picked":"Anger","floor":41},{"not_picked":["Heavy Blade+1","Rage+1","Rupture+1","FlyingSleeves"],"picked":"Wild Strike+1","floor":47},{"not_picked":["Combust","Power Through","Ghostly Armor","Replay:Cycle"],"picked":"Metallicize","floor":48},{"not_picked":["Double Tap","Berserk","hubris:StunningStrike","Replay:AllIn"],"picked":"Replay:Many Hands","floor":50},{"not_picked":["Heavy Blade","Pommel Strike","Shrug It Off","CrushJoints"],"picked":"Replay:Undeath\u0027s Touch","floor":52},{"not_picked":["Bloodletting","Entrench","ReplayTheSpireMod:Strike From Hell","Dual Wield"],"picked":"DeceiveReality","floor":56},{"not_picked":["Wild Strike","True Grit","ReplayTheSpireMod:Stacked","Shrug It Off","Replay:Battleflow"],"picked":"SKIP","floor":61},{"not_picked":["Second Wind","Reckless Charge","infinitespire:OneForAll","True Grit","SignatureMove"],"picked":"SKIP","floor":62},{"not_picked":["Wild Strike","ReplayTheSpireMod:Strike From Hell","Entrench","Spot Weakness","Vault"],"picked":"SKIP","floor":63},{"not_picked":["Abandon","Twin Strike","Thunderclap","hubris:StunningStrike","Evaluate"],"picked":"SKIP","floor":64},{"not_picked":["ReplayTheSpireMod:Strike From Hell","True Grit","Entrench","Replay:AtTheReady"],"picked":"Infernal Blade","floor":65},{"not_picked":["Immolate","Limit Break","Eclipse","LessonLearned"],"picked":"Berserk","floor":67},{"not_picked":["Massacre+1","Clash","Pommel Strike+1","Hemokinesis","CrushJoints"],"picked":"SKIP","floor":69},{"not_picked":["Thunderclap","Clothesline","Wild Strike+1","EmptyBody"],"picked":"Replay:Undeath\u0027s Touch","floor":72},{"not_picked":["True Grit","Sever Soul+1","ReplayTheSpireMod:LeadingStrike","Body Slam","ThirdEye"],"picked":"SKIP","floor":73},{"not_picked":["Perfected Strike","Shrug It Off","Immolate","Replay:Hum"],"picked":"Demonic Infusion","floor":74}],"player_experience":29567,"relics_obtained":[{"floor":8,"key":"hubris:PeanutButter"},{"floor":9,"key":"infinitespire:PuzzleCube"},{"floor":13,"key":"infinitespire:Satchel"},{"floor":15,"key":"hubris:DeckOfHolding"},{"floor":17,"key":"hubris:SlimyHat"},{"floor":17,"key":"Lizard Tail"},{"floor":17,"key":"hubris:DisguiseKit"},{"floor":20,"key":"Ring of Peace"},{"floor":20,"key":"Ring of Panic"},{"floor":23,"key":"Pet Ghost"},{"floor":26,"key":"Question Card"},{"floor":29,"key":"Peace Pipe"},{"floor":31,"key":"hubris:MedicalManual"},{"floor":41,"key":"Nunchaku"},{"floor":43,"key":"Smiling Mask"},{"floor":60,"key":"Toy Ornithopter"},{"floor":62,"key":"PreservedInsect"},{"floor":64,"key":"Replay:Kaleidoscope"},{"floor":74,"key":"hubris:Zylophone"},{"floor":77,"key":"hubris:MysteriousPyramids"}],"event_choices":[{"damage_healed":0,"gold_gain":0,"player_choice":"Grow","damage_taken":0,"max_hp_gain":0,"max_hp_loss":0,"event_name":"Living Wall","floor":2,"gold_loss":0,"cards_upgraded":["Flame Barrier"]},{"damage_healed":0,"gold_gain":0,"player_choice":"Ignored","damage_taken":0,"max_hp_gain":0,"max_hp_loss":0,"event_name":"NoteForYourself","floor":3,"gold_loss":0},{"damage_healed":0,"gold_gain":0,"player_choice":"Paid Gold","damage_taken":0,"relics_obtained":["MawBank"],"max_hp_gain":0,"max_hp_loss":0,"event_name":"WeMeetAgain","floor":22,"gold_loss":144},{"damage_healed":0,"gold_gain":0,"player_choice":"Memory 3","damage_taken":10,"max_hp_gain":0,"max_hp_loss":0,"event_name":"SensoryStone","floor":39,"gold_loss":0},{"damage_healed":0,"gold_gain":0,"cards_transformed":["Strike_R"],"player_choice":"Transformed","damage_taken":0,"max_hp_gain":0,"max_hp_loss":0,"event_name":"Transmorgrifier","floor":45,"gold_loss":0,"cards_obtained":["Clash"]},{"damage_healed":0,"gold_gain":0,"player_choice":"Take Wound","damage_taken":0,"relics_obtained":["Golden Idol"],"max_hp_gain":0,"max_hp_loss":0,"event_name":"Golden Idol","floor":53,"gold_loss":0,"cards_obtained":["Injury"]},{"damage_healed":0,"gold_gain":0,"player_choice":"Simplicity","damage_taken":0,"max_hp_gain":0,"max_hp_loss":0,"event_name":"Back to Basics","floor":70,"gold_loss":0,"cards_upgraded":["Strike_R","Strike_R","Strike_R","Strike_R","Defend_R","Defend_R","Defend_R","Defend_R"]}],"is_beta":false,"boss_relics":[{"not_picked":["SacredBark","Runic Dome"],"picked":"Calling Bell"},{"not_picked":["hubris:CrackedHourglass","hubris:RunicObelisk"],"picked":"hubris:Stopwatch"},{"not_picked":["hubris:BlackHole","infinitespire:Burning Sword"],"picked":"Snecko Eye"},{"not_picked":["hubris:VirtuousBlindfold","Astrolabe"],"picked":"hubris:RunicObelisk"}],"items_purged_floors":[54],"is_endless":true,"potions_floor_spawned":[5,7,14,18,27,28,33,35,41,50,61,62,64,65,67,69,74],"killed_by":"Snecko","ascension_level":0}}