{"host":"9v3x998ddbx8o276","time":1609826130,"event":{"mods":["AchievementEnabler","BaseMod","Colored Map","Colored Powertips","Highlight Path","Minty Spire (QoL Compilation)","Quick Restart","Rare Cards Sparkle"],"gold_per_floor":[116,132,17,17,30,30,64,64,64,64,82,82,102,116,116,190,190,209,220,238,238,47,47,47,47],"floor_reached":24,"playtime":752,"items_purged":[],"score":396,"play_id":"72aeda70-d92b-4009-8090-693723adbf2a","local_time":"20210105162530","is_ascension_mode":true,"campfire_choices":[{"floor":6,"key":"REST"},{"floor":8,"key":"DIG"},{"floor":12,"key":"DIG"},{"floor":15,"key":"REST"},{"floor":23,"key":"REST"}],"circlet_count":0,"master_deck":["AscendersBane","Strike_G","Strike_G","Strike_G","Strike_G","Defend_G","Defend_G","Defend_G","Survivor","Neutralize","Adrenaline+1","Leg Sweep+1","Outmaneuver+1","Quick Slash","Dagger Spray","Noxious Fumes","Catalyst","Prepared","Backstab","Underhanded Strike","Backstab","Noxious Fumes","Corpse Explosion","Deadly Poison","Deadly Poison+1","Bane"],"relics":["Astrolabe","Shovel","Potion Belt","Ginger","Shuriken","Cursed Key"],"acts_visited":["Exordium","TheCity"],"potions_floor_usage":[7,7,24,24,24],"damage_taken":[{"damage":8.0,"enemies":"Cultist","floor":1.0,"turns":6.0},{"damage":4.0,"enemies":"Jaw Worm","floor":2.0,"turns":5.0},{"damage":12,"enemies":"2 Louse","floor":5,"turns":3},{"damage":30,"enemies":"Lagavulin","floor":7,"turns":10},{"damage":1,"enemies":"Exordium Wildlife","floor":11,"turns":4},{"damage":7,"enemies":"3 Louse","floor":13,"turns":3},{"damage":3,"enemies":"Looter","floor":14,"turns":3},{"damage":33,"enemies":"Hexaghost","floor":16,"turns":11},{"damage":7,"enemies":"Chosen","floor":18,"turns":5},{"damage":25,"enemies":"Spheric Guardian","floor":19,"turns":5},{"damage":18,"enemies":"3 Cultists","floor":20,"turns":3},{"damage":70,"enemies":"Gremlin Leader","floor":24,"turns":6}],"seed_played":"2537565685071077084","potions_obtained":[{"floor":1.0,"key":"DistilledChaos"},{"floor":5,"key":"Ancient Potion"},{"floor":7,"key":"Energy Potion"},{"floor":16,"key":"Energy Potion"},{"floor":19,"key":"Poison Potion"}],"is_trial":false,"path_per_floor":["M","M","$","?","M","R","E","R","T","?","M","R","M","M","R","B",null,"M","M","M","?","$","R","E"],"character_chosen":"THE_SILENT","items_purchased":["Noxious Fumes","Catalyst","FairyPotion","Regen Potion"],"campfire_rested":3,"item_purchase_floors":[3,3,22,22],"current_hp_per_floor":[51,47,47,52,40,61,31,31,31,31,30,30,23,20,41,8,55,48,23,5,5,5,26,0,0],"gold":47,"neow_bonus":"BOSS_RELIC","is_daily":false,"chose_seed":false,"campfire_upgraded":0,"win_rate":0.0,"timestamp":1609826130,"path_taken":["M","M","$","?","M","R","E","R","T","?","M","R","M","?","R","BOSS","M","M","M","?","?","R","E"],"items_purchased_type":["Card","Card","Potion","Potion"],"build_version":"2020-12-22","purchased_purges":0,"victory":false,"max_hp_per_floor":[66,66,66,71,71,71,71,71,71,71,71,71,71,71,71,71,71,71,71,71,71,71,71,71,71],"card_choices":[{"not_picked":["Heel Hook","Reflex"],"picked":"Quick Slash","floor":1.0},{"not_picked":["Calculated Gamble","Blade Dance"],"picked":"Dagger Spray","floor":2.0},{"not_picked":["Outmaneuver","Deflect"],"picked":"Prepared","floor":5},{"not_picked":["Deflect","PiercingWail"],"picked":"Backstab","floor":7},{"not_picked":["Choke","Blade Dance"],"picked":"Underhanded Strike","floor":11},{"not_picked":["Unload","Bane"],"picked":"Backstab","floor":13},{"not_picked":["Quick Slash","All Out Attack"],"picked":"Noxious Fumes","floor":14},{"not_picked":["Glass Knife","Die Die Die"],"picked":"Corpse Explosion","floor":16},{"not_picked":["Well Laid Plans","Choke"],"picked":"Deadly Poison","floor":18},{"not_picked":["Dodge and Roll","Poisoned Stab"],"picked":"Deadly Poison+1","floor":19},{"not_picked":["Quick Slash+1","Masterful Stab"],"picked":"Bane","floor":20}],"player_experience":2084946,"relics_obtained":[{"floor":7,"key":"Shovel"},{"floor":8,"key":"Potion Belt"},{"floor":9,"key":"Ginger"},{"floor":12,"key":"Shuriken"}],"event_choices":[{"damage_healed":0.0,"max_hp_gain":5.0,"max_hp_loss":0.0,"gold_gain":0.0,"event_name":"Big Fish","player_choice":"Donut","floor":4.0,"gold_loss":0.0,"damage_taken":0.0},{"damage_healed":0,"gold_gain":0,"player_choice":"Cursed","damage_taken":0,"max_hp_gain":0,"max_hp_loss":0,"event_name":"Wheel of Change","floor":10,"gold_loss":0,"cards_obtained":["Decay"]},{"cards_removed":["Decay"],"damage_healed":0,"gold_gain":0,"player_choice":"Purged","damage_taken":0,"max_hp_gain":0,"max_hp_loss":0,"event_name":"Purifier","floor":21,"gold_loss":0}],"is_beta":false,"boss_relics":[{"not_picked":["SlaversCollar","Runic Pyramid"],"picked":"Cursed Key"}],"items_purged_floors":[],"is_endless":false,"potions_floor_spawned":[1,5,7,16,19],"killed_by":"Gremlin Leader","ascension_level":20}}