{"host":"in454gsrrg4x7o56","time":1609818357,"event":{"mods":["BaseMod","Colored Powertips","Curses Come First","Hermit","Minty Spire (QoL Compilation)","Quick Restart","StSLib","The Cursed"],"gold_per_floor":[114,114,133,152,152,152,215,215,215,234,234,309,328,0,0,125,125,35,35],"floor_reached":18,"playtime":1057,"items_purged":["Injury"],"score":210,"play_id":"e9194657-a53c-473b-9859-f2e736b1a4e3","local_time":"20210104224557","daily_mods":["Shiny","Red Cards","Night Terrors"],"is_ascension_mode":false,"campfire_choices":[{"data":"Barricade","floor":6,"key":"SMITH"},{"floor":8,"key":"REST"},{"floor":11,"key":"REST"},{"data":"Establishment","floor":15,"key":"SMITH"}],"circlet_count":0,"master_deck":["Double Tap+1","Demon Form","Fiend Fire","Berserk","Impervious","Juggernaut","Exhume","Offering","Bludgeon","Feed","Limit Break","Corruption","Barricade+1","Reaper","Immolate","Brilliance","Devotion","LessonLearned","Vault","Establishment+1","DeusExMachina","Judgement+1","ConjureBlade","MasterReality","Blasphemy","Ragnarok","Scrawl","Wish","SpiritShield","DevaForm+1","Thunderclap","SashWhip","FlurryOfBlows","LikeWater","ClearTheMind","Disarm","FlurryOfBlows","Worship","Demon Form","Nirvana+1","CarveReality+1","Inflame+1"],"relics":["PureWater","Golden Idol","MealTicket","Kunai","Ornamental Fan","Lee\u0027s Waffle","Astrolabe"],"acts_visited":["Exordium","TheCity"],"potions_floor_usage":[7,13],"damage_taken":[{"damage":27,"enemies":"Small Slimes","floor":1,"turns":5},{"damage":0,"enemies":"Jaw Worm","floor":3,"turns":1},{"damage":0,"enemies":"2 Louse","floor":4,"turns":2},{"damage":6,"enemies":"Gremlin Nob","floor":7,"turns":3},{"damage":38,"enemies":"Exordium Wildlife","floor":10,"turns":4},{"damage":6,"enemies":"3 Louse","floor":13,"turns":3},{"damage":42,"enemies":"Slime Boss","floor":16,"turns":6},{"damage":88,"enemies":"2 Thieves","floor":18,"turns":3}],"seed_played":"-8136925521176778862","potions_obtained":[{"floor":7,"key":"Fruit Juice"},{"floor":10,"key":"ColorlessPotion"}],"is_trial":false,"path_per_floor":["M","?","M","M","?","R","E","R","T","M","R","T","M","$","R","B",null,"M"],"character_chosen":"WATCHER","items_purchased":["Lee\u0027s Waffle","FlurryOfBlows","Worship"],"campfire_rested":2,"item_purchase_floors":[14,14,14],"current_hp_per_floor":[48,48,48,48,48,48,47,75,75,37,70,70,67,80,80,51,80,0,0],"gold":35,"neow_bonus":"","is_daily":true,"chose_seed":false,"campfire_upgraded":2,"win_rate":0.0,"timestamp":1609818357,"path_taken":["M","?","M","M","?","R","E","R","T","M","R","?","M","$","R","BOSS","M"],"items_purchased_type":["Relic","Card","Card"],"build_version":"2020-12-22","purchased_purges":1,"victory":false,"max_hp_per_floor":[75,75,75,75,75,75,80,75,75,75,70,70,73,80,80,80,80,80,80],"card_choices":[{"not_picked":["True Grit","Body Slam"],"picked":"Thunderclap","floor":1},{"not_picked":["DeceiveReality","LessonLearned"],"picked":"SashWhip","floor":3},{"not_picked":["PathToVictory","EmptyFist"],"picked":"FlurryOfBlows","floor":4},{"not_picked":["BowlingBash","Heavy Blade"],"picked":"LikeWater","floor":7},{"not_picked":["Headbutt","BattleHymn"],"picked":"ClearTheMind","floor":10},{"not_picked":["Anger","Armaments"],"picked":"Disarm","floor":13},{"not_picked":["Scrawl","Brutality"],"picked":"Demon Form","floor":16}],"player_experience":923872,"relics_obtained":[{"floor":7,"key":"MealTicket"},{"floor":9,"key":"Kunai"},{"floor":12,"key":"Ornamental Fan"}],"event_choices":[{"damage_healed":0,"gold_gain":0,"player_choice":"Take Wound","damage_taken":0,"relics_obtained":["Golden Idol"],"max_hp_gain":0,"max_hp_loss":0,"event_name":"Golden Idol","floor":2,"gold_loss":0,"cards_obtained":["Injury"]},{"damage_healed":0,"gold_gain":0,"player_choice":"Grow","damage_taken":0,"max_hp_gain":0,"max_hp_loss":0,"event_name":"Living Wall","floor":5,"gold_loss":0,"cards_upgraded":["DevaForm"]}],"is_beta":false,"boss_relics":[{"not_picked":["Philosopher\u0027s Stone","Snecko Eye"],"picked":"Astrolabe"}],"items_purged_floors":[14],"is_endless":false,"potions_floor_spawned":[7,10],"killed_by":"2 Thieves","ascension_level":0}}