{"host":"ai2zab3l3qrfb1vu","time":1609834686,"event":{"mods":["2.2 Compatiblity","Act Like it!","BaseMod","BetterRewards","Friendly Minions","Gensokyo","GifTheSpireLib","Highlight Path","Hubris","Infinite Spire","MarisaÅiñ∂âJÅ@ñÇóùçπÅj","Mimic Mod","Minty Spire (QoL Compilation)","Relic Filter","Replay The Spire","Shop Mod","StSLib","The Alterego","The Marked","Wandering Minibosses","Yakumo Yukari mod"],"gold_per_floor":[109,127,28,45,45,77,77,77,77,77,110,110,126,126,126,222,222,232,250,500,500,900,929,929,929,977,977,977],"floor_reached":27,"playtime":1749,"items_purged":["Clumsy"],"score":237,"play_id":"d7f225ed-d65c-401a-a294-61b31b3215db","local_time":"20210105011806","is_ascension_mode":false,"campfire_choices":[{"data":"theMarked:ChannelForce","floor":7,"key":"SMITH"},{"data":"theMarked:SoldierOfQuellstein","floor":10,"key":"SMITH"},{"floor":15,"key":"REST"},{"data":"theMarked:ElementalBlade","floor":24,"key":"SMITH"}],"circlet_count":0,"master_deck":["theMarked:Strike+1","theMarked:Strike+1","theMarked:Strike","theMarked:Strike","theMarked:Strike","theMarked:Defend","theMarked:Defend","theMarked:Defend","theMarked:Defend","theMarked:SoldierOfQuellstein+1","theMarked:ChannelForce+1","theMarked:ElementalBlade+1","Gensokyo:SummonYinYangFox","theMarked:EmpowerWeapon","theMarked:SummonStrength"],"relics":["theMarked:ArtifactOfAir","Smiling Mask","Gensokyo:PortableGap","Gensokyo:Companionship","Gensokyo:NagashiBinaDoll","hubris:Icosahedron","Sozu","Whetstone","theMarked:DemonDagger"],"acts_visited":["Gensokyo:Gensokyo","Gensokyo:Gensokyoer"],"potions_floor_usage":[2,6,16,18],"damage_taken":[{"damage":6,"enemies":"Gensokyo:2_Kodama","floor":1,"turns":3},{"damage":6,"enemies":"Gensokyo:Gryphon","floor":2,"turns":3},{"damage":6,"enemies":"Gensokyo:Python","floor":4,"turns":3},{"damage":17,"enemies":"Gensokyo:Mamizou","floor":6,"turns":9},{"damage":24,"enemies":"Gensokyo:Cirno","floor":11,"turns":6},{"damage":4,"enemies":"Gensokyo:CorruptedTreant","floor":13,"turns":3},{"damage":6,"enemies":"Gensokyo:Yukari","floor":16,"turns":4},{"damage":6,"enemies":"Gensokyo:CosmicMonolith","floor":18,"turns":2},{"damage":12,"enemies":"Gensokyo:Chomper","floor":19,"turns":4},{"damage":30,"enemies":"Gensokyo:Reisen","floor":23,"turns":8},{"damage":15,"enemies":"Gensokyo:Slime_Group","floor":27,"turns":1}],"seed_played":"5526660149247552665","potions_obtained":[{"floor":1,"key":"Fire Potion"},{"floor":2,"key":"DuplicationPotion"},{"floor":4,"key":"Strength Potion"},{"floor":16,"key":"Explosive Potion"}],"is_trial":false,"path_per_floor":["M","M","COS","M","$","E","R","?","T","R","E","?","M","?","R","B",null,"M","M","?","AVR","?","E","R","?","T","M"],"character_chosen":"THE_DEFAULT","items_purchased":[],"campfire_rested":1,"item_purchase_floors":[],"current_hp_per_floor":[64,58,58,52,52,35,35,35,35,35,11,11,7,7,25,19,63,57,45,45,45,45,15,15,15,15,0,0],"gold":977,"neow_bonus":"ONE_RANDOM_RARE_CARD","is_daily":false,"chose_seed":false,"campfire_upgraded":3,"win_rate":0.0,"timestamp":1609834686,"path_taken":["M","M","COS","M","$","E","R","?","T","R","E","?","M","?","R","BOSS","M","M","?","AVR","?","E","R","?","T","?"],"items_purchased_type":[],"build_version":"2020-12-22","purchased_purges":1,"victory":false,"max_hp_per_floor":[70,70,70,70,70,70,70,63,63,63,63,63,63,63,63,63,63,63,63,60,60,60,60,60,60,60,60,60],"card_choices":[{"not_picked":["theMarked:Static","theMarked:Indomitable"],"picked":"theMarked:ElementalBlade","floor":1},{"not_picked":["theMarked:AttractMetal","theMarked:Parkour","theMarked:ResourceFulStrike"],"picked":"SKIP","floor":2},{"not_picked":["theMarked:Parkour","theMarked:Frustration","theMarked:Parry"],"picked":"SKIP","floor":4},{"not_picked":["theMarked:Snap","theMarked:ContemptForTheProud","theMarked:Convert"],"picked":"SKIP","floor":6},{"not_picked":["theMarked:HeightenedSenses","theMarked:Electrocute","theMarked:HeritageOfTheMarked"],"picked":"SKIP","floor":11},{"not_picked":["theMarked:TwofoldDefense","theMarked:Standoff"],"picked":"theMarked:EmpowerWeapon","floor":13},{"not_picked":["theMarked:DispelDoubt","theMarked:Defy"],"picked":"theMarked:SummonStrength","floor":16},{"not_picked":["theMarked:TunnelVision","theMarked:Static","theMarked:Aftermath"],"picked":"SKIP","floor":18},{"not_picked":["theMarked:Parkour","theMarked:ResourceFulStrike","theMarked:Improvise"],"picked":"SKIP","floor":19},{"not_picked":["theMarked:ResourceFulStrike","theMarked:EmpowerWeapon","theMarked:PowerFlow"],"picked":"SKIP","floor":23}],"player_experience":566934,"relics_obtained":[{"floor":6,"key":"Smiling Mask"},{"floor":11,"key":"Replay:Kaleidoscope"},{"floor":23,"key":"Whetstone"},{"floor":26,"key":"theMarked:DemonDagger"}],"event_choices":[],"is_beta":false,"boss_relics":[{"not_picked":["ReplayTheSpireMod:SealedPack","Empty Cage"],"picked":"Sozu"}],"items_purged_floors":[21],"is_endless":false,"potions_floor_spawned":[1,2,4,16,18,19],"killed_by":"Gensokyo:Slime_Group","ascension_level":0}}