{"host":"g1wmg2w41xhsnw8g","time":1609831259,"event":{"mods":["100% Spire Juice","2.2 Compatiblity","Act Like it!","BaseMod","Better Altar","Better Match","Better Note","Better Sensory Stone","Better Skull","Better Third Choice","BetterRewards","Booster Modes","CapriCore","Colored Map","Colored Powertips","Curses Come First","Defuse TimeMaze Blight","Displayed Cursed Tome","Evolution","Friendly Minions","GifTheSpireLib","Googly Eyes","Infinite Spire","Jedi Mod","JesterMod","Minty Spire (QoL Compilation)","Red Circlet Mod","Relic Sorter","SCP261 Mod","Shop Mod","Spicy Shops","StSLib","The Sage","Transform Curses","Wandering Minibosses","????"],"gold_per_floor":[109,121,121,141,152,181,146,171,171,203,203,60,60,70,70,187,187,160,160,160,177,192,192,192],"floor_reached":23,"playtime":1600,"items_purged":[],"score":324,"play_id":"40610283-4182-4f0a-9d16-ac04b9709b86","local_time":"20210105022059","daily_mods":["Specialized","Allstar","Elite Swarm"],"is_ascension_mode":true,"campfire_choices":[{"floor":11,"key":"REST"},{"data":"jesterMod:Schizophrenia","floor":15,"key":"SMITH"}],"circlet_count":0,"master_deck":["jesterMod:Strike","jesterMod:Strike","jesterMod:Strike","jesterMod:Strike","jesterMod:Sickle","jesterMod:Defend+1","jesterMod:Defend","jesterMod:Defend","jesterMod:Defend","jesterMod:Dodge","jesterMod:DanceOfChaos","jesterMod:DanceOfChaos","jesterMod:DanceOfChaos","jesterMod:DanceOfChaos","jesterMod:DanceOfChaos","jedi:RedIncense","Apotheosis+1","Secret Weapon","Purity","Transmutation","jesterMod:TrickyDodge","jesterMod:Inspiration","jesterMod:Contradiction","jesterMod:Pillage","jesterMod:Juggle","jesterMod:Overthink","Regret","jesterMod:Schizophrenia+1","jesterMod:ButterflyDance","sagemod:Energetic_Brew","jesterMod:DancingMad"],"relics":["jesterMod:JesterCap","EVO:Axolotl","jedi:shrinkray","Strawberry","Kunai","jedi:kaleidoscope","Lee\u0027s Waffle","Anchor","Black Star"],"acts_visited":["Exordium","TheCity"],"potions_floor_usage":[2,6,8,10,21,21,22,22,22],"damage_taken":[{"damage":6,"enemies":"Small Slimes","floor":1,"turns":4},{"damage":9,"enemies":"Cultist","floor":2,"turns":5},{"damage":13,"enemies":"Jaw Worm","floor":4,"turns":4},{"damage":14,"enemies":"Exordium Wildlife","floor":5,"turns":4},{"damage":0,"enemies":"Gremlin Nob","floor":6,"turns":1},{"damage":6,"enemies":"Lagavulin","floor":8,"turns":5},{"damage":54,"enemies":"Gremlin Nob","floor":10,"turns":6},{"damage":8,"enemies":"3 Louse","floor":14,"turns":7},{"damage":47,"enemies":"Hexaghost","floor":16,"turns":9},{"damage":19,"enemies":"2 Thieves","floor":18,"turns":5},{"damage":32,"enemies":"Shell Parasite","floor":21,"turns":5},{"damage":34,"enemies":"Centurion and Healer","floor":22,"turns":7},{"damage":2,"enemies":"Nightmare","floor":23,"turns":1}],"seed_played":"2409106823314457599","potions_obtained":[{"floor":1,"key":"AttackPotion"},{"floor":4,"key":"jedi:StrikingPotion"},{"floor":5,"key":"SCP261:DewritoBlazePotion"},{"floor":6,"key":"ColorlessPotion"},{"floor":18,"key":"SmokeBomb"},{"floor":20,"key":"SkillPotion"},{"floor":20,"key":"jedi:StrikingPotion"},{"floor":20,"key":"Energy Potion"},{"floor":21,"key":"SkillPotion"}],"is_trial":true,"path_per_floor":["M","M","?","M","M","E","?","E","T","E","R","$","?","M","R","B",null,"M","?","?","M","M","NM"],"character_chosen":"THE_JESTER","items_purchased":["Lee\u0027s Waffle"],"campfire_rested":1,"item_purchase_floors":[12],"current_hp_per_floor":[64,55,55,42,37,37,54,55,55,1,24,84,84,79,79,32,87,68,68,68,36,2,0,0],"gold":192,"neow_bonus":"","is_daily":false,"chose_seed":false,"campfire_upgraded":1,"win_rate":0.0,"timestamp":1609831259,"path_taken":["M","M","?","?","M","E","?","E","T","E","R","$","?","M","R","BOSS","M","?","?","?","M","NM"],"items_purchased_type":["Relic"],"build_version":"2020-12-22","purchased_purges":0,"victory":false,"max_hp_per_floor":[70,70,70,70,70,70,70,77,77,77,77,84,84,87,87,87,87,87,87,87,87,87,87,87],"card_choices":[{"not_picked":["jesterMod:Haste","jesterMod:BouncingKnife"],"picked":"jesterMod:TrickyDodge","floor":1},{"not_picked":["jesterMod:Tinker","jesterMod:Rebuff"],"picked":"jesterMod:Inspiration","floor":2},{"not_picked":["jesterMod:ButterKnife","jesterMod:TrickyDodge"],"picked":"jesterMod:Contradiction","floor":4},{"not_picked":["jesterMod:Frustration","jesterMod:Disposophobia","jesterMod:FlameDance"],"picked":"SKIP","floor":5},{"not_picked":["jesterMod:Encore","jesterMod:Placebo"],"picked":"jesterMod:Pillage","floor":6},{"not_picked":["jesterMod:Trance","jesterMod:Squander"],"picked":"jesterMod:Juggle","floor":8},{"not_picked":["jesterMod:Juggle","jesterMod:Leeches"],"picked":"jesterMod:Overthink","floor":10},{"not_picked":["jesterMod:BouncingKnife","jesterMod:SmokeScreen"],"picked":"jesterMod:Schizophrenia","floor":14},{"not_picked":["jesterMod:Pillage","jesterMod:Juggler"],"picked":"jesterMod:ButterflyDance","floor":16},{"not_picked":["jesterMod:TrickyDodge+1","jesterMod:MudBall","jesterMod:BouncingKnife"],"picked":"SKIP","floor":18},{"not_picked":["jesterMod:DanceOfChaos+1","jesterMod:RecklessStrike","jesterMod:JackInTheBox"],"picked":"SKIP","floor":21},{"not_picked":["jesterMod:Hide","jesterMod:Twirl"],"picked":"jesterMod:DancingMad","floor":22}],"player_experience":874754,"relics_obtained":[{"floor":6,"key":"jedi:shrinkray"},{"floor":8,"key":"Strawberry"},{"floor":9,"key":"Kunai"},{"floor":10,"key":"jedi:kaleidoscope"}],"event_choices":[{"damage_healed":0,"gold_gain":0,"player_choice":"Upgraded","damage_taken":0,"max_hp_gain":0,"max_hp_loss":0,"event_name":"Upgrade Shrine","floor":3,"gold_loss":0,"cards_upgraded":["Apotheosis"]},{"damage_healed":17,"gold_gain":0,"player_choice":"Healed","damage_taken":0,"max_hp_gain":0,"max_hp_loss":0,"event_name":"The Cleric","floor":7,"gold_loss":35},{"damage_healed":0,"gold_gain":0,"player_choice":"Box","damage_taken":0,"relics_obtained":["Anchor"],"max_hp_gain":0,"max_hp_loss":0,"event_name":"Big Fish","floor":13,"gold_loss":0,"cards_obtained":["Regret"]},{"cards_removed":["jesterMod:ButterflyDance"],"damage_healed":0,"gold_gain":0,"player_choice":"Take \u0026 Give","damage_taken":0,"max_hp_gain":0,"max_hp_loss":0,"event_name":"betterNote:BetterNote","floor":19,"gold_loss":0,"cards_obtained":["sagemod:Energetic_Brew"]},{"damage_healed":0,"gold_gain":0,"player_choice":"Got Potions","damage_taken":0,"max_hp_gain":0,"max_hp_loss":0,"event_name":"Lab","floor":20,"gold_loss":0}],"is_beta":false,"boss_relics":[{"not_picked":["Sozu","infinitespire:Cupcake"],"picked":"Black Star"}],"items_purged_floors":[],"is_endless":false,"potions_floor_spawned":[1,4,5,6,18,21],"killed_by":"Nightmare","ascension_level":1}}