{"host":"8by3m8mve9y2rhh4","time":1609834633,"event":{"mods":["BaseMod","Minty Spire (QoL Compilation)","Quick Restart"],"gold_per_floor":[14,25,25,25,41,75,95,125,125,125,141,141,141,174,174,274,274,291,308,308,325,342,342,342],"floor_reached":23,"playtime":801,"items_purged":[],"score":224,"play_id":"696bb936-8eff-470e-8ebc-b19fdb7a9d50","local_time":"20210105081713","is_ascension_mode":true,"campfire_choices":[{"floor":10,"key":"REST"},{"floor":13,"key":"REST"},{"floor":15,"key":"REST"}],"circlet_count":0,"master_deck":["Strike_R","Strike_R","Strike_R","Strike_R","Strike_R","Defend_R","Defend_R","Defend_R","Defend_R","Bash","Iron Wave","Inflame","Wild Strike","Metallicize","Inflame","Second Wind","Limit Break","Headbutt","Fire Breathing+1","Twin Strike"],"relics":["Black Blood","Dead Branch","FaceOfCleric","Darkstone Periapt","Du-Vu Doll","WingedGreaves","Bronze Scales","Frozen Egg 2"],"acts_visited":["Exordium","TheCity"],"potions_floor_usage":[6,6,11,21,22,23],"damage_taken":[{"damage":6,"enemies":"Cultist","floor":1,"turns":3},{"damage":6,"enemies":"2 Louse","floor":2,"turns":3},{"damage":9,"enemies":"Jaw Worm","floor":5,"turns":5},{"damage":12,"enemies":"Gremlin Nob","floor":6,"turns":4},{"damage":24,"enemies":"Exordium Wildlife","floor":7,"turns":5},{"damage":24,"enemies":"Lagavulin","floor":8,"turns":9},{"damage":3,"enemies":"Gremlin Gang","floor":11,"turns":3},{"damage":27,"enemies":"Gremlin Nob","floor":14,"turns":5},{"damage":75,"enemies":"The Guardian","floor":16,"turns":9},{"damage":38,"enemies":"2 Thieves","floor":18,"turns":5},{"damage":16,"enemies":"Chosen","floor":19,"turns":6},{"damage":40,"enemies":"Sentry and Sphere","floor":21,"turns":6},{"damage":19,"enemies":"Snecko","floor":22,"turns":5},{"damage":40,"enemies":"Book of Stabbing","floor":23,"turns":3}],"seed_played":"398804816672688138","potions_obtained":[{"floor":2,"key":"Ancient Potion"},{"floor":5,"key":"BlessingOfTheForge"},{"floor":7,"key":"Explosive Potion"},{"floor":8,"key":"Ancient Potion"},{"floor":19,"key":"Strength Potion"},{"floor":21,"key":"EssenceOfSteel"}],"is_trial":false,"path_per_floor":["M","M","$","?","M","E","M","E","T","R","M","T","R","E","R","B",null,"M","M","?","M","M","E"],"character_chosen":"IRONCLAD","items_purchased":[],"campfire_rested":3,"item_purchase_floors":[],"current_hp_per_floor":[80,80,80,80,78,73,56,39,39,64,68,68,85,65,86,18,87,62,59,59,32,26,0,0],"gold":342,"neow_bonus":"ONE_RARE_RELIC","is_daily":false,"chose_seed":false,"campfire_upgraded":0,"win_rate":0.0,"timestamp":1609834633,"path_taken":["M","M","?","?","?","E","M","E","T","R","M","?","R","E","R","BOSS","M","M","?","M","M","E"],"items_purchased_type":[],"build_version":"2020-12-22","purchased_purges":0,"victory":false,"max_hp_per_floor":[80,80,80,80,81,82,83,84,84,84,85,85,85,86,86,87,87,88,89,89,90,91,91,91],"card_choices":[{"not_picked":["Shrug It Off","Heavy Blade"],"picked":"Iron Wave","floor":1},{"not_picked":["Dark Embrace","Uppercut"],"picked":"Inflame","floor":2},{"not_picked":["Flex","Heavy Blade","Searing Blow"],"picked":"SKIP","floor":5},{"not_picked":["Juggernaut","Anger"],"picked":"Wild Strike","floor":6},{"not_picked":["Wild Strike","Warcry"],"picked":"Metallicize","floor":7},{"not_picked":["Bloodletting","Clothesline"],"picked":"Inflame","floor":8},{"not_picked":["Carnage","Perfected Strike"],"picked":"Second Wind","floor":11},{"not_picked":["Carnage","Thunderclap"],"picked":"Limit Break","floor":14},{"not_picked":["Havoc","Perfected Strike"],"picked":"Headbutt","floor":18},{"not_picked":["Clothesline","Flex","Shockwave"],"picked":"SKIP","floor":19},{"not_picked":["Searing Blow+1","Warcry"],"picked":"Twin Strike","floor":21},{"not_picked":["Perfected Strike","Wild Strike","Thunderclap"],"picked":"SKIP","floor":22}],"player_experience":654624,"relics_obtained":[{"floor":6,"key":"Darkstone Periapt"},{"floor":8,"key":"Du-Vu Doll"},{"floor":9,"key":"WingedGreaves"},{"floor":12,"key":"Bronze Scales"},{"floor":14,"key":"Frozen Egg 2"}],"event_choices":[{"damage_healed":0,"gold_gain":0,"player_choice":"Trade","damage_taken":0,"relics_obtained":["FaceOfCleric"],"max_hp_gain":0,"max_hp_loss":0,"event_name":"FaceTrader","floor":4,"gold_loss":0},{"damage_healed":0,"gold_gain":0,"player_choice":"Read","damage_taken":0,"max_hp_gain":0,"max_hp_loss":0,"event_name":"The Library","floor":20,"gold_loss":0,"cards_obtained":["Fire Breathing"]}],"is_beta":false,"boss_relics":[{"not_picked":["Velvet Choker","Astrolabe"],"picked":"Black Blood"}],"items_purged_floors":[],"is_endless":false,"potions_floor_spawned":[2,5,7,8,19,21],"killed_by":"Book of Stabbing","ascension_level":1}}