{"host":"sc0o2qwpf9j16a4i","time":1609836365,"event":{"mods":["AchievementEnabler","BaseMod","BetterRewards","Block Reminder","Colored Map","Colored Powertips","Custom Start","Highlight Path","Minty Spire (QoL Compilation)","Relic Stats"],"gold_per_floor":[164,179,179,196,212,212,246,246,272,272,284,317,333,12,12,83,83,93,143,143,143],"floor_reached":20,"playtime":557,"items_purged":[],"score":418,"play_id":"26b6b881-5800-4128-b94f-71c4f8a2fb41","local_time":"20210105104605","is_ascension_mode":true,"campfire_choices":[{"data":"Dash","floor":6,"key":"SMITH"},{"floor":8,"key":"REST"},{"data":"Dagger Spray","floor":10,"key":"SMITH"},{"floor":15,"key":"REST"}],"circlet_count":0,"master_deck":["AscendersBane","Strike_G+1","Strike_G","Strike_G+1","Strike_G+1","Strike_G","Defend_G","Defend_G+1","Defend_G","Defend_G","Defend_G","Survivor","Neutralize","Dash+1","Dagger Throw","Caltrops","Deflect","Deadly Poison+1","Dagger Spray+1","Terror","Deadly Poison","Catalyst","Night Terror","Footwork+1"],"relics":["Tiny House","War Paint","Blood Vial","Whetstone","Medical Kit","Bronze Scales","HoveringKite"],"acts_visited":["Exordium","TheCity"],"potions_floor_usage":[3,7,12,13,16],"damage_taken":[{"damage":7,"enemies":"2 Louse","floor":1,"turns":3},{"damage":0,"enemies":"Cultist","floor":2,"turns":4},{"damage":4,"enemies":"Small Slimes","floor":4,"turns":3},{"damage":3,"enemies":"2 Fungi Beasts","floor":5,"turns":4},{"damage":20,"enemies":"Lagavulin","floor":7,"turns":7},{"damage":28,"enemies":"Large Slime","floor":11,"turns":7},{"damage":0,"enemies":"Gremlin Nob","floor":12,"turns":3},{"damage":0,"enemies":"3 Louse","floor":13,"turns":1},{"damage":56,"enemies":"Slime Boss","floor":16,"turns":11},{"damage":35,"enemies":"Spheric Guardian","floor":18,"turns":8},{"damage":29,"enemies":"3 Byrds","floor":20,"turns":2}],"seed_played":"-8172346478300489941","potions_obtained":[{"floor":0,"key":"BlessingOfTheForge"},{"floor":3,"key":"Fruit Juice"},{"floor":3,"key":"BlessingOfTheForge"},{"floor":4,"key":"SpeedPotion"},{"floor":5,"key":"Explosive Potion"},{"floor":11,"key":"ColorlessPotion"},{"floor":12,"key":"Explosive Potion"}],"is_trial":false,"path_per_floor":["M","M","?","M","M","R","E","R","T","R","M","E","M","$","R","B",null,"M","?","M"],"character_chosen":"THE_SILENT","items_purchased":["Medical Kit","Bronze Scales"],"campfire_rested":2,"item_purchase_floors":[14,14],"current_hp_per_floor":[57,57,62,58,55,55,35,57,57,57,31,33,35,35,57,3,58,25,25,0,0],"gold":143,"neow_bonus":"BOSS_RELIC","is_daily":false,"chose_seed":false,"campfire_upgraded":2,"win_rate":0.0,"timestamp":1609836365,"path_taken":["M","M","?","M","?","R","E","R","T","R","M","E","?","?","R","BOSS","M","?","M"],"items_purchased_type":["Relic","Relic"],"build_version":"2020-12-22","purchased_purges":0,"victory":false,"max_hp_per_floor":[71,71,76,76,76,76,76,76,76,76,76,76,76,76,76,76,76,76,76,76,76],"relic_stats":{"Blood Vial":12,"counters":[11,53],"Bronze Scales":[69],"HoveringKite":[3],"Whetstone":["Strike_G","Strike_G"],"War Paint":["Defend_G","Deadly Poison"],"Medical Kit":[0],"obtain_stats":[{"Blood Vial":9,"Tiny House":0,"Bronze Scales":14,"HoveringKite":17,"Whetstone":12,"War Paint":7,"Medical Kit":14,"Ring of the Snake":0},{"Blood Vial":5,"Tiny House":0,"Bronze Scales":8,"HoveringKite":9,"Whetstone":7,"War Paint":5,"Medical Kit":8,"Ring of the Snake":0},{"Blood Vial":21,"Tiny House":0,"Bronze Scales":32,"HoveringKite":43,"Whetstone":31,"War Paint":21,"Medical Kit":32,"Ring of the Snake":0}]},"card_choices":[{"not_picked":["Cloak And Dagger","Quick Slash"],"picked":"Dash","floor":0},{"not_picked":["Riddle With Holes","Caltrops"],"picked":"Dagger Throw","floor":1},{"not_picked":["Choke","Underhanded Strike"],"picked":"Caltrops","floor":2},{"not_picked":["Cloak And Dagger","Night Terror"],"picked":"Deflect","floor":4},{"not_picked":["Backflip","Acrobatics"],"picked":"Deadly Poison","floor":5},{"not_picked":["Prepared","Bane"],"picked":"Dagger Spray","floor":7},{"not_picked":["Doppelganger","Prepared"],"picked":"Terror","floor":11},{"not_picked":["Backflip","Heel Hook"],"picked":"Deadly Poison","floor":12},{"not_picked":["Flechettes","Eviscerate"],"picked":"Catalyst","floor":13},{"not_picked":["Grand Finale","Venomology"],"picked":"Night Terror","floor":16},{"not_picked":["Poisoned Stab","Well Laid Plans"],"picked":"Footwork+1","floor":18}],"player_experience":544544,"relics_obtained":[{"floor":7,"key":"War Paint"},{"floor":9,"key":"Blood Vial"},{"floor":12,"key":"Whetstone"}],"event_choices":[{"damage_healed":0,"gold_gain":0,"player_choice":"Got Potions","damage_taken":0,"max_hp_gain":0,"max_hp_loss":0,"event_name":"Lab","floor":3,"gold_loss":0},{"damage_healed":0,"gold_gain":50,"player_choice":"Stole From Cult","damage_taken":0,"max_hp_gain":0,"max_hp_loss":0,"event_name":"Nest","floor":19,"gold_loss":0}],"is_beta":false,"boss_relics":[{"not_picked":["Astrolabe","Calling Bell"],"picked":"HoveringKite"}],"items_purged_floors":[],"is_endless":false,"potions_floor_spawned":[4,5,11,12],"killed_by":"3 Byrds","ascension_level":20}}