{"host":"5wznv0010959mrmz","time":1609819583,"event":{"mods":["BaseMod","Highlight Path","Minty Spire (QoL Compilation)","Relic Stats"],"gold_per_floor":[361,373,37,51,16,45,45,55,55,55,90,90,111,151,151,151,151],"floor_reached":16,"playtime":608,"items_purged":[],"score":240,"play_id":"01f3a1a1-a4ef-4a9b-b6d9-aba26e16a9b9","local_time":"20210104220623","is_ascension_mode":true,"campfire_choices":[{"data":"Underhanded Strike","floor":7,"key":"SMITH"},{"data":"Acrobatics","floor":10,"key":"SMITH"},{"floor":15,"key":"REST"}],"circlet_count":0,"master_deck":["AscendersBane","Strike_G","Strike_G","Strike_G","Strike_G","Strike_G","Defend_G","Defend_G","Defend_G","Defend_G","Defend_G","Survivor","Neutralize","Underhanded Strike+1","Dagger Spray","Tools of the Trade","Dagger Throw","Acrobatics+1","Deadly Poison","Injury","Backstab","Backflip"],"relics":["Ring of the Snake","ClockworkSouvenir","Happy Flower","Shuriken","Bird Faced Urn","Golden Idol","MealTicket"],"acts_visited":["Exordium"],"potions_floor_usage":[6,16,16],"damage_taken":[{"damage":0,"enemies":"Jaw Worm","floor":1,"turns":4},{"damage":6,"enemies":"Small Slimes","floor":2,"turns":4},{"damage":4,"enemies":"2 Louse","floor":4,"turns":2},{"damage":20,"enemies":"Gremlin Nob","floor":6,"turns":4},{"damage":1,"enemies":"Exordium Thugs","floor":8,"turns":5},{"damage":19,"enemies":"Lagavulin","floor":11,"turns":6},{"damage":0,"enemies":"Looter","floor":13,"turns":3},{"damage":8,"enemies":"Gremlin Nob","floor":14,"turns":3},{"damage":29,"enemies":"The Guardian","floor":16,"turns":10}],"seed_played":"6404894783644642088","potions_obtained":[{"floor":2,"key":"FearPotion"},{"floor":6,"key":"Weak Potion"},{"floor":11,"key":"GhostInAJar"},{"floor":13,"key":"GhostInAJar"}],"is_trial":false,"path_per_floor":["M","M","$","M","?","E","R","M","T","R","E","?","M","E","R","B"],"character_chosen":"THE_SILENT","items_purchased":["Tools of the Trade","ClockworkSouvenir"],"campfire_rested":1,"item_purchase_floors":[3,3],"current_hp_per_floor":[44,38,38,34,50,30,30,29,29,29,10,10,10,4,23,0,0],"gold":151,"neow_bonus":"TWO_FIFTY_GOLD","is_daily":false,"chose_seed":false,"campfire_upgraded":2,"win_rate":0.0,"timestamp":1609819583,"path_taken":["M","M","$","M","?","E","R","M","T","R","E","?","M","E","R","BOSS"],"items_purchased_type":["Card","Relic"],"build_version":"2020-12-22","purchased_purges":0,"victory":false,"max_hp_per_floor":[66,66,66,66,66,66,66,66,66,66,66,66,66,66,66,66,66],"relic_stats":{"Happy Flower":[9],"counters":[9,41],"Shuriken":[8],"Golden Idol":12,"Bird Faced Urn":[4],"MealTicket":0,"obtain_stats":[{"Happy Flower":6,"Shuriken":9,"Golden Idol":12,"Bird Faced Urn":11,"MealTicket":14,"Ring of the Snake":0,"ClockworkSouvenir":3},{"Happy Flower":4,"Shuriken":5,"Golden Idol":6,"Bird Faced Urn":6,"MealTicket":8,"Ring of the Snake":0,"ClockworkSouvenir":2},{"Happy Flower":14,"Shuriken":19,"Golden Idol":25,"Bird Faced Urn":25,"MealTicket":31,"Ring of the Snake":0,"ClockworkSouvenir":8}],"Ring of the Snake":[18]},"card_choices":[{"not_picked":["Acrobatics","Flechettes"],"picked":"Underhanded Strike","floor":1},{"not_picked":["All Out Attack","Bane"],"picked":"Dagger Spray","floor":2},{"not_picked":["Backflip","Backstab"],"picked":"Dagger Throw","floor":4},{"not_picked":["Dagger Throw","Predator","Burst"],"picked":"SKIP","floor":6},{"not_picked":["Deflect","Dagger Spray"],"picked":"Acrobatics","floor":8},{"not_picked":["Acrobatics","Distraction"],"picked":"Deadly Poison","floor":11},{"not_picked":["Backflip","PiercingWail"],"picked":"Backstab","floor":13},{"not_picked":["Outmaneuver","Endless Agony"],"picked":"Backflip","floor":14}],"player_experience":407004,"relics_obtained":[{"floor":6,"key":"Happy Flower"},{"floor":9,"key":"Shuriken"},{"floor":11,"key":"Bird Faced Urn"},{"floor":14,"key":"MealTicket"}],"event_choices":[{"damage_healed":16,"gold_gain":0,"player_choice":"Healed","damage_taken":0,"max_hp_gain":0,"max_hp_loss":0,"event_name":"The Cleric","floor":5,"gold_loss":35},{"damage_healed":0,"gold_gain":0,"player_choice":"Take Wound","damage_taken":0,"relics_obtained":["Golden Idol"],"max_hp_gain":0,"max_hp_loss":0,"event_name":"Golden Idol","floor":12,"gold_loss":0,"cards_obtained":["Injury"]}],"is_beta":false,"boss_relics":[],"items_purged_floors":[],"is_endless":false,"potions_floor_spawned":[2,6,11,13],"killed_by":"The Guardian","ascension_level":20}}