{"host":"udzsrhbqdxqtlypj","time":1609876261,"event":{"mods":["BaseMod","Minty Spire (QoL Compilation)","Relic Stats"],"gold_per_floor":[209,219,394,77,91,91,106,133,133,144,172,185,220,230,230,326,376,386,133,133,143,143,143,173,173,173,173,190,47,60,93,93,93,93],"floor_reached":33,"playtime":1614,"items_purged":["Doubt","Strike_R"],"score":511,"play_id":"a9a69997-a3b9-41db-8020-ea9f923f22d0","local_time":"20210105135101","is_ascension_mode":true,"campfire_choices":[{"data":"Perfected Strike","floor":6,"key":"SMITH"},{"data":"Disarm","floor":15,"key":"SMITH"},{"data":"Trip","floor":23,"key":"SMITH"},{"floor":25,"key":"REST"},{"data":"Finesse","floor":27,"key":"SMITH"},{"floor":32,"key":"REST"}],"circlet_count":0,"master_deck":["AscendersBane","Strike_R","Strike_R+1","Defend_R","Defend_R","Defend_R","Defend_R","Bash","Perfected Strike+1","Twin Strike","Trip+1","Disarm+1","Spot Weakness","Whirlwind","Burning Pact","Headbutt+1","Perfected Strike+1","Immolate+1","Pommel Strike+1","Feed+1","Pommel Strike+1","Finesse+1","Flame Barrier","Warcry","Perfected Strike+1","Perfected Strike+1","Shockwave+1","Feed+1","Perfected Strike+1","Perfected Strike+1","True Grit"],"relics":["Burning Blood","Sling","Red Skull","Oddly Smooth Stone","Molten Egg 2","Boot","Tiny House","The Courier","Pear","Art of War","DollysMirror","Question Card"],"acts_visited":["Exordium","TheCity"],"potions_floor_usage":[14,16,24,24,33,33],"damage_taken":[{"damage":2,"enemies":"Jaw Worm","floor":1,"turns":3},{"damage":1,"enemies":"Cultist","floor":2,"turns":4},{"damage":6,"enemies":"2 Louse","floor":5,"turns":2},{"damage":18,"enemies":"Exordium Thugs","floor":7,"turns":6},{"damage":15,"enemies":"Lagavulin","floor":8,"turns":4},{"damage":10,"enemies":"Large Slime","floor":10,"turns":3},{"damage":8,"enemies":"Gremlin Nob","floor":11,"turns":3},{"damage":0,"enemies":"3 Louse","floor":12,"turns":3},{"damage":24,"enemies":"3 Sentries","floor":13,"turns":5},{"damage":6,"enemies":"Exordium Wildlife","floor":14,"turns":3},{"damage":9,"enemies":"Hexaghost","floor":16,"turns":6},{"damage":12,"enemies":"Chosen","floor":18,"turns":3},{"damage":26,"enemies":"Shell Parasite","floor":21,"turns":3},{"damage":68,"enemies":"Book of Stabbing","floor":24,"turns":6},{"damage":15,"enemies":"Snecko","floor":28,"turns":4},{"damage":6,"enemies":"3 Cultists","floor":30,"turns":3},{"damage":38,"enemies":"Slavers","floor":31,"turns":4},{"damage":70,"enemies":"Collector","floor":33,"turns":6}],"seed_played":"-7981789439840136080","potions_obtained":[{"floor":5,"key":"CultistPotion"},{"floor":11,"key":"Swift Potion"},{"floor":12,"key":"PowerPotion"},{"floor":14,"key":"AttackPotion"},{"floor":17,"key":"SpeedPotion"},{"floor":18,"key":"Block Potion"},{"floor":21,"key":"BloodPotion"},{"floor":30,"key":"GamblersBrew"},{"floor":31,"key":"SpeedPotion"}],"is_trial":false,"path_per_floor":["M","M","?","$","M","R","M","E","T","M","E","M","E","M","R","B",null,"M","$","?","M","T","R","E","R","T","R","M","$","M","E","R","B"],"character_chosen":"IRONCLAD","items_purchased":["Sling","Trip","Finesse","Flame Barrier","DollysMirror","Perfected Strike+1"],"campfire_rested":2,"item_purchase_floors":[4,4,19,19,29,29],"current_hp_per_floor":[76,80,80,80,80,80,68,59,59,55,53,59,41,41,41,38,75,73,73,73,57,57,57,23,53,53,53,44,44,48,16,48,0,0],"gold":93,"neow_bonus":"HUNDRED_GOLD","is_daily":false,"chose_seed":false,"campfire_upgraded":4,"win_rate":0.0,"timestamp":1609876261,"path_taken":["M","M","?","$","M","R","M","E","T","M","E","M","E","M","R","BOSS","M","$","?","M","?","R","E","R","T","R","?","$","M","E","R","BOSS"],"items_purchased_type":["Relic","Card","Card","Card","Relic","Card"],"build_version":"2020-12-22","purchased_purges":2,"victory":false,"max_hp_per_floor":[80,80,80,80,80,80,80,80,80,80,80,80,80,80,80,80,85,89,89,89,93,93,93,103,103,103,103,103,103,107,107,107,107,107],"relic_stats":{"counters":[18,71],"Art of War":[2],"Boot":[4],"Question Card":0,"obtain_stats":[{"Tiny House":17,"Pear":24,"DollysMirror":29,"Oddly Smooth Stone":9,"Molten Egg 2":11,"The Courier":22,"Art of War":26,"Sling":4,"Boot":13,"Question Card":31,"Burning Blood":0,"Red Skull":8},{"Tiny House":11,"Pear":14,"DollysMirror":15,"Oddly Smooth Stone":5,"Molten Egg 2":7,"The Courier":13,"Art of War":14,"Sling":2,"Boot":9,"Question Card":17,"Burning Blood":0,"Red Skull":5},{"Tiny House":42,"Pear":54,"DollysMirror":58,"Oddly Smooth Stone":19,"Molten Egg 2":25,"The Courier":48,"Art of War":54,"Sling":7,"Boot":33,"Question Card":65,"Burning Blood":0,"Red Skull":19}],"Burning Blood":101},"card_choices":[{"not_picked":["Havoc","Wild Strike"],"picked":"Perfected Strike","floor":1},{"not_picked":["Wild Strike","Armaments"],"picked":"Twin Strike","floor":2},{"not_picked":["Fire Breathing","Pummel"],"picked":"Disarm","floor":5},{"not_picked":["Twin Strike","Cleave"],"picked":"Spot Weakness","floor":7},{"not_picked":["Seeing Red","Blood for Blood"],"picked":"Whirlwind","floor":8},{"not_picked":["Metallicize","Rampage"],"picked":"Burning Pact","floor":10},{"not_picked":["Bloodletting","Flame Barrier"],"picked":"Headbutt+1","floor":11},{"not_picked":["Metallicize","Combust"],"picked":"Perfected Strike+1","floor":12},{"not_picked":["Flame Barrier","Twin Strike+1"],"picked":"Immolate+1","floor":13},{"not_picked":["Twin Strike+1","Power Through"],"picked":"Pommel Strike+1","floor":14},{"not_picked":["Offering","Exhume"],"picked":"Feed+1","floor":16},{"not_picked":["Twin Strike+1","Rupture"],"picked":"Pommel Strike+1","floor":17},{"not_picked":["Searing Blow+1","Pummel+1","Armaments"],"picked":"SKIP","floor":18},{"not_picked":["Havoc","Thunderclap+1"],"picked":"Perfected Strike+1","floor":21},{"not_picked":["Clash+1","Feed+1"],"picked":"Shockwave+1","floor":24},{"not_picked":["Warcry","Carnage+1","Pommel Strike+1"],"picked":"SKIP","floor":28},{"not_picked":["Cleave+1","Dropkick+1"],"picked":"Perfected Strike+1","floor":30},{"not_picked":["Immolate+1","Inflame+1"],"picked":"True Grit","floor":31}],"player_experience":2780889,"relics_obtained":[{"floor":8,"key":"Red Skull"},{"floor":9,"key":"Oddly Smooth Stone"},{"floor":11,"key":"Molten Egg 2"},{"floor":13,"key":"Boot"},{"floor":22,"key":"The Courier"},{"floor":24,"key":"Pear"},{"floor":26,"key":"Art of War"},{"floor":31,"key":"Question Card"}],"event_choices":[{"damage_healed":0,"gold_gain":175,"player_choice":"AGREE","damage_taken":0,"max_hp_gain":0,"max_hp_loss":0,"event_name":"Liars Game","floor":3,"gold_loss":0,"cards_obtained":["Doubt"]},{"damage_healed":0,"gold_gain":0,"cards_transformed":["Strike_R","Strike_R"],"player_choice":"Became Test Subject","damage_taken":0,"max_hp_gain":0,"max_hp_loss":0,"event_name":"Drug Dealer","floor":20,"gold_loss":0,"cards_obtained":["Warcry","Perfected Strike"]}],"is_beta":false,"boss_relics":[{"not_picked":["Busted Crown","Astrolabe"],"picked":"Tiny House"}],"items_purged_floors":[4,19],"is_endless":false,"potions_floor_spawned":[5,11,12,13,14,18,21,30,31],"killed_by":"Collector","ascension_level":10}}