{"host":"50per11302020","time":1609817442,"event":{"mods":["AchievementEnabler","BaseMod","Colored Map","Minty Spire (QoL Compilation)","Relic Stats","StSLib"],"gold_per_floor":[214,489,507,318,124,124,139,173,173,173,183,183,201,216,216,313,313,327,90,110,110,110],"floor_reached":21,"playtime":1590,"items_purged":["Regret"],"score":253,"play_id":"5f0a0aaa-7d55-45b4-a15b-77068eabbca4","local_time":"20210104193042","is_ascension_mode":true,"campfire_choices":[{"data":"Noxious Fumes","floor":6,"key":"SMITH"},{"floor":10,"key":"REST"},{"data":"Mayhem","floor":12,"key":"SMITH"},{"data":"Night Terror","floor":15,"key":"SMITH"}],"circlet_count":0,"master_deck":["Strike_G","Strike_G","Defend_G","Defend_G","Defend_G","Defend_G","Defend_G","Survivor","Neutralize","Noxious Fumes+1","Deadly Poison","Night Terror+1","Backflip","Mayhem+1","Bane","Underhanded Strike","Acrobatics","Tools of the Trade","Calculated Gamble+1","Terror+1","Terror+1","Underhanded Strike","The Bomb","Noxious Fumes","Noxious Fumes"],"relics":["Ring of the Snake","Darkstone Periapt","Bag of Preparation","Astrolabe"],"acts_visited":["Exordium","TheCity"],"potions_floor_usage":[8],"damage_taken":[{"damage":0,"enemies":"2 Louse","floor":1,"turns":5},{"damage":5,"enemies":"Cultist","floor":3,"turns":4},{"damage":8,"enemies":"Small Slimes","floor":7,"turns":5},{"damage":29,"enemies":"Gremlin Nob","floor":8,"turns":4},{"damage":4,"enemies":"Gremlin Gang","floor":11,"turns":4},{"damage":5,"enemies":"3 Louse","floor":13,"turns":4},{"damage":1,"enemies":"Blue Slaver","floor":14,"turns":3},{"damage":15,"enemies":"Hexaghost","floor":16,"turns":9},{"damage":21,"enemies":"2 Thieves","floor":18,"turns":5},{"damage":19,"enemies":"Spheric Guardian","floor":20,"turns":4},{"damage":18,"enemies":"Snake Plant","floor":21,"turns":2}],"seed_played":"2317329453393992077","potions_obtained":[{"floor":1,"key":"GamblersBrew"},{"floor":11,"key":"Poison Potion"}],"is_trial":false,"path_per_floor":["M","?","M","$","$","R","M","E","T","R","M","R","M","M","R","B",null,"M","$","M","M"],"character_chosen":"THE_SILENT","items_purchased":["Night Terror","Backflip","Mayhem","The Bomb","Noxious Fumes"],"campfire_rested":1,"item_purchase_floors":[4,4,5,19,19],"current_hp_per_floor":[63,63,58,58,58,58,50,21,21,42,38,38,33,32,32,17,57,36,36,17,0,0],"gold":110,"neow_bonus":"HUNDRED_GOLD","is_daily":false,"chose_seed":false,"campfire_upgraded":3,"win_rate":0.0,"timestamp":1609817442,"path_taken":["M","?","M","?","$","R","M","E","T","R","?","R","M","M","R","BOSS","M","$","M","M"],"items_purchased_type":["Card","Card","Card","Card","Card"],"build_version":"2020-12-18","purchased_purges":1,"victory":false,"max_hp_per_floor":[70,70,70,70,70,70,70,70,70,70,70,70,70,70,70,70,70,70,70,70,70,70],"relic_stats":{"Darkstone Periapt":0,"counters":[11,49],"Astrolabe":["Calculated Gamble","Terror","Terror"],"Bag of Preparation":[14],"obtain_stats":[{"Darkstone Periapt":8,"Astrolabe":17,"Bag of Preparation":9,"Ring of the Snake":0},{"Darkstone Periapt":4,"Astrolabe":8,"Bag of Preparation":4,"Ring of the Snake":0},{"Darkstone Periapt":18,"Astrolabe":38,"Bag of Preparation":18,"Ring of the Snake":0}],"Ring of the Snake":[22]},"card_choices":[{"not_picked":["Setup","Slice"],"picked":"Noxious Fumes","floor":1},{"not_picked":["Underhanded Strike","Cloak And Dagger"],"picked":"Deadly Poison","floor":3},{"not_picked":["Slice","Caltrops"],"picked":"Bane","floor":7},{"not_picked":["Storm of Steel","Backstab"],"picked":"Underhanded Strike","floor":8},{"not_picked":["Cloak And Dagger","Flying Knee"],"picked":"Acrobatics","floor":11},{"not_picked":["Bane","Dagger Throw","Deflect"],"picked":"SKIP","floor":13},{"not_picked":["Cloak And Dagger","Prepared","Poisoned Stab"],"picked":"SKIP","floor":14},{"not_picked":["Die Die Die","Grand Finale"],"picked":"Tools of the Trade","floor":16},{"not_picked":["Sucker Punch","Cloak And Dagger"],"picked":"Underhanded Strike","floor":18},{"not_picked":["Deflect","Dagger Spray"],"picked":"Noxious Fumes","floor":20}],"player_experience":79802,"relics_obtained":[{"floor":8,"key":"Darkstone Periapt"},{"floor":9,"key":"Bag of Preparation"}],"event_choices":[{"damage_healed":0,"gold_gain":275,"player_choice":"Desecrate","damage_taken":0,"max_hp_gain":0,"max_hp_loss":0,"event_name":"Golden Shrine","floor":2,"gold_loss":0,"cards_obtained":["Regret"]}],"is_beta":true,"boss_relics":[{"not_picked":["Ectoplasm","Empty Cage"],"picked":"Astrolabe"}],"items_purged_floors":[4],"is_endless":false,"potions_floor_spawned":[1,11],"killed_by":"Snake Plant","ascension_level":8}}