{"host":"0jile2yd1dg679g0","time":1609812170,"event":{"mods":["AchievementEnabler","Act Like it!","BaseMod","Better Third Choice","Colored Map","Colored Powertips","Gensokyo","Hermit","Luminous","Marisa????????","Minty Spire (QoL Compilation)","Random Character Button","Spicy Shops","StSLib","The Servant 0.9.4","Transform Curses","Waifu the Spire"],"gold_per_floor":[110,125,75,75,75,75,0,19,73,98,98,127,146,166,166,263,263,263,282,5,0,0,0,0,0],"floor_reached":24,"playtime":1383,"items_purged":["Strike_G","Grand Finale"],"score":233,"play_id":"59858448-4edc-4258-af3e-52cb053c524e","local_time":"20210104210250","is_ascension_mode":true,"campfire_choices":[{"data":"Finisher","floor":6,"key":"SMITH"},{"data":"Footwork","floor":11,"key":"SMITH"},{"data":"Tools of the Trade","floor":15,"key":"SMITH"},{"data":"Apotheosis","floor":23,"key":"SMITH"}],"circlet_count":0,"master_deck":["Strike_G","Strike_G","Defend_G","Defend_G","Defend_G","Survivor","Neutralize","Well Laid Plans","Finisher+1","Footwork+1","Slice","Blade Dance","Tools of the Trade+1","All Out Attack+1","All Out Attack+1","Poisoned Stab+1","Noxious Fumes","Apotheosis+1","Decay"],"relics":["Ring of the Snake","NeowsBlessing","Orichalcum","Vajra","Regal Pillow","Centennial Puzzle","Astrolabe"],"acts_visited":["Exordium","TheCity"],"potions_floor_usage":[18,24,24,24,24,24],"damage_taken":[{"damage":0,"enemies":"Cultist","floor":1,"turns":1},{"damage":0,"enemies":"2 Louse","floor":2,"turns":1},{"damage":0,"enemies":"Jaw Worm","floor":8,"turns":1},{"damage":8,"enemies":"3 Sentries","floor":12,"turns":8},{"damage":0,"enemies":"3 Louse","floor":13,"turns":4},{"damage":0,"enemies":"Looter","floor":14,"turns":1},{"damage":8,"enemies":"The Guardian","floor":16,"turns":7},{"damage":8,"enemies":"3 Byrds","floor":18,"turns":2},{"damage":13,"enemies":"Shell Parasite","floor":19,"turns":4},{"damage":40,"enemies":"Slavers","floor":24,"turns":5}],"seed_played":"-2149805757962147291","potions_obtained":[{"floor":2,"key":"SmokeBomb"},{"floor":12,"key":"FearPotion"},{"floor":13,"key":"EntropicBrew"}],"is_trial":false,"path_per_floor":["M","M","?","?","?","R","$","M","T","T","R","E","M","M","R","B",null,"M","M","$","?","?","R","E"],"character_chosen":"THE_SILENT","items_purchased":["Apotheosis"],"campfire_rested":0,"item_purchase_floors":[20],"current_hp_per_floor":[70,70,70,70,70,70,70,70,70,70,70,62,62,62,62,54,70,62,49,49,49,49,49,9,9],"gold":0,"neow_bonus":"THREE_ENEMY_KILL","is_daily":false,"chose_seed":false,"campfire_upgraded":4,"win_rate":0.0,"timestamp":1609812170,"path_taken":["M","?","?","?","?","R","$","M","T","?","R","E","M","M","R","BOSS","M","M","$","?","?","R","E"],"items_purchased_type":["Card"],"build_version":"2020-12-22","purchased_purges":2,"victory":false,"max_hp_per_floor":[70,70,70,70,70,70,70,70,70,70,70,70,70,70,70,70,70,70,70,70,70,70,70,70,70],"card_choices":[{"not_picked":["Poisoned Stab","Bane"],"picked":"Well Laid Plans","floor":1},{"not_picked":["Acrobatics","Bane"],"picked":"Finisher","floor":2},{"not_picked":["Flechettes","Dagger Throw"],"picked":"Footwork","floor":8},{"not_picked":["Skewer","Dagger Spray"],"picked":"Slice","floor":12},{"not_picked":["Deflect","Backstab"],"picked":"Blade Dance","floor":13},{"not_picked":["Flying Knee","Masterful Stab"],"picked":"Tools of the Trade","floor":14},{"not_picked":["Envenom","Unload"],"picked":"Grand Finale","floor":16},{"not_picked":["Quick Slash","Well Laid Plans"],"picked":"Noxious Fumes","floor":19}],"player_experience":241245,"relics_obtained":[{"floor":9,"key":"Vajra"},{"floor":10,"key":"Regal Pillow"},{"floor":12,"key":"Centennial Puzzle"}],"event_choices":[{"cards_removed":["Defend_G"],"damage_healed":0,"gold_gain":0,"player_choice":"Card Removal","damage_taken":0,"max_hp_gain":0,"max_hp_loss":0,"event_name":"The Cleric","floor":3,"gold_loss":50},{"damage_healed":0,"gold_gain":0,"player_choice":"Box","damage_taken":0,"relics_obtained":["Orichalcum"],"max_hp_gain":0,"max_hp_loss":0,"event_name":"Big Fish","floor":4,"gold_loss":0,"cards_obtained":["Regret"]},{"cards_removed":["Regret"],"damage_healed":0,"gold_gain":0,"player_choice":"Forget","damage_taken":0,"max_hp_gain":0,"max_hp_loss":0,"event_name":"Living Wall","floor":5,"gold_loss":0},{"damage_healed":0,"gold_gain":0,"player_choice":"Paid Fearfully","damage_taken":0,"max_hp_gain":0,"max_hp_loss":0,"event_name":"Masked Bandits","floor":21,"gold_loss":5},{"damage_healed":0,"gold_gain":0,"player_choice":"Cursed","damage_taken":0,"max_hp_gain":0,"max_hp_loss":0,"event_name":"Wheel of Change","floor":22,"gold_loss":0,"cards_obtained":["Decay"]}],"is_beta":false,"boss_relics":[{"not_picked":["Empty Cage","SacredBark"],"picked":"Astrolabe"}],"items_purged_floors":[7,20],"is_endless":false,"potions_floor_spawned":[2,12,13,18],"killed_by":"Slavers","ascension_level":4}}