{"host":"91blwi3hgehj6ch9","time":1609890350,"event":{"mods":["2.2 Compatiblity","AchievementEnabler","BaseMod","Colored Map","DeckTracker","Keyboard Shortcuts","Minty Spire (QoL Compilation)","Permanent Neow","Quick Restart","StSLib","SuperFastMode"],"gold_per_floor":[117,127,77,96,108,108,108,108,108,33,48,48,48,48,48,147,147,160,160,180,100,113,113,130,130,130,162,162,162,178,178,178],"floor_reached":31,"playtime":1311,"items_purged":["Strike_G","Defend_G"],"score":380,"play_id":"5404e918-00b6-46e2-ad57-26c6090900ac","local_time":"20210106084550","is_ascension_mode":true,"campfire_choices":[{"data":"Footwork","floor":6.0,"key":"SMITH"},{"floor":8.0,"key":"REST"},{"data":"Dagger Throw","floor":12.0,"key":"SMITH"},{"data":"Dash","floor":15.0,"key":"SMITH"},{"data":"Concentrate","floor":23.0,"key":"SMITH"},{"data":"Dodge and Roll","floor":25.0,"key":"SMITH"}],"circlet_count":0,"master_deck":["AscendersBane","Strike_G","Strike_G","Defend_G","Defend_G","Defend_G","Survivor","Neutralize","Eviscerate","Slice","Dash+1","Dagger Throw+1","Escape Plan","Footwork+1","After Image","Dodge and Roll+1","Concentrate+1","Dodge and Roll+1","Footwork","RitualDagger","Backflip"],"relics":["Ring of the Snake","Letter Opener","Centennial Puzzle","The Courier","Philosopher\u0027s Stone","Mercury Hourglass","Potion Belt"],"acts_visited":["Exordium","TheCity"],"potions_floor_usage":[29],"damage_taken":[{"damage":0.0,"enemies":"Small Slimes","floor":1.0,"turns":3.0},{"damage":1.0,"enemies":"Jaw Worm","floor":2.0,"turns":4.0},{"damage":0.0,"enemies":"Cultist","floor":4.0,"turns":4.0},{"damage":24.0,"enemies":"Exordium Thugs","floor":5.0,"turns":6.0},{"damage":0.0,"enemies":"Looter","floor":11.0,"turns":3.0},{"damage":4.0,"enemies":"The Guardian","floor":16.0,"turns":15.0},{"damage":1.0,"enemies":"Chosen","floor":18.0,"turns":6.0},{"damage":0.0,"enemies":"Shell Parasite","floor":20.0,"turns":8.0},{"damage":4.0,"enemies":"Centurion and Healer","floor":22.0,"turns":9.0},{"damage":0.0,"enemies":"Snecko","floor":24.0,"turns":5.0},{"damage":24.0,"enemies":"Book of Stabbing","floor":27.0,"turns":7.0},{"damage":9,"enemies":"Colosseum Slavers","floor":29,"turns":4},{"damage":2,"enemies":"Cultist and Chosen","floor":30,"turns":7},{"damage":5,"enemies":"Centurion and Healer","floor":31,"turns":4}],"seed_played":"-9104224023859045826","potions_obtained":[{"floor":1.0,"key":"BlessingOfTheForge"},{"floor":4.0,"key":"Energy Potion"},{"floor":11.0,"key":"SpeedPotion"},{"floor":16.0,"key":"Fire Potion"}],"is_trial":false,"path_per_floor":["M","M","?","M","M","R","?","R","T","$","M","R","$","T","R","B",null,"M","?","M","$","M","R","M","R","T","E","?","?","M","M"],"character_chosen":"THE_SILENT","items_purchased":[],"campfire_rested":1,"item_purchase_floors":[],"current_hp_per_floor":[45,44,44,44,20,20,17,38,38,38,38,38,38,38,38,34,61,60,47,47,47,43,43,43,43,43,19,13,4,2,0,0],"gold":178,"neow_bonus":"TRANSFORM_TWO_CARDS","is_daily":false,"chose_seed":false,"campfire_upgraded":5,"win_rate":0.0,"timestamp":1609890350,"path_taken":["M","M","?","M","M","R","?","R","T","$","?","R","?","?","R","BOSS","M","?","M","$","M","R","M","R","T","E","?","?","M","M"],"items_purchased_type":[],"build_version":"2020-12-22","purchased_purges":2,"victory":false,"max_hp_per_floor":[70,70,70,70,70,70,70,70,70,70,70,70,70,70,70,70,70,70,75,75,75,75,75,75,75,75,75,75,75,75,75,75],"card_choices":[{"not_picked":["Catalyst","Heel Hook"],"picked":"Dash","floor":1.0},{"not_picked":["Quick Slash","Dodge and Roll"],"picked":"Dagger Throw","floor":2.0},{"not_picked":["Sucker Punch","Blade Dance"],"picked":"Escape Plan","floor":4.0},{"not_picked":["Accuracy","PiercingWail"],"picked":"Footwork","floor":5.0},{"not_picked":["Caltrops","PiercingWail","Underhanded Strike"],"picked":"SKIP","floor":11.0},{"not_picked":["Doppelganger","Die Die Die"],"picked":"After Image","floor":16.0},{"not_picked":["All Out Attack","Bane","Underhanded Strike"],"picked":"SKIP","floor":18.0},{"not_picked":["Crippling Poison","Backstab"],"picked":"Dodge and Roll","floor":20.0},{"not_picked":["Dagger Throw+1","Heel Hook"],"picked":"Concentrate","floor":22.0},{"not_picked":["Slice","Backstab"],"picked":"Dodge and Roll+1","floor":24.0},{"not_picked":["Quick Slash","Endless Agony"],"picked":"Footwork","floor":27.0},{"not_picked":["Cloak And Dagger+1","Heel Hook+1"],"picked":"Backflip","floor":30}],"player_experience":89905,"relics_obtained":[{"floor":9.0,"key":"Centennial Puzzle"},{"floor":14.0,"key":"The Courier"},{"floor":26.0,"key":"Mercury Hourglass"},{"floor":27.0,"key":"Potion Belt"}],"event_choices":[{"cards_removed":["Strike_G"],"damage_healed":0.0,"max_hp_gain":0.0,"max_hp_loss":0.0,"gold_gain":0.0,"event_name":"The Cleric","player_choice":"Card Removal","floor":3.0,"gold_loss":50.0,"damage_taken":0.0},{"damage_healed":0.0,"max_hp_gain":0.0,"max_hp_loss":0.0,"gold_gain":0.0,"event_name":"Scrap Ooze","player_choice":"Success","floor":7.0,"gold_loss":0.0,"damage_taken":3.0,"relics_obtained":["Letter Opener"]},{"damage_healed":0.0,"max_hp_gain":5.0,"max_hp_loss":0.0,"gold_gain":0.0,"event_name":"Forgotten Altar","player_choice":"Shed Blood","floor":19.0,"gold_loss":0.0,"damage_taken":18.0},{"damage_healed":0.0,"max_hp_gain":0.0,"max_hp_loss":0.0,"gold_gain":0.0,"event_name":"Nest","player_choice":"Joined the Cult","floor":28.0,"gold_loss":0.0,"damage_taken":6.0,"cards_obtained":["RitualDagger"]},{"damage_healed":0,"gold_gain":0,"player_choice":"Fight","damage_taken":0,"max_hp_gain":0,"max_hp_loss":0,"event_name":"Colosseum","floor":29,"gold_loss":0},{"damage_healed":0,"gold_gain":0,"player_choice":"Fled From Nobs","damage_taken":0,"max_hp_gain":0,"max_hp_loss":0,"event_name":"Colosseum","floor":29,"gold_loss":0}],"is_beta":false,"boss_relics":[{"not_picked":["Runic Pyramid","WristBlade"],"picked":"Philosopher\u0027s Stone"}],"items_purged_floors":[10,21],"is_endless":false,"potions_floor_spawned":[1,4,11,16,18,20,24],"killed_by":"Centurion and Healer","ascension_level":11}}