{"host":"36ls4ricihodphgx","time":1609828114,"event":{"mods":["AchievementEnabler","BaseMod","Colored Map","Downfall","Hermit","HololiveMod","Marisa????????","Minty Spire (QoL Compilation)","Replay The Spire","Shop Mod","StSLib","SuperFastMode","The Animator","The Bug Knight","The Cursed","The Servant 0.9.4"],"gold_per_floor":[99,199,199,210,275,275,299,299,123,123,142,176,176,188,212,310,310,310,325,340,340,40,40,40,40,40,66,79,79,79],"floor_reached":29,"playtime":1302,"items_purged":["sneckomod:Strike"],"score":264,"play_id":"ad0e2bf7-d67c-4bdb-85ca-6ac46648f206","local_time":"20210104232834","is_ascension_mode":false,"campfire_choices":[{"data":"sneckomod:TailWhip","floor":1,"key":"SMITH"},{"data":"sneckomod:RainOfDice","floor":6,"key":"SMITH"},{"data":"sneckomod:SnekBite","floor":8,"key":"SMITH"},{"data":"sneckomod:Unknown3Cost","floor":10,"key":"SMITH"},{"floor":13,"key":"REST"},{"data":"sneckomod:UnlimitedRolls","floor":18,"key":"SMITH"},{"data":"sneckomod:DiceBoulder","floor":23,"key":"SMITH"},{"data":"sneckomod:QuickBite","floor":25,"key":"SMITH"}],"circlet_count":0,"master_deck":["sneckomod:Strike","sneckomod:Strike","sneckomod:Defend","sneckomod:Defend","sneckomod:Defend","sneckomod:TailWhip+1","sneckomod:SnekBite+1","sneckomod:Unknown","sneckomod:Unknown","sneckomod:RainOfDice+1","sneckomod:UnknownWeak","sneckomod:QuickBite+1","sneckomod:Unknown3Cost+1","sneckomod:Unknown1Cost","sneckomod:SnekBeam","sneckomod:UnknownClassRED","sneckomod:DiceCrush","sneckomod:UnknownExhaust","sneckomod:UnlimitedRolls+1","sneckomod:IronFang","sneckomod:UnknownStrike","Spreading Infection","sneckomod:UnknownEthereal+1","sneckomod:DiceBoulder+2","sneckomod:WideSting"],"relics":["sneckomod:SneckoSoul","Bag of Preparation","sneckomod:LoadedDie","Regal Pillow","Centennial Puzzle","Sozu","Ring of Peace","Strange Spoon","Eternal Feather","Iron Hammer"],"acts_visited":["Exordium","TheCity"],"potions_floor_usage":[12,19],"damage_taken":[{"damage":1,"enemies":"Jaw Worm","floor":4,"turns":3},{"damage":10,"enemies":"Gremlin Nob","floor":5,"turns":4},{"damage":5,"enemies":"downfall:FleeingMerchant","floor":9,"turns":4},{"damage":3,"enemies":"2 Louse","floor":11,"turns":2},{"damage":20,"enemies":"Lagavulin","floor":12,"turns":5},{"damage":1,"enemies":"Cultist","floor":14,"turns":3},{"damage":5,"enemies":"Blue Slaver","floor":15,"turns":2},{"damage":18,"enemies":"downfall:Watcher","floor":16,"turns":10},{"damage":31,"enemies":"3 Byrds","floor":19,"turns":6},{"damage":5,"enemies":"Spheric Guardian","floor":20,"turns":3},{"damage":8,"enemies":"downfall:FleeingMerchant","floor":22,"turns":4},{"damage":34,"enemies":"Gremlin Leader","floor":27,"turns":8},{"damage":32,"enemies":"3 Cultists","floor":28,"turns":6},{"damage":28,"enemies":"Cultist and Chosen","floor":29,"turns":6}],"seed_played":"-5442212634231606453","potions_obtained":[{"floor":5,"key":"AttackPotion"},{"floor":12,"key":"SpeedPotion"},{"floor":14,"key":"Venom Potion"}],"is_trial":false,"path_per_floor":["R","?","?","M","?","R","T","R","$","R","M","E","R","M","M","B",null,"R","M","M","?","$","R","T","R","?","E","M","M"],"character_chosen":"THE_SNECKO","items_purchased":["sneckomod:Unknown3Cost","sneckomod:Unknown1Cost","sneckomod:DiceBoulder","Strange Spoon"],"campfire_rested":1,"item_purchase_floors":[9,9,22,22],"current_hp_per_floor":[99,99,87,86,77,77,77,77,74,74,71,52,97,96,92,74,104,104,73,69,69,62,62,62,74,74,48,24,0,0],"gold":79,"neow_bonus":"TEN_PERCENT_HP_BONUS","is_daily":false,"chose_seed":false,"campfire_upgraded":7,"win_rate":0.0,"timestamp":1609828114,"path_taken":["R","?","?","M","?","R","T","R","$","R","?","E","R","M","M","BOSS","R","M","M","?","$","R","T","R","?","E","?","M"],"items_purchased_type":["Card","Card","Card","Relic"],"build_version":"2020-12-22","purchased_purges":1,"victory":false,"max_hp_per_floor":[99,99,99,99,100,100,100,100,102,102,102,103,103,103,104,104,104,104,104,105,105,106,106,106,106,106,106,106,106,106],"card_choices":[{"not_picked":["sneckomod:SoulDraw","sneckomod:UnknownClassBUGKNIGHT_GRAY_COLOR"],"picked":"sneckomod:RainOfDice","floor":4},{"not_picked":["sneckomod:DiceBlock","sneckomod:Unknown1Cost"],"picked":"sneckomod:UnknownWeak","floor":5},{"not_picked":["sneckomod:UnknownClassGREEN","sneckomod:UnknownBlock"],"picked":"sneckomod:QuickBite","floor":9},{"not_picked":["sneckomod:RainOfDice","sneckomod:UnknownCommonSkill"],"picked":"sneckomod:SnekBeam","floor":11},{"not_picked":["sneckomod:UnknownX","sneckomod:UnknownCommonSkill"],"picked":"sneckomod:UnknownClassRED","floor":12},{"not_picked":["sneckomod:SerpentIdol","sneckomod:SoulRoll"],"picked":"sneckomod:DiceCrush","floor":14},{"not_picked":["sneckomod:UnknownClassBLUE","sneckomod:DiceCrush"],"picked":"sneckomod:UnknownExhaust","floor":15},{"not_picked":["sneckomod:Unknown3Cost","sneckomod:DangerNoodle"],"picked":"sneckomod:UnlimitedRolls","floor":16},{"not_picked":["sneckomod:UnknownClassTHE_ANIMATOR","sneckomod:UnknownClassPURPLE"],"picked":"sneckomod:IronFang","floor":19},{"not_picked":["sneckomod:WideSting","sneckomod:SnekBeam"],"picked":"sneckomod:UnknownStrike","floor":20},{"not_picked":["sneckomod:UnknownClassHololive_BLUE","sneckomod:RainOfDice"],"picked":"sneckomod:UnknownEthereal+1","floor":22},{"not_picked":["sneckomod:ImprovisedAttack","sneckomod:SoulDraw+1"],"picked":"sneckomod:WideSting","floor":27},{"not_picked":["sneckomod:UnknownClassTHE_CURSED_PURPLE+1","sneckomod:IronFang","sneckomod:ImprovisedAttack"],"picked":"SKIP","floor":28}],"player_experience":48769,"relics_obtained":[{"floor":5,"key":"sneckomod:LoadedDie"},{"floor":7,"key":"Regal Pillow"},{"floor":12,"key":"Centennial Puzzle"},{"floor":21,"key":"Ring of Peace"},{"floor":24,"key":"Eternal Feather"},{"floor":27,"key":"Iron Hammer"}],"event_choices":[{"damage_healed":0,"gold_gain":0,"player_choice":"Success","damage_taken":12,"relics_obtained":["Bag of Preparation"],"max_hp_gain":0,"max_hp_loss":0,"event_name":"Scrap Ooze","floor":3,"gold_loss":0},{"damage_healed":0,"gold_gain":0,"player_choice":"Forge","damage_taken":0,"max_hp_gain":0,"max_hp_loss":0,"event_name":"Accursed Blacksmith","floor":26,"gold_loss":0,"cards_upgraded":["sneckomod:DiceBoulder"]}],"is_beta":false,"boss_relics":[{"not_picked":["Hololive_Finger","Snecko Eye"],"picked":"Sozu"}],"items_purged_floors":[22],"is_endless":false,"potions_floor_spawned":[5,12,14],"killed_by":"Cultist and Chosen","ascension_level":0}}