{"host":"ewfe3cr33ktd9xzj","time":1609877266,"event":{"mods":["AchievementEnabler","BaseMod","Colored Map","Custom Start","DeckTracker","Minty Spire (QoL Compilation)","Permanent Neow","Rare Cards Sparkle","StSLib","everything is the same but u backflip on backflip"],"gold_per_floor":[116,134,59,72,122,142,172,182,182,182,107,107,107,131,131,226,226,240,240,64,78,78,78,103,153,153,169,169,207,207,250,250,349,349,349,349],"floor_reached":35,"playtime":915,"items_purged":["Strike_P","Strike_P"],"score":890,"play_id":"ea335700-3c91-4e44-90df-08fd0a61ae73","local_time":"20210106050746","is_ascension_mode":true,"campfire_choices":[{"data":"Tantrum","floor":15.0,"key":"SMITH"},{"floor":23.0,"key":"REST"},{"floor":28.0,"key":"RECALL"},{"floor":30.0,"key":"REST"},{"floor":32.0,"key":"REST"}],"circlet_count":0,"master_deck":["AscendersBane","Defend_P+1","Defend_P","Eruption","Vigilance","FlurryOfBlows","CrushJoints","Adaptation+1","Tantrum+1","ForeignInfluence","InnerPeace","Halt+1","LessonLearned"],"relics":["PureWater","Oddly Smooth Stone","Bag of Marbles","Golden Idol","Blue Candle","Fusion Hammer","Kunai","Anchor","StrikeDummy","VioletLotus"],"acts_visited":["Exordium","TheCity","TheBeyond"],"potions_floor_usage":[],"damage_taken":[{"damage":1.0,"enemies":"2 Louse","floor":1.0,"turns":4.0},{"damage":2.0,"enemies":"Jaw Worm","floor":2.0,"turns":2.0},{"damage":0.0,"enemies":"Cultist","floor":4.0,"turns":2.0},{"damage":3.0,"enemies":"3 Louse","floor":6.0,"turns":4.0},{"damage":22.0,"enemies":"Gremlin Nob","floor":7.0,"turns":3.0},{"damage":0.0,"enemies":"Exordium Wildlife","floor":8.0,"turns":2.0},{"damage":7.0,"enemies":"Blue Slaver","floor":14.0,"turns":2.0},{"damage":25.0,"enemies":"Slime Boss","floor":16.0,"turns":4.0},{"damage":0.0,"enemies":"Chosen","floor":18.0,"turns":2.0},{"damage":0.0,"enemies":"2 Thieves","floor":21.0,"turns":2.0},{"damage":0.0,"enemies":"Snecko","floor":24.0,"turns":2.0},{"damage":0.0,"enemies":"Shelled Parasite and Fungi","floor":27.0,"turns":1.0},{"damage":0.0,"enemies":"Book of Stabbing","floor":29.0,"turns":2.0},{"damage":0.0,"enemies":"Gremlin Leader","floor":31.0,"turns":3.0},{"damage":48.0,"enemies":"Collector","floor":33.0,"turns":5.0}],"seed_played":"4983808705063167798","potions_obtained":[{"floor":6.0,"key":"SneckoOil"},{"floor":8.0,"key":"EssenceOfSteel"},{"floor":14.0,"key":"SpeedPotion"},{"floor":16.0,"key":"SteroidPotion"},{"floor":18.0,"key":"BottledMiracle"},{"floor":29.0,"key":"GamblersBrew"}],"is_trial":false,"path_per_floor":["M","M","?","M","?","M","E","M","T","?","$","?","T","M","R","B",null,"M","?","$","M","$","R","M","?","T","M","R","E","R","E","R","B",null,"M"],"character_chosen":"WATCHER","items_purchased":["InnerPeace"],"campfire_rested":3,"item_purchase_floors":[20],"current_hp_per_floor":[60,58,58,58,58,55,33,33,33,33,33,33,33,26,26,1,42,42,42,42,42,42,56,56,56,56,56,56,56,56,56,56,8,44,0,0],"gold":349,"neow_bonus":"REMOVE_TWO","is_daily":false,"chose_seed":false,"campfire_upgraded":1,"win_rate":0.0,"timestamp":1609877266,"path_taken":["M","M","?","M","?","?","E","M","T","?","$","?","?","M","R","BOSS","M","?","$","?","$","R","?","?","T","M","R","E","R","E","R","BOSS","M"],"items_purchased_type":["Card"],"build_version":"2020-12-22","purchased_purges":2,"victory":false,"max_hp_per_floor":[62,62,62,62,62,62,62,62,62,56,56,56,56,56,56,56,56,56,56,56,56,56,56,56,56,56,56,56,56,56,56,56,56,56,56,56],"card_choices":[{"not_picked":["SashWhip","Protect"],"picked":"FlurryOfBlows","floor":1.0},{"not_picked":["Wallop","CutThroughFate"],"picked":"CrushJoints","floor":2.0},{"not_picked":["Consecrate","EmptyBody","FollowUp"],"picked":"SKIP","floor":4.0},{"not_picked":["Evaluate","BattleHymn","DeceiveReality"],"picked":"SKIP","floor":6.0},{"not_picked":["Protect","Weave","LikeWater"],"picked":"SKIP","floor":7.0},{"not_picked":["WaveOfTheHand","FollowUp"],"picked":"Adaptation","floor":8.0},{"not_picked":["JustLucky","Consecrate","Crescendo"],"picked":"SKIP","floor":14.0},{"not_picked":["LikeWater","Prostrate"],"picked":"ForeignInfluence","floor":18.0},{"not_picked":["BowlingBash","Study","Perseverance"],"picked":"SKIP","floor":21.0},{"not_picked":["CrushJoints","Nirvana"],"picked":"Halt+1","floor":24.0},{"not_picked":["EmptyFist","Tantrum","EmptyBody"],"picked":"SKIP","floor":27.0},{"not_picked":["FollowUp","DeceiveReality","Blasphemy"],"picked":"SKIP","floor":29.0},{"not_picked":["FlurryOfBlows+1","ClearTheMind","Nirvana"],"picked":"SKIP","floor":31.0},{"not_picked":["Alpha","MasterReality"],"picked":"LessonLearned","floor":33.0}],"player_experience":31344,"relics_obtained":[{"floor":7.0,"key":"Oddly Smooth Stone"},{"floor":9.0,"key":"Bag of Marbles"},{"floor":13.0,"key":"Blue Candle"},{"floor":26.0,"key":"Kunai"},{"floor":29.0,"key":"Anchor"},{"floor":31.0,"key":"StrikeDummy"}],"event_choices":[{"cards_removed":["Strike_P"],"damage_healed":0.0,"max_hp_gain":0.0,"max_hp_loss":0.0,"gold_gain":0.0,"event_name":"The Cleric","player_choice":"Card Removal","floor":3.0,"gold_loss":75.0,"damage_taken":0.0},{"damage_healed":0.0,"max_hp_gain":0.0,"max_hp_loss":0.0,"gold_gain":50.0,"event_name":"Golden Shrine","player_choice":"Pray","floor":5.0,"gold_loss":0.0,"damage_taken":0.0},{"damage_healed":0.0,"max_hp_gain":0.0,"max_hp_loss":6.0,"gold_gain":0.0,"event_name":"Golden Idol","player_choice":"Lose Max HP","floor":10.0,"gold_loss":0.0,"damage_taken":0.0,"relics_obtained":["Golden Idol"]},{"damage_healed":0.0,"max_hp_gain":0.0,"max_hp_loss":0.0,"gold_gain":0.0,"cards_transformed":["Defend_P"],"event_name":"Living Wall","player_choice":"Change","floor":12.0,"gold_loss":0.0,"damage_taken":0.0,"cards_obtained":["Tantrum"]},{"damage_healed":0.0,"max_hp_gain":0.0,"max_hp_loss":0.0,"gold_gain":0.0,"event_name":"Upgrade Shrine","player_choice":"Upgraded","floor":19.0,"gold_loss":0.0,"damage_taken":0.0,"cards_upgraded":["Adaptation"]},{"damage_healed":0.0,"max_hp_gain":0.0,"max_hp_loss":0.0,"gold_gain":50.0,"event_name":"Golden Shrine","player_choice":"Pray","floor":25.0,"gold_loss":0.0,"damage_taken":0.0}],"is_beta":false,"boss_relics":[{"not_picked":["SacredBark","HolyWater"],"picked":"Fusion Hammer"},{"not_picked":["Sozu","Pandora\u0027s Box"],"picked":"VioletLotus"}],"items_purged_floors":[11,20],"is_endless":false,"potions_floor_spawned":[6,8,14,16,18,29],"killed_by":"3 Shapes","ascension_level":20}}