{"host":"z9grmtg2w0nmz8n1","time":1609862155,"event":{"mods":["Aspiration","Bard","BaseMod","Beaked The Cultist","Better Altar","Better Match","Better Note","Better Sensory Stone","Better Skull","Better Third Choice","BetterRewards","CCEM","Colored Map","Conspire","Downfall","GifTheSpireLib","Googly Eyes","Halation","Hermit","Highlight Path","Hubris","Hunter ??","Jedi Mod","Jorbs\u0027s Wanderer Trilogy","Mad Scientist","Marisa????????","Minty Spire (QoL Compilation)","Permanent Neow","Replay The Spire","Shade Mod","Shop Mod","Spicy Shops","StSLib","Stuff the Spire","The Bug Knight","The Construct","The Necromancer","The Runesmith","The Witch"],"gold_per_floor":[16,47,61,79,79,104,29,46,46,72,72,83,83,109,109,109,109],"floor_reached":16,"playtime":1007,"items_purged":["Strike_G"],"score":126,"play_id":"26c80be0-edd3-4e0d-9beb-afc686cdb67d","local_time":"20210105135555","is_ascension_mode":true,"campfire_choices":[{"floor":13,"key":"DIG"},{"floor":15,"key":"REST"}],"circlet_count":0,"master_deck":["Strike_G","Strike_G","Strike_G","Strike_G","Defend_G","Defend_G","Defend_G","Defend_G","Defend_G","Survivor","Neutralize","Deadly Poison","Calculated Gamble","Footwork","Doubt","Leg Sweep","Poisoned Stab"],"relics":["Ring of the Snake","conspire:InfiniteJournal","jedi:shrinkray","hubris:Icosahedron","hubris:BottledRain","Shovel","jedi:firstaidkit","The Courier","Ninja Scroll"],"acts_visited":["Exordium"],"potions_floor_usage":[2,6,6,10,14,14,14],"damage_taken":[{"damage":0,"enemies":"2 Louse","floor":1,"turns":3},{"damage":23,"enemies":"conspire:MimicChest","floor":2,"turns":5},{"damage":2,"enemies":"Small Slimes","floor":3,"turns":4},{"damage":1,"enemies":"Cultist","floor":4,"turns":4},{"damage":9,"enemies":"3 Sentries","floor":6,"turns":6},{"damage":4,"enemies":"Red Slaver","floor":8,"turns":5},{"damage":14,"enemies":"HollowMod:MossKnight","floor":10,"turns":11},{"damage":0,"enemies":"Blue Slaver","floor":12,"turns":4},{"damage":20,"enemies":"3 Sentries","floor":14,"turns":10},{"damage":14,"enemies":"Fading Forest","floor":16,"turns":6}],"seed_played":"-7211638903912541367","potions_obtained":[{"floor":2,"key":"EntropicBrew"},{"floor":3,"key":"Toxic Potion"},{"floor":6,"key":"construct:ShiftPotion"},{"floor":10,"key":"Strength Potion"},{"floor":14,"key":"conspire:TimeTravelPotion"}],"is_trial":false,"path_per_floor":["M","?","M","M","?","E","$","M","T","E","?","M","R","E","R","B"],"character_chosen":"THE_SILENT","items_purchased":[],"campfire_rested":1,"item_purchase_floors":[],"current_hp_per_floor":[70,47,45,44,44,35,35,31,31,17,17,17,17,10,31,30,30],"gold":109,"neow_bonus":"ONE_RARE_RELIC","is_daily":false,"chose_seed":false,"campfire_upgraded":0,"win_rate":0.0,"timestamp":1609862155,"path_taken":["M","?","M","M","?","E","?","?","T","E","?","M","R","E","R","BOSS"],"items_purchased_type":[],"build_version":"2020-12-22","purchased_purges":1,"victory":false,"max_hp_per_floor":[70,70,70,70,70,70,70,70,70,70,70,70,70,70,70,70,70],"card_choices":[{"not_picked":["Cloak And Dagger","StuffTheSpire:ClusterCrunch"],"picked":"Deadly Poison","floor":1},{"not_picked":["StuffTheSpire:ClusterCrunch","StuffTheSpire:Python","Dodge and Roll"],"picked":"SKIP","floor":3},{"not_picked":["Slice","PiercingWail"],"picked":"Calculated Gamble","floor":4},{"not_picked":["Acrobatics","Heel Hook","Underhanded Strike"],"picked":"SKIP","floor":6},{"not_picked":["Burst","Blur","Sucker Punch"],"picked":"SKIP","floor":8},{"not_picked":["StuffTheSpire:Sprint","Bouncing Flask"],"picked":"Footwork","floor":10},{"not_picked":["StuffTheSpire:ClusterCrunch","Infinite Blades"],"picked":"Leg Sweep","floor":12},{"not_picked":["Flying Knee","Quick Slash"],"picked":"Poisoned Stab","floor":14}],"player_experience":790499,"relics_obtained":[{"floor":2,"key":"jedi:shrinkray"},{"floor":6,"key":"hubris:BottledRain"},{"floor":9,"key":"Shovel"},{"floor":10,"key":"jedi:firstaidkit"},{"floor":13,"key":"The Courier"},{"floor":14,"key":"Ninja Scroll"}],"event_choices":[],"is_beta":false,"boss_relics":[],"items_purged_floors":[7],"is_endless":false,"potions_floor_spawned":[2,3,6,10,14],"killed_by":"Fading Forest","ascension_level":1}}