{"host":"8lgo2trwv2o0qyml","time":1609860119,"event":{"mods":["BaseMod","Colored Map","Colored Powertips","DeckTracker","Highlight Path","Hubris","Infinite Spire","Minty Spire (QoL Compilation)","Quick Restart","Random Character Button","Relic Sorter","Replay The Spire","StSLib","SuperFastMode","Synergy Search","The Jungle"],"gold_per_floor":[111,111,111,111,127,156,156,181,181,25,25,51,64,78,78,178,178,189,189,159,159,172,200,200,231,305,305,285,303,303,263,263,362,362,379,393,393,393],"floor_reached":37,"playtime":2551,"items_purged":[],"score":600,"play_id":"e6e88dae-bc13-4617-9219-e9b5a00b691e","local_time":"20210105102159","is_ascension_mode":false,"campfire_choices":[{"data":"Gash","floor":7,"key":"SMITH"},{"floor":15,"key":"REST"},{"floor":24,"key":"REST"},{"floor":27,"key":"REST"},{"floor":30,"key":"REST"},{"data":"Conserve Battery","floor":32,"key":"SMITH"}],"circlet_count":0,"master_deck":["Strike_B+1","Strike_B+1","Strike_B+1","Defend_B+1","Defend_B+1","Defend_B+1","Defend_B+1","Zap+1","Dualcast+1","Cold Snap+1","ReplayTheSpireMod:??????????????????????+1","Storm+1","ReplayTheSpireMod:Repulse","Gash+1","Gash+1","Conserve Battery+1","Capacitor","Go for the Eyes","Creative AI+1","Go for the Eyes+1","White Noise+1","Amnesia","Sweeping Beam","FIFO Queue+1","Buffer","Redo","ReplayTheSpireMod:System Scan+1","Stack+1","Darkness+1","Self Repair"],"relics":["MutagenicStrength","Whetstone","theJungle:ParSnip","hubris:Reverence","Centennial Puzzle","infinitespire:Chaos","InkBottle","SlaversCollar","ReplayTheSpireMod:Ring of Sloth","Ring of Misfortune","Omamori","Replay:Wax Seal","hubris:TinFlute","Nuclear Battery","Prayer Wheel"],"acts_visited":["Exordium","TheCity","TheBeyond"],"potions_floor_usage":[8,16,16,23,29,33,36],"damage_taken":[{"damage":0,"enemies":"Small Slimes","floor":1,"turns":1},{"damage":0,"enemies":"2 Louse","floor":5,"turns":1},{"damage":0,"enemies":"Replay:BlueRogue","floor":6,"turns":1},{"damage":34,"enemies":"Gremlin Nob","floor":8,"turns":4},{"damage":5,"enemies":"Replay:BlueRogue","floor":12,"turns":4},{"damage":3,"enemies":"Jaw Worm","floor":13,"turns":2},{"damage":3,"enemies":"Red Slaver","floor":14,"turns":3},{"damage":6,"enemies":"Hexaghost","floor":16,"turns":7},{"damage":14,"enemies":"Spheric Guardian","floor":18,"turns":4},{"damage":27,"enemies":"2 Thieves","floor":20,"turns":5},{"damage":17,"enemies":"Shelled Parasite and Fungi","floor":22,"turns":5},{"damage":10,"enemies":"Gremlin Leader","floor":23,"turns":9},{"damage":24,"enemies":"Slavers","floor":25,"turns":6},{"damage":14,"enemies":"Centurion and Healer","floor":29,"turns":6},{"damage":7,"enemies":"Pondfish","floor":33,"turns":13},{"damage":12,"enemies":"Orb Walker","floor":35,"turns":5},{"damage":10,"enemies":"3 Darklings","floor":36,"turns":8},{"damage":67,"enemies":"Maw","floor":37,"turns":10}],"seed_played":"4102711309458341950","potions_obtained":[{"floor":5,"key":"PowerPotion"},{"floor":8,"key":"AttackPotion"},{"floor":14,"key":"Regen Potion"},{"floor":20,"key":"Fire Potion"},{"floor":23,"key":"BlessingOfTheForge"},{"floor":28,"key":"SneckoOil"},{"floor":35,"key":"DistilledChaos"}],"is_trial":false,"path_per_floor":["M","?","?","?","M","E","R","E","T","$","?","E","M","M","R","B",null,"M","?","M","?","M","E","R","E","T","R","?","M","R","?","R_BF","B",null,"M","M","M"],"character_chosen":"DEFECT","items_purchased":["infinitespire:Chaos"],"campfire_rested":4,"item_purchase_floors":[10],"current_hp_per_floor":[75,57,57,57,57,57,57,23,23,23,48,43,40,37,59,68,75,61,61,34,34,17,7,29,5,5,27,27,13,35,35,35,28,75,63,53,0,0],"gold":393,"neow_bonus":"THREE_ENEMY_KILL","is_daily":false,"chose_seed":false,"campfire_upgraded":2,"win_rate":0.0,"timestamp":1609860119,"path_taken":["M","?","?","?","M","E","R","E","T","?","?","E","M","M","R","BOSS","M","?","M","?","M","E","R","E","T","R","?","?","R","?","R_BF","BOSS","M","?","M"],"items_purchased_type":["Relic"],"build_version":"2020-12-22","purchased_purges":0,"victory":false,"max_hp_per_floor":[75,75,75,75,75,75,75,75,75,75,75,75,75,75,75,75,75,75,75,75,75,75,75,75,75,75,75,75,75,75,75,75,75,75,75,75,75,75],"card_choices":[{"not_picked":["Steam","Streamline"],"picked":"Cold Snap","floor":1},{"not_picked":["infinitespire:Punishment","infinitespire:NeuralNetwork"],"picked":"ReplayTheSpireMod:??????????????????????","floor":2},{"not_picked":["Steam","Ball Lightning"],"picked":"ReplayTheSpireMod:Repulse","floor":5},{"not_picked":["Compile Driver","Skim"],"picked":"Gash","floor":6},{"not_picked":["Stack","Panic Button"],"picked":"Gash","floor":8},{"not_picked":["Beam Cell","Biased Cognition"],"picked":"Conserve Battery","floor":12},{"not_picked":["White Noise","Leap"],"picked":"Capacitor","floor":13},{"not_picked":["Fusion","Beam Cell"],"picked":"Go for the Eyes","floor":14},{"not_picked":["ReplayTheSpireMod:Omega Cannon","ReplayRNGCard"],"picked":"Creative AI","floor":16},{"not_picked":["Sweeping Beam","Barrage"],"picked":"Go for the Eyes+1","floor":18},{"not_picked":["Conserve Battery","Stack"],"picked":"White Noise+1","floor":20},{"not_picked":["Ball Lightning+1","Conserve Battery"],"picked":"Sweeping Beam","floor":22},{"not_picked":["Defragment+1","Coolheaded+1"],"picked":"FIFO Queue+1","floor":23},{"not_picked":["Steam","ReplayTheSpireMod:Reroute Power+1"],"picked":"Buffer","floor":25},{"not_picked":["Go for the Eyes","ReplayTheSpireMod:Calculation Training"],"picked":"Redo","floor":29},{"not_picked":["Mirror Shield","Creative AI"],"picked":"ReplayTheSpireMod:Fabricate Wheel","floor":33},{"not_picked":["Fusion","Sweeping Beam+1"],"picked":"ReplayTheSpireMod:System Scan+1","floor":35},{"not_picked":["Conserve Battery+1","Defragment+1"],"picked":"Stack+1","floor":35},{"not_picked":["Steam+1","ReplayTheSpireMod:Calculation Training+1"],"picked":"Darkness+1","floor":36},{"not_picked":["Sweeping Beam+1","ReplayTheSpireMod:Calculation Training"],"picked":"Self Repair","floor":36}],"player_experience":37140,"relics_obtained":[{"floor":6,"key":"Du-Vu Doll"},{"floor":8,"key":"ReplayTheSpireMod:Ninjato"},{"floor":9,"key":"hubris:DisguiseKit"},{"floor":12,"key":"InkBottle"},{"floor":21,"key":"ReplayTheSpireMod:Ring of Sloth"},{"floor":21,"key":"Ring of Misfortune"},{"floor":23,"key":"Omamori"},{"floor":25,"key":"Replay:Wax Seal"},{"floor":26,"key":"hubris:TinFlute"}],"event_choices":[{"damage_healed":0,"gold_gain":0,"player_choice":"Grow","damage_taken":0,"max_hp_gain":0,"max_hp_loss":0,"event_name":"Living Wall","floor":3,"gold_loss":0,"cards_upgraded":["ReplayTheSpireMod:??????????????????????"]},{"damage_healed":25,"gold_gain":0,"player_choice":"Banana","damage_taken":0,"max_hp_gain":0,"max_hp_loss":0,"event_name":"Big Fish","floor":11,"gold_loss":0},{"damage_healed":0,"gold_gain":0,"player_choice":"Simplicity","damage_taken":0,"max_hp_gain":0,"max_hp_loss":0,"event_name":"Back to Basics","floor":19,"gold_loss":0,"cards_upgraded":[]},{"damage_healed":0,"gold_gain":0,"player_choice":"Bought 1 Potion","damage_taken":0,"max_hp_gain":0,"max_hp_loss":0,"event_name":"The Woman in Blue","floor":28,"gold_loss":0},{"damage_healed":0,"gold_gain":0,"player_choice":"Upgrade","damage_taken":0,"max_hp_gain":0,"max_hp_loss":0,"event_name":"Designer","floor":31,"gold_loss":40,"cards_upgraded":["Creative AI"]}],"is_beta":false,"boss_relics":[{"not_picked":["Kintsugi","hubris:BlackHole"],"picked":"SlaversCollar"},{"not_picked":["ReplayTheSpireMod:DimensionalGlitch","Runic Pyramid"],"picked":"Nuclear Battery"}],"items_purged_floors":[],"is_endless":false,"potions_floor_spawned":[5,8,14,20,23,35],"killed_by":"Maw","ascension_level":0}}