{"host":"yecadp3kwkksam5a","time":1609862065,"event":{"mods":["BaseMod","Minty Spire (QoL Compilation)","Replay The Spire","StSLib","The Jungle"],"gold_per_floor":[748,760,772,550,560,586,604,635,689,689,689,721,721,755,755,827,827,847,860,120,132,158,158,196,196,250,250,270,308,323,347,347,458,458,474,474,485,566,302,335,381,381,459,502,502,537,537,537,537,551,563,563,563,27,68,92],"floor_reached":57,"playtime":2227,"items_purged":["Defend_G+1"],"score":3408,"play_id":"34fc9e11-1cf9-45e0-9316-1b4cbb8aa460","local_time":"20210106005425","is_ascension_mode":true,"campfire_choices":[{"floor":10.0,"key":"RECALL"},{"floor":13.0,"key":"DIG"},{"floor":15.0,"key":"DIG"},{"floor":23.0,"key":"DIG"},{"floor":32.0,"key":"DIG"},{"floor":45,"key":"DIG"},{"floor":47,"key":"DIG"},{"floor":49,"key":"DIG"},{"floor":53,"key":"DIG"}],"circlet_count":0,"master_deck":["Accuracy+1","Reflex+1","Accuracy+1","Calculated Gamble+1","Acrobatics+1","Blade Dance+1","Blade Dance+1","After Image+1","After Image+1","After Image+1","Adrenaline+1","Accuracy+1","Accuracy+1","Well Laid Plans+1","Accuracy+1","Adrenaline+1"],"relics":["Ring of the Snake","Unceasing Top","Tiny Chest","CeramicFish","Bronze Scales","Gambling Chip","Ornamental Fan","SlaversCollar","Enchiridion","Bag of Preparation","Smiling Mask","OrangePellets","Akabeko","Frozen Egg 2","Nunchaku","Busted Crown","Molten Egg 2","Vajra","Singing Bowl","Old Coin","Regal Pillow","Happy Flower","Orrery","Lantern","Whetstone","Oddly Smooth Stone","TheAbacus","Toy Ornithopter","Lantern","Strawberry","Torii","Orrery","Pen Nib","Coffee Dripper","DollysMirror","The Courier","Question Card","Old Coin","Membership Card","Juzu Bracelet","Happy Flower","FossilizedHelix","InkBottle","Busted Crown","Shovel","Lee\u0027s Waffle","Darkstone Periapt","Omamori","Ancient Tea Set","Toxic Egg 2","Sundial","StrikeDummy","Calipers","Kunai","HandDrill","Ornamental Fan","Shuriken","Pantograph","PreservedInsect","Regal Pillow","Pear","Tiny Chest","Lantern","Akabeko","Art of War","Sundial","MealTicket","Centennial Puzzle","Bottled Lightning","Toy Ornithopter","Meat on the Bone","Letter Opener","Ornamental Fan","CeramicFish","Vajra","MawBank","Black Star","Red Mask","Matryoshka","Tough Bandages","InkBottle","Potion Belt","Frozen Egg 2","Mercury Hourglass","Omamori","StrikeDummy","Pantograph","Bag of Marbles","SacredBark","Oddly Smooth Stone","Whetstone","Mummified Hand","OrangePellets","Strawberry","Anchor","Blue Candle","Juzu Bracelet","Bronze Scales","Eternal Feather","Question Card","Blood Vial","Gremlin Horn","Molten Egg 2","Snake Skull","Toxic Egg 2","Shuriken","HornCleat","StoneCalendar","TungstenRod","Bag of Preparation","Happy Flower","White Beast Statue","ClockworkSouvenir","Turnip","Incense Burner","Pen Nib","Paper Crane","Orichalcum","Nunchaku","Bottled Tornado","Replay:Bottled Eggs","Vajra","Onion Ring","Tiny Chest","Centennial Puzzle","Oddly Smooth Stone","Omamori","Bronze Scales","Pantograph","Chameleon Ring","CeramicFish","Bag of Marbles","Strawberry","Replay:Wax Seal","Toy Ornithopter","ReplayFunnel","Orrery","Blood Vial","Replay:Bandana","Ice Cream","Counterbalance","Lantern","Snake Skull","MealTicket","Anchor","Smiling Mask","Replay:Rubber Ducky","PreservedInsect","Akabeko","Nunchaku","theJungle:BirthdayCakeSlice","Kunai","Replay:Arrowhead","Replay:Accelerometer","Regal Pillow","Juzu Bracelet","Singing Bowl","Mercury Hourglass","Orichalcum","Durian","The Courier","Gremlin Horn","White Beast Statue","Pen Nib","Happy Flower","Ginger","Replay:Towering Pillar of Hats","Replay:Baseball","Basket Of Snakes","Bag of Preparation","Blue Doll","Lizard Tail","Mirror","Art of War","War Paint","Gremlin Food","Pear","Snack Pack"],"acts_visited":["Exordium","theJungle:Jungle","TheBeyond","TheEnding"],"potions_floor_usage":[],"damage_taken":[{"damage":0.0,"enemies":"2 Louse","floor":1.0,"turns":1.0},{"damage":0.0,"enemies":"Jaw Worm","floor":5.0,"turns":1.0},{"damage":0.0,"enemies":"Lagavulin","floor":6.0,"turns":1.0},{"damage":0.0,"enemies":"Small Slimes","floor":7.0,"turns":1.0},{"damage":0.0,"enemies":"3 Sentries","floor":8.0,"turns":1.0},{"damage":0.0,"enemies":"Gremlin Nob","floor":12.0,"turns":1.0},{"damage":0.0,"enemies":"3 Sentries","floor":14.0,"turns":1.0},{"damage":0.0,"enemies":"The Guardian","floor":16.0,"turns":1.0},{"damage":0.0,"enemies":"theJungle:MUSHROOMGANG","floor":18.0,"turns":1.0},{"damage":0.0,"enemies":"theJungle:5_Spyders","floor":19.0,"turns":1.0},{"damage":0.0,"enemies":"theJungle:SlimyTreeVines","floor":21.0,"turns":1.0},{"damage":0.0,"enemies":"theJungle:Cassacara","floor":24.0,"turns":1.0},{"damage":0.0,"enemies":"Snake Plant","floor":28.0,"turns":1.0},{"damage":0.0,"enemies":"theJungle:2_Phrogs","floor":29.0,"turns":1.0},{"damage":0.0,"enemies":"theJungle:2_Flameangoes","floor":30.0,"turns":1.0},{"damage":0.0,"enemies":"theJungle:SlimyTreeVines","floor":31.0,"turns":1.0},{"damage":0.0,"enemies":"theJungle:QueenSpyder","floor":33.0,"turns":1.0},{"damage":0.0,"enemies":"3 Shapes","floor":35.0,"turns":1.0},{"damage":0.0,"enemies":"3 Darklings","floor":37.0,"turns":1.0},{"damage":0,"enemies":"Reptomancer","floor":40,"turns":1},{"damage":0,"enemies":"Transient","floor":41,"turns":1},{"damage":0,"enemies":"R_Hoarder","floor":44,"turns":2},{"damage":0,"enemies":"Giant Head","floor":46,"turns":1},{"damage":0,"enemies":"Replay:Hell Engine","floor":50,"turns":1},{"damage":0,"enemies":"Time Eater","floor":51,"turns":2},{"damage":0,"enemies":"Shield and Spear","floor":55,"turns":1},{"damage":0,"enemies":"The Heart","floor":56,"turns":4}],"seed_played":"7733325540191414466","potions_obtained":[{"floor":1.0,"key":"SteroidPotion"},{"floor":5.0,"key":"Fire Potion"},{"floor":6.0,"key":"Energy Potion"},{"floor":7.0,"key":"LiquidMemories"},{"floor":19.0,"key":"Flashbang"},{"floor":36.0,"key":"Swift Potion"}],"is_trial":false,"path_per_floor":["M","?","?","$","M","E","M","E","T","R","?","E","R","E","R","B",null,"M","M","$","M","T","R","E","$","T","?","M","E","M","M","R","B",null,"M","?","M","?","$","E","M","T","T","E","R","E","R","?","R","B","B",null,"R","$","E","B",null],"character_chosen":"THE_SILENT","items_purchased":["Vajra","Onion Ring","Well Laid Plans+1","Accuracy+1","Replay:Wax Seal","Toy Ornithopter","ReplayFunnel","Orrery","Blood Vial","Replay:Bandana","Ice Cream","Counterbalance","Lantern","Snake Skull","MealTicket","Juzu Bracelet","Singing Bowl","Mercury Hourglass","Bag of Preparation","Blue Doll","Lizard Tail","Mirror","Art of War","War Paint","Gremlin Food"],"campfire_rested":0,"item_purchase_floors":[4,4,4,20,20,20,20,20,20,20,20,20,20,20,20,39,39,39,54,54,54,54,54,54,54],"current_hp_per_floor":[261,184,180,195,199,203,207,211,211,217,217,221,227,238,244,282,282,284,286,296,298,298,298,300,300,300,305,307,309,311,313,313,313,313,315,315,317,196,226,237,243,243,243,249,258,264,273,270,279,340,340,340,340,340,352,352],"gold":92,"neow_bonus":"TEN_PERCENT_HP_BONUS","is_daily":false,"chose_seed":false,"campfire_upgraded":0,"win_rate":0.0,"timestamp":1609862065,"path_taken":["M","?","?","$","M","E","M","E","T","R","?","E","R","E","R","BOSS","M","M","$","M","?","R","E","$","T","?","M","E","M","M","R","BOSS","M","?","M","?","$","E","M","?","T","E","R","E","R","?","R","BOSS","BOSS","R","$","E","BOSS"],"items_purchased_type":["Relic","Relic","Card","Card","Relic","Relic","Relic","Relic","Relic","Relic","Relic","Relic","Relic","Relic","Relic","Relic","Relic","Relic","Relic","Relic","Relic","Relic","Relic","Relic","Relic"],"build_version":"2020-12-22","purchased_purges":1,"victory":true,"max_hp_per_floor":[261,261,261,261,263,265,267,269,269,269,269,271,271,280,280,282,282,284,286,296,298,298,298,300,300,300,305,307,309,311,313,313,313,313,315,315,317,321,321,328,330,330,330,332,332,334,334,340,340,340,340,340,340,340,352,352],"card_choices":[{"not_picked":["Backstab+1"],"picked":"Singing Bowl","floor":0.0},{"not_picked":["Bane+1"],"picked":"Singing Bowl","floor":0.0},{"not_picked":["Masterful Stab+1"],"picked":"Singing Bowl","floor":0.0},{"not_picked":["Leg Sweep+1"],"picked":"Singing Bowl","floor":0.0},{"not_picked":["ReplayTheSpireMod:Exploit Weakness+1"],"picked":"Singing Bowl","floor":0.0},{"not_picked":["Expertise+1"],"picked":"Singing Bowl","floor":0.0},{"not_picked":["Replay:Poison Smokescreen+1"],"picked":"Singing Bowl","floor":0.0},{"not_picked":["Noxious Fumes+1"],"picked":"Singing Bowl","floor":0.0},{"not_picked":["Dodge and Roll+1"],"picked":"Singing Bowl","floor":0.0},{"not_picked":["PiercingWail+1"],"picked":"Singing Bowl","floor":1.0},{"not_picked":["Cloak And Dagger+1"],"picked":"Singing Bowl","floor":5.0},{"not_picked":["Poisoned Stab+1"],"picked":"Singing Bowl","floor":6.0},{"not_picked":["Acrobatics+1"],"picked":"Singing Bowl","floor":7.0},{"not_picked":["Noxious Fumes+1"],"picked":"Singing Bowl","floor":8.0},{"not_picked":["PiercingWail+1"],"picked":"Singing Bowl","floor":12.0},{"not_picked":["Storm of Steel+1"],"picked":"Singing Bowl","floor":14.0},{"not_picked":["Wraith Form v2+1"],"picked":"Singing Bowl","floor":16.0},{"not_picked":["ReplayTheSpireMod:Shiv Toss+1"],"picked":"Singing Bowl","floor":18.0},{"not_picked":["Bane+1"],"picked":"Singing Bowl","floor":19.0},{"not_picked":["ReplayTheSpireMod:Tripwire+1"],"picked":"Singing Bowl","floor":20.0},{"not_picked":["Deadly Poison+1"],"picked":"Singing Bowl","floor":20.0},{"not_picked":["Eviscerate+1"],"picked":"Singing Bowl","floor":20.0},{"not_picked":["Dodge and Roll+1"],"picked":"Singing Bowl","floor":20.0},{"not_picked":["Blade Dance+1"],"picked":"Singing Bowl","floor":20.0},{"not_picked":["Infinite Blades+1"],"picked":"Singing Bowl","floor":21.0},{"not_picked":["Cloak And Dagger+1"],"picked":"Singing Bowl","floor":24.0},{"not_picked":["Poisoned Stab+1"],"picked":"Singing Bowl","floor":28.0},{"not_picked":["Cloak And Dagger+1"],"picked":"Singing Bowl","floor":29.0},{"not_picked":["Heel Hook+1"],"picked":"Singing Bowl","floor":30.0},{"not_picked":["Acrobatics+1"],"picked":"Singing Bowl","floor":31.0},{"not_picked":[],"picked":"Adrenaline+1","floor":33.0},{"not_picked":["Bane+1"],"picked":"Singing Bowl","floor":35.0},{"not_picked":["Sucker Punch+1"],"picked":"Singing Bowl","floor":37.0},{"not_picked":["Backflip+1"],"picked":"Singing Bowl","floor":38.0},{"not_picked":["Sucker Punch+1"],"picked":"Singing Bowl","floor":38.0},{"not_picked":["Flying Knee+1"],"picked":"Singing Bowl","floor":40},{"not_picked":["ReplayTheSpireMod:From All Sides+1"],"picked":"Singing Bowl","floor":41},{"not_picked":["Poisoned Stab+1"],"picked":"Singing Bowl","floor":44},{"not_picked":["Bane+1"],"picked":"Singing Bowl","floor":46},{"not_picked":["Good Instincts+1"],"picked":"Singing Bowl","floor":48},{"not_picked":["ReplayTheSpireMod:Necrogeddon+1"],"picked":"Singing Bowl","floor":48},{"not_picked":["Master of Strategy+1"],"picked":"Singing Bowl","floor":48},{"not_picked":["PiercingWail+1"],"picked":"Singing Bowl","floor":55}],"player_experience":382375,"relics_obtained":[{"floor":6.0,"key":"Tiny Chest"},{"floor":6.0,"key":"Centennial Puzzle"},{"floor":8.0,"key":"Oddly Smooth Stone"},{"floor":8.0,"key":"Omamori"},{"floor":9.0,"key":"Bronze Scales"},{"floor":12.0,"key":"Pantograph"},{"floor":12.0,"key":"Chameleon Ring"},{"floor":13.0,"key":"CeramicFish"},{"floor":14.0,"key":"Bag of Marbles"},{"floor":14.0,"key":"Strawberry"},{"floor":22.0,"key":"Anchor"},{"floor":22.0,"key":"Smiling Mask"},{"floor":23.0,"key":"Replay:Rubber Ducky"},{"floor":24.0,"key":"PreservedInsect"},{"floor":24.0,"key":"Akabeko"},{"floor":26.0,"key":"Nunchaku"},{"floor":29.0,"key":"Kunai"},{"floor":29.0,"key":"Replay:Arrowhead"},{"floor":32.0,"key":"Replay:Accelerometer"},{"floor":38.0,"key":"Regal Pillow"},{"floor":40,"key":"Orichalcum"},{"floor":40,"key":"Durian"},{"floor":42,"key":"The Courier"},{"floor":43,"key":"Gremlin Horn"},{"floor":44,"key":"White Beast Statue"},{"floor":44,"key":"Pen Nib"},{"floor":45,"key":"Happy Flower"},{"floor":46,"key":"Ginger"},{"floor":46,"key":"Replay:Towering Pillar of Hats"},{"floor":47,"key":"Replay:Baseball"},{"floor":49,"key":"Basket Of Snakes"},{"floor":55,"key":"Pear"},{"floor":55,"key":"Snack Pack"}],"event_choices":[{"damage_healed":0.0,"max_hp_gain":0.0,"max_hp_loss":0.0,"gold_gain":0.0,"event_name":"Shining Light","player_choice":"Entered Light","floor":2.0,"gold_loss":0.0,"damage_taken":78.0,"cards_upgraded":["Adrenaline"]},{"damage_healed":0.0,"max_hp_gain":0.0,"max_hp_loss":0.0,"gold_gain":0.0,"event_name":"Scrap Ooze","player_choice":"Success","floor":3.0,"gold_loss":0.0,"damage_taken":5.0,"relics_obtained":["Replay:Bottled Eggs"]},{"damage_healed":0.0,"max_hp_gain":0.0,"max_hp_loss":0.0,"gold_gain":0.0,"event_name":"Match and Keep!","player_choice":"0 cards matched","floor":11.0,"gold_loss":0.0,"damage_taken":0.0,"cards_obtained":[]},{"damage_healed":0.0,"max_hp_gain":0.0,"max_hp_loss":0.0,"gold_gain":0.0,"event_name":"Lab","player_choice":"Got Potions","floor":36.0,"gold_loss":0.0,"damage_taken":0.0},{"damage_healed":0,"gold_gain":0,"player_choice":"Memory 3","damage_taken":10,"max_hp_gain":0,"max_hp_loss":0,"event_name":"SensoryStone","floor":48,"gold_loss":0}],"is_beta":false,"boss_relics":[{"not_picked":["Honey Jar","Replay:Fungal Core","Kintsugi"]},{"not_picked":["Velvet Choker","Replay:Drink Me","Sozu"]}],"items_purged_floors":[4],"is_endless":false,"potions_floor_spawned":[1,5,6,7,8,12,14,16,18,19,21,28,29,30,31,33,35,37,40,41,44,46,55],"ascension_level":20}}