{"host":"xes75gx807s8gyhc","time":1609813557,"event":{"mods":["AchievementEnabler","BaseMod","Colored Powertips","Curses Come First","Minty Spire (QoL Compilation)","Rare Cards Sparkle","Relic Stats","StSLib","Unceasing Turn Reminder","everything is the same but u backflip on backflip"],"gold_per_floor":[110,110,124,142,142,142,180,180,180,180,199,224,224,224,224,344,344,359,377,377,400,424,339,5,5,29,29,29,62,62,82,82,210,210,229,562,608,658,471,471,486,518,569,597,597,611,629,316,316,316],"floor_reached":51,"playtime":2516,"items_purged":["Pain","Strike_G","Strike_G"],"score":823,"play_id":"fad30485-e396-4880-b940-b66664d1246d","local_time":"20210104182557","is_ascension_mode":false,"campfire_choices":[{"data":"Noxious Fumes","floor":6.0,"key":"SMITH"},{"data":"Neutralize","floor":8.0,"key":"SMITH"},{"data":"PiercingWail","floor":13.0,"key":"SMITH"},{"floor":15.0,"key":"REST"},{"floor":25.0,"key":"REST"},{"floor":28.0,"key":"REST"},{"floor":30.0,"key":"REST"},{"floor":32.0,"key":"REST"},{"floor":40.0,"key":"REST"},{"floor":45.0,"key":"REST"},{"floor":49,"key":"REST"}],"circlet_count":0,"master_deck":["Strike_G+1","Strike_G","Defend_G+1","Defend_G","Defend_G","Defend_G+1","Defend_G","Survivor","Neutralize+1","Noxious Fumes+1","Iron Wave","PiercingWail+1","Flying Knee","Endless Agony","Caltrops+1","Terror","After Image+1","Noxious Fumes+1","Poisoned Stab+1","Die Die Die","Deadly Poison","Noxious Fumes+1","Infinite Blades+1","Blur+1","Endless Agony+1","Poisoned Stab+1","Phantasmal Killer","Glass Knife","Footwork+1","Phantasmal Killer+1","Blade Dance+1","Leg Sweep","Secret Technique","Calculated Gamble+1"],"relics":["Ring of the Snake","Frozen Egg 2","Regal Pillow","WarpedTongs","Fusion Hammer","Toy Ornithopter","Membership Card","Matryoshka","Lantern","Dream Catcher","Nilry\u0027s Codex","Kunai","Busted Crown","WingedGreaves","Snake Skull","MawBank","PreservedInsect","OrangePellets","White Beast Statue","War Paint","InkBottle","Mango"],"acts_visited":["Exordium","TheCity","TheBeyond"],"potions_floor_usage":[50,50,50],"damage_taken":[{"damage":0.0,"enemies":"Small Slimes","floor":1.0,"turns":4.0},{"damage":1.0,"enemies":"Cultist","floor":3.0,"turns":4.0},{"damage":3.0,"enemies":"2 Louse","floor":4.0,"turns":4.0},{"damage":11.0,"enemies":"3 Sentries","floor":7.0,"turns":6.0},{"damage":2.0,"enemies":"2 Fungi Beasts","floor":11.0,"turns":4.0},{"damage":8.0,"enemies":"Exordium Thugs","floor":12.0,"turns":5.0},{"damage":24.0,"enemies":"Hexaghost","floor":16.0,"turns":6.0},{"damage":4.0,"enemies":"Shell Parasite","floor":18.0,"turns":5.0},{"damage":2.0,"enemies":"Chosen","floor":19.0,"turns":5.0},{"damage":5.0,"enemies":"Centurion and Healer","floor":21.0,"turns":6.0},{"damage":12.0,"enemies":"Snake Plant","floor":22.0,"turns":3.0},{"damage":0.0,"enemies":"Gremlin Leader","floor":29.0,"turns":7.0},{"damage":11.0,"enemies":"Shelled Parasite and Fungi","floor":31.0,"turns":5.0},{"damage":30.0,"enemies":"Automaton","floor":33.0,"turns":9.0},{"damage":0.0,"enemies":"3 Shapes","floor":35.0,"turns":4.0},{"damage":36.0,"enemies":"2 Orb Walkers","floor":37.0,"turns":5.0},{"damage":2.0,"enemies":"3 Darklings","floor":41.0,"turns":4.0},{"damage":14.0,"enemies":"Reptomancer","floor":42.0,"turns":3.0},{"damage":16.0,"enemies":"Giant Head","floor":44.0,"turns":6.0},{"damage":5.0,"enemies":"Writhing Mass","floor":46.0,"turns":5.0},{"damage":0,"enemies":"Spire Growth","floor":47,"turns":4},{"damage":16,"enemies":"Donu and Deca","floor":50,"turns":6}],"seed_played":"7337937591759041834","potions_obtained":[{"floor":3.0,"key":"Strength Potion"},{"floor":7.0,"key":"Swift Potion"},{"floor":11.0,"key":"Energy Potion"},{"floor":16.0,"key":"Energy Potion"},{"floor":29.0,"key":"CunningPotion"},{"floor":31.0,"key":"PowerPotion"},{"floor":35.0,"key":"SpeedPotion"},{"floor":37.0,"key":"Swift Potion"},{"floor":44.0,"key":"DistilledChaos"},{"floor":46.0,"key":"DistilledChaos"},{"floor":47,"key":"CunningPotion"}],"is_trial":false,"path_per_floor":["M","?","M","M","?","R","E","R","T","?","M","M","R","?","R","B",null,"M","M","?","M","M","?","$","R","T","?","R","E","R","M","R","B",null,"M","?","?","T","$","R","M","E","T","E","R","M","M","$","R","B",null],"character_chosen":"THE_SILENT","items_purchased":["Membership Card","Matryoshka","Infinite Blades+1","PreservedInsect","OrangePellets","Mango","Leg Sweep","Secret Technique"],"campfire_rested":8,"item_purchase_floors":[24,24,24,39,39,48,48,48],"current_hp_per_floor":[77,77,76,73,71,71,60,60,60,60,58,50,50,36,71,47,71,67,65,65,60,48,48,48,71,71,55,71,71,71,60,71,42,71,71,71,35,35,35,71,69,57,57,41,71,66,66,80,85,74],"gold":316,"neow_bonus":"TEN_PERCENT_HP_BONUS","is_daily":false,"chose_seed":false,"campfire_upgraded":3,"win_rate":0.0,"timestamp":1609813557,"path_taken":["M","?","M","?","?","R","E","R","T","?","?","M","R","?","R","BOSS","M","M","?","M","?","?","?","R","T","?","R","E","R","M","R","BOSS","M","?","?","?","$","R","M","E","T","E","R","M","?","$","R","BOSS"],"items_purchased_type":["Relic","Relic","Card","Relic","Relic","Relic","Card","Card"],"build_version":"2020-12-22","purchased_purges":3,"victory":true,"max_hp_per_floor":[77,77,77,77,71,71,71,71,71,71,71,71,71,71,71,71,71,71,71,71,71,71,71,71,71,71,71,71,71,71,71,71,71,71,71,71,71,71,71,71,71,71,71,71,71,71,71,85,85,85],"relic_stats":{"Regal Pillow":40,"counters":[22,110],"Snake Skull":[44],"PreservedInsect":183,"War Paint":["Defend_G","Phantasmal Killer"],"MawBank":12,"WarpedTongs":[92],"OrangePellets":[4],"Dream Catcher":6,"Busted Crown":20,"Kunai":[35],"obtain_stats":[{"Regal Pillow":9,"Lantern":26,"Golden Idol":5,"Nilry\u0027s Codex":27,"Mango":48,"Snake Skull":38,"PreservedInsect":39,"Frozen Egg 2":7,"War Paint":43,"MawBank":38,"White Beast Statue":42,"WarpedTongs":10,"OrangePellets":39,"Dream Catcher":26,"Matryoshka":24,"Busted Crown":34,"Fusion Hammer":17,"WingedGreaves":37,"Membership Card":24,"Kunai":29,"Toy Ornithopter":23,"InkBottle":44,"Ring of the Snake":0},{"Regal Pillow":4,"Lantern":11,"Golden Idol":3,"Nilry\u0027s Codex":11,"Mango":21,"Snake Skull":16,"PreservedInsect":16,"Frozen Egg 2":4,"War Paint":18,"MawBank":16,"White Beast Statue":18,"WarpedTongs":4,"OrangePellets":16,"Dream Catcher":11,"Matryoshka":11,"Busted Crown":14,"Fusion Hammer":7,"WingedGreaves":16,"Membership Card":11,"Kunai":12,"Toy Ornithopter":11,"InkBottle":19,"Ring of the Snake":0},{"Regal Pillow":18,"Lantern":52,"Golden Idol":12,"Nilry\u0027s Codex":52,"Mango":104,"Snake Skull":82,"PreservedInsect":82,"Frozen Egg 2":18,"War Paint":89,"MawBank":82,"White Beast Statue":89,"WarpedTongs":18,"OrangePellets":82,"Dream Catcher":52,"Matryoshka":52,"Busted Crown":73,"Fusion Hammer":33,"WingedGreaves":82,"Membership Card":52,"Kunai":59,"Toy Ornithopter":52,"InkBottle":95,"Ring of the Snake":0}],"Toy Ornithopter":8,"InkBottle":[11],"Ring of the Snake":[46]},"card_choices":[{"not_picked":["Deflect","Expertise"],"picked":"Noxious Fumes","floor":1.0},{"not_picked":["Dodge and Roll","Reflex"],"picked":"PiercingWail","floor":3.0},{"not_picked":["Prepared","Finisher"],"picked":"Flying Knee","floor":4.0},{"not_picked":["Flying Knee","Underhanded Strike"],"picked":"Endless Agony","floor":7.0},{"not_picked":["Adrenaline","Dagger Throw"],"picked":"Caltrops+1","floor":11.0},{"not_picked":["Acrobatics","Reflex"],"picked":"Terror","floor":12.0},{"not_picked":["Venomology","Unload"],"picked":"After Image+1","floor":16.0},{"not_picked":["Reflex","Slice+1"],"picked":"Noxious Fumes+1","floor":18.0},{"not_picked":["Flying Knee","Sucker Punch"],"picked":"Poisoned Stab+1","floor":19.0},{"not_picked":["Poisoned Stab","Backflip"],"picked":"Deadly Poison","floor":21.0},{"not_picked":["Reflex+1","PiercingWail"],"picked":"Noxious Fumes+1","floor":22.0},{"not_picked":["Deadly Poison","Infinite Blades+1"],"picked":"Blur+1","floor":29.0},{"not_picked":["Blade Dance","All Out Attack"],"picked":"Endless Agony+1","floor":30.0},{"not_picked":["Deflect","Underhanded Strike"],"picked":"Poisoned Stab+1","floor":31.0},{"not_picked":["Quick Slash","Infinite Blades+1"],"picked":"Phantasmal Killer","floor":32.0},{"not_picked":["Bullet Time","Die Die Die"],"picked":"Glass Knife","floor":33.0},{"not_picked":["Outmaneuver+1"],"picked":"SKIP","floor":35.0},{"not_picked":[],"picked":"Footwork+1","floor":40.0},{"not_picked":["Underhanded Strike"],"picked":"SKIP","floor":41.0},{"not_picked":[],"picked":"Phantasmal Killer","floor":42.0},{"not_picked":["Poisoned Stab"],"picked":"SKIP","floor":44.0},{"not_picked":["Masterful Stab"],"picked":"SKIP","floor":46.0},{"not_picked":[],"picked":"Blade Dance+1","floor":47},{"not_picked":[],"picked":"Calculated Gamble+1","floor":49}],"player_experience":2465,"relics_obtained":[{"floor":7.0,"key":"Frozen Egg 2"},{"floor":9.0,"key":"Regal Pillow"},{"floor":26.0,"key":"Lantern"},{"floor":26.0,"key":"Dream Catcher"},{"floor":27.0,"key":"Nilry\u0027s Codex"},{"floor":29.0,"key":"Kunai"},{"floor":37.0,"key":"WingedGreaves"},{"floor":38.0,"key":"Snake Skull"},{"floor":38.0,"key":"MawBank"},{"floor":42.0,"key":"White Beast Statue"},{"floor":43.0,"key":"War Paint"},{"floor":44.0,"key":"InkBottle"}],"event_choices":[{"cards_removed":["Strike_G"],"damage_healed":0.0,"max_hp_gain":0.0,"max_hp_loss":0.0,"gold_gain":0.0,"event_name":"NoteForYourself","player_choice":"Took Card","floor":2.0,"gold_loss":0.0,"damage_taken":0.0,"cards_obtained":["Iron Wave"]},{"damage_healed":0.0,"max_hp_gain":0.0,"max_hp_loss":6.0,"gold_gain":0.0,"event_name":"Golden Idol","player_choice":"Lose Max HP","floor":5.0,"gold_loss":0.0,"damage_taken":0.0,"relics_obtained":["Golden Idol"]},{"damage_healed":0.0,"max_hp_gain":0.0,"max_hp_loss":0.0,"gold_gain":0.0,"event_name":"Accursed Blacksmith","player_choice":"Rummage","floor":10.0,"gold_loss":0.0,"damage_taken":0.0,"relics_obtained":["WarpedTongs"],"cards_obtained":["Pain"]},{"damage_healed":0.0,"max_hp_gain":0.0,"max_hp_loss":0.0,"gold_gain":0.0,"event_name":"Shining Light","player_choice":"Entered Light","floor":14.0,"gold_loss":0.0,"damage_taken":14.0,"cards_upgraded":["Defend_G","Strike_G"]},{"damage_healed":0.0,"max_hp_gain":0.0,"max_hp_loss":0.0,"gold_gain":0.0,"event_name":"Match and Keep!","player_choice":"1 cards matched","floor":20.0,"gold_loss":0.0,"damage_taken":0.0,"cards_obtained":["Die Die Die"]},{"damage_healed":0.0,"max_hp_gain":0.0,"max_hp_loss":0.0,"gold_gain":0.0,"event_name":"Addict","player_choice":"Obtained Relic","floor":23.0,"gold_loss":85.0,"damage_taken":0.0,"relics_obtained":["Toy Ornithopter"]},{"damage_healed":0.0,"max_hp_gain":0.0,"max_hp_loss":0.0,"gold_gain":0.0,"event_name":"Cursed Tome","player_choice":"Obtained Book","floor":27.0,"gold_loss":0.0,"damage_taken":16.0},{"damage_healed":0.0,"max_hp_gain":0.0,"max_hp_loss":0.0,"gold_gain":333.0,"event_name":"The Moai Head","player_choice":"Gave Idol","floor":36.0,"relics_lost":["Golden Idol"],"gold_loss":0.0,"damage_taken":0.0},{"damage_healed":0.0,"max_hp_gain":0.0,"max_hp_loss":0.0,"gold_gain":0.0,"event_name":"Mysterious Sphere","player_choice":"Fight","floor":37.0,"gold_loss":0.0,"damage_taken":0.0}],"is_beta":false,"boss_relics":[{"not_picked":["Tiny House","Runic Dome"],"picked":"Fusion Hammer"},{"not_picked":["Calling Bell","Black Star"],"picked":"Busted Crown"}],"items_purged_floors":[24,39,48],"is_endless":false,"potions_floor_spawned":[3,7,11,16,21,29,31,35,37,41,44,46,47],"ascension_level":0}}