{"host":"2gugywxuw0nvjb3h","time":1609813748,"event":{"mods":["AchievementEnabler","BaseMod","Better Altar","Better Match","Better Note","Better Sensory Stone","Better Skull","Better Third Choice","BetterRewards","Colored Map","Colored Powertips","Curses Come First","Evolution","GifTheSpireLib","Hermit","Key Reminder","Marisa????????","Minty Spire (QoL Compilation)","Rare Cards Sparkle","Relic Sorter","Replay The Spire","Spicy Shops","StSLib","The Cursed","The Disciple","The Marked","The Senshi","The Servant 0.9.4"],"gold_per_floor":[117,117,127,157,173,203,203,203,203,203,274,307,307,342,353,368,368,468,468,488,488,506,284,297,297,324,338,361,361,576,576,611,626,626,731,731,750,11,20,109,309,467,467,576,576,663,747,831,27,174,174,449],"floor_reached":53,"playtime":4075,"items_purged":["betterMatch:CurseCard","Writhe","Decay","Writhe"],"score":1034,"play_id":"d9788931-e229-4452-a33a-7783a84ab656","local_time":"20210104192908","is_ascension_mode":true,"campfire_choices":[{"floor":7,"key":"REST"},{"data":"theMarked:SoldierOfQuellstein","floor":10,"key":"SMITH"},{"floor":17,"key":"REST"},{"floor":25,"key":"REST"},{"floor":31,"key":"REST"},{"floor":34,"key":"REST"},{"floor":43,"key":"REST"},{"floor":51,"key":"REST"}],"circlet_count":0,"master_deck":["theMarked:Strike","theMarked:Strike","theMarked:Strike","theMarked:Strike","theMarked:Defend","theMarked:Defend+1","theMarked:Defend+1","theMarked:Defend","theMarked:SoldierOfQuellstein+1","theMarked:ElectricStrings","theMarked:Vacuum+1","theMarked:Frustration","theMarked:ChainLightning","theMarked:Opportunist+1","theMarked:SwordAndMagic","theMarked:CreepingChasm+1","theMarked:ThrowWeapon+1","theMarked:Parkour+1","theMarked:CreepingChasm+1","theMarked:DeterminationOfTheMarked+1","theMarked:SummonStrength+1","theMarked:ElectricStrings","theMarked:CreepingChasm+1","theMarked:UnarmedFury+1","theMarked:ElectricStrings","Dramatic Entrance+1","Dramatic Entrance+1","theMarked:ComboAttacks+1","theMarked:Aftermath+1","theMarked:ReduceFriction+1","theMarked:SwordAndMagic+1","theMarked:Improvise","theMarked:ResourceFulStrike","Necronomicurse","theMarked:ElectricStrings","theMarked:MuscleMemory+1","theMarked:Frustration+1","theMarked:ContemptForTheProud+1","theMarked:Aftermath+1","theMarked:UnarmedFury+1","theMarked:RepellingDischarge+1","theMarked:MaelstromOfLightning+1","theMarked:Aftermath","theMarked:SwordAndMagic","theMarked:ResourceFulStrike","Enlightenment+1","theMarked:Static+1"],"relics":["theMarked:ArtifactOfAir","EVO:Axolotl","Medical Kit","Pondfish Scales","Orrery","ReplayTheSpireMod:CursedCoin","Mercury Hourglass","Anchor","Frozen Egg 2","StoneCalendar","Replay:Bottled Steam","Golden Egg","Replay:Bottled Eggs","Happy Flower","Snack Pack","Replay:Grab Bag","Replay:Bronze Core","Busted Crown","theMarked:Eyepatch","BargainBundle","HornCleat","Blue Doll","FossilizedHelix","DollysMirror","Akabeko","Whetstone","Necronomicon","Old Coin","Ancient Tea Set","Fusion Hammer","Cauldron","Replay:Bandana","CeramicFish","PreservedInsect","Ornamental Fan","War Paint","theMarked:VonisonLock","Guide Book","theMarked:SecretDocuments","ClockworkSouvenir"],"acts_visited":["Exordium","TheCity","TheBeyond"],"potions_floor_usage":[6,6,12,16,20,22,27,35,41,52,52],"damage_taken":[{"damage":0,"enemies":"Jaw Worm","floor":1,"turns":3},{"damage":0,"enemies":"2 Louse","floor":3,"turns":2},{"damage":0,"enemies":"Small Slimes","floor":5,"turns":2},{"damage":7,"enemies":"Gremlin Nob","floor":6,"turns":4},{"damage":26,"enemies":"Lagavulin","floor":12,"turns":6},{"damage":4,"enemies":"3 Sentries","floor":14,"turns":3},{"damage":0,"enemies":"2 Fungi Beasts","floor":15,"turns":2},{"damage":0,"enemies":"Gremlin Gang","floor":16,"turns":2},{"damage":41,"enemies":"Hexaghost","floor":18,"turns":8},{"damage":33,"enemies":"Spheric Guardian","floor":20,"turns":5},{"damage":30,"enemies":"Shell Parasite","floor":22,"turns":6},{"damage":13,"enemies":"Cultist and Chosen","floor":24,"turns":5},{"damage":21,"enemies":"Slavers","floor":26,"turns":2},{"damage":0,"enemies":"Snecko","floor":27,"turns":4},{"damage":0,"enemies":"Gremlin Leader","floor":32,"turns":4},{"damage":9,"enemies":"Centurion and Healer","floor":33,"turns":3},{"damage":45,"enemies":"Collector","floor":35,"turns":7},{"damage":0,"enemies":"3 Shapes","floor":37,"turns":1},{"damage":0,"enemies":"3 Darklings","floor":40,"turns":3},{"damage":24,"enemies":"Maw","floor":41,"turns":7},{"damage":0,"enemies":"R_Hoarder","floor":42,"turns":6},{"damage":0,"enemies":"Reptomancer","floor":44,"turns":3},{"damage":0,"enemies":"Jaw Worm Horde","floor":46,"turns":2},{"damage":0,"enemies":"4 Shapes","floor":47,"turns":2},{"damage":0,"enemies":"3 Darklings","floor":48,"turns":3},{"damage":0,"enemies":"Maw","floor":50,"turns":3},{"damage":55,"enemies":"Replay:Hell Engine","floor":52,"turns":9}],"seed_played":"-4785688106880864367","potions_obtained":[{"floor":1,"key":"Block Potion"},{"floor":3,"key":"DistilledChaos"},{"floor":6,"key":"Flashbang"},{"floor":14,"key":"AttackPotion"},{"floor":16,"key":"Fire Potion"},{"floor":20,"key":"Elixir"},{"floor":26,"key":"GamblersBrew"},{"floor":32,"key":"SteroidPotion"},{"floor":35,"key":"LiquidBronze"},{"floor":38,"key":"DistilledChaos"},{"floor":42,"key":"SteroidPotion"},{"floor":47,"key":"Fire Potion"},{"floor":48,"key":"PowerPotion"}],"is_trial":false,"path_per_floor":["M","?","M","?","M","E","R","PTL","PTL","R","T","E","?","E","M","M","R","B",null,"M","?","M","$","M","R","E","M","T","?","?","R","E","M","R","B",null,"M","$","?","M","M","E","R","E","T","M","M","M","$","M","R","B",null],"character_chosen":"THE_DEFAULT","items_purchased":["Medical Kit","Pondfish Scales","Orrery","ReplayTheSpireMod:CursedCoin","Mercury Hourglass","Anchor","Frozen Egg 2","theMarked:Opportunist+1","BargainBundle","HornCleat","Blue Doll","FossilizedHelix","Dramatic Entrance","DollysMirror","theMarked:ComboAttacks+1","theMarked:Aftermath","theMarked:ReduceFriction","Cauldron","Replay:Bandana","CeramicFish","PreservedInsect","theMarked:ContemptForTheProud+1","theMarked:Aftermath","Guide Book","theMarked:SecretDocuments","ClockworkSouvenir","Enlightenment+1"],"campfire_rested":7,"item_purchase_floors":[0,0,0,0,0,0,0,0,23,23,23,23,23,23,23,23,23,38,38,38,38,38,38,49,49,49,49],"current_hp_per_floor":[70,70,70,53,53,46,67,67,67,67,67,41,41,37,39,39,60,25,70,45,45,21,21,16,37,16,20,20,4,4,25,29,22,43,10,70,70,70,70,70,48,54,70,70,70,70,70,70,70,70,70,21],"gold":449,"neow_bonus":"","is_daily":false,"chose_seed":false,"campfire_upgraded":1,"win_rate":0.0,"timestamp":1609813748,"path_taken":["M","?","M","?","M","E","R","PTL","PTL","R","T","E","?","E","?","M","R","BOSS","M","?","M","$","?","R","E","M","T","?","?","R","E","M","R","BOSS","M","$","?","M","M","E","R","E","T","?","M","M","$","?","R","BOSS"],"items_purchased_type":["Relic","Relic","Relic","Relic","Relic","Relic","Relic","Card","Relic","Relic","Relic","Relic","Card","Relic","Card","Card","Card","Relic","Relic","Relic","Relic","Card","Card","Relic","Relic","Relic","Card"],"build_version":"2020-12-22","purchased_purges":4,"victory":true,"max_hp_per_floor":[70,70,70,70,70,70,70,70,70,70,70,70,70,70,70,70,70,70,70,70,70,70,70,70,70,70,70,70,70,70,70,70,70,70,70,70,70,70,70,70,70,70,70,70,70,70,70,70,70,70,70,70],"card_choices":[{"not_picked":["theMarked:Parkour","theMarked:WastefulAttack"],"picked":"theMarked:ElectricStrings","floor":0},{"not_picked":["theMarked:SelfDefenseTraining","theMarked:WastefulDefense"],"picked":"theMarked:Vacuum","floor":0},{"not_picked":["theMarked:Reabsorb","theMarked:TwofoldDefense"],"picked":"theMarked:Frustration","floor":0},{"not_picked":["theMarked:SelfDefenseTraining","theMarked:Generate"],"picked":"theMarked:ChainLightning","floor":0},{"not_picked":["theMarked:Frustration","theMarked:Static"],"picked":"theMarked:ElectricStrings","floor":0},{"not_picked":["theMarked:WastefulAttack","theMarked:ElectricStrings"],"picked":"theMarked:SwordAndMagic","floor":1},{"not_picked":["theMarked:WardOff","theMarked:Parkour"],"picked":"theMarked:CreepingChasm","floor":3},{"not_picked":["theMarked:ShockingTouch","theMarked:Convert"],"picked":"theMarked:ThrowWeapon","floor":4},{"not_picked":["theMarked:Frustration","theMarked:LightningStrikesTwice"],"picked":"theMarked:Parkour","floor":5},{"not_picked":["theMarked:Reabsorb","theMarked:ChannelForce"],"picked":"theMarked:CreepingChasm","floor":6},{"not_picked":["theMarked:WastefulAttack","theMarked:TunnelVision"],"picked":"theMarked:DeterminationOfTheMarked+1","floor":12},{"not_picked":["theMarked:EmpowerWeapon","theMarked:TwofoldDefense"],"picked":"theMarked:SummonStrength+1","floor":14},{"not_picked":["theMarked:ChainLightning","theMarked:TunnelVision"],"picked":"theMarked:ElectricStrings","floor":15},{"not_picked":["theMarked:TwofoldDefense","theMarked:Overthink"],"picked":"theMarked:CreepingChasm","floor":16},{"not_picked":["theMarked:Defy","theMarked:DispelDoubt"],"picked":"theMarked:UnarmedFury","floor":18},{"not_picked":[],"picked":"theMarked:ElectricStrings","floor":20},{"not_picked":["theMarked:WastefulAttack"],"picked":"SKIP","floor":22},{"not_picked":[],"picked":"theMarked:SwordAndMagic","floor":24},{"not_picked":[],"picked":"theMarked:Improvise","floor":26},{"not_picked":[],"picked":"theMarked:ResourceFulStrike","floor":27},{"not_picked":["theMarked:Seal+1"],"picked":"SKIP","floor":32},{"not_picked":[],"picked":"theMarked:ElectricStrings","floor":33},{"not_picked":[],"picked":"theMarked:MuscleMemory","floor":35},{"not_picked":[],"picked":"theMarked:Frustration+1","floor":37},{"not_picked":["theMarked:Standoff+1"],"picked":"SKIP","floor":40},{"not_picked":[],"picked":"theMarked:RepellingDischarge+1","floor":41},{"not_picked":[],"picked":"theMarked:MaelstromOfLightning+1","floor":42},{"not_picked":[],"picked":"theMarked:Aftermath","floor":44},{"not_picked":["theMarked:TwofoldDefense"],"picked":"SKIP","floor":46},{"not_picked":[],"picked":"theMarked:SwordAndMagic","floor":47},{"not_picked":[],"picked":"theMarked:ResourceFulStrike","floor":48},{"not_picked":[],"picked":"theMarked:Static+1","floor":50}],"player_experience":247460,"relics_obtained":[{"floor":4,"key":"StoneCalendar"},{"floor":6,"key":"Replay:Bottled Steam"},{"floor":11,"key":"Golden Egg"},{"floor":12,"key":"Replay:Bottled Eggs"},{"floor":14,"key":"Snack Pack"},{"floor":26,"key":"Akabeko"},{"floor":28,"key":"Whetstone"},{"floor":29,"key":"Necronomicon"},{"floor":32,"key":"Ancient Tea Set"},{"floor":42,"key":"Ornamental Fan"},{"floor":44,"key":"War Paint"},{"floor":45,"key":"theMarked:VonisonLock"}],"event_choices":[{"cards_removed":["theMarked:ElectricStrings"],"damage_healed":0,"gold_gain":0,"player_choice":"Gave Card","damage_taken":0,"relics_obtained":["Happy Flower"],"max_hp_gain":0,"max_hp_loss":0,"event_name":"WeMeetAgain","floor":13,"gold_loss":0},{"damage_healed":0,"gold_gain":0,"player_choice":"Ignored","damage_taken":0,"max_hp_gain":0,"max_hp_loss":0,"event_name":"betterNote:BetterNote","floor":21,"gold_loss":0,"cards_obtained":["Strike_MRS"]},{"damage_healed":0,"gold_gain":0,"player_choice":"Obtained Book","damage_taken":16,"max_hp_gain":0,"max_hp_loss":0,"event_name":"Cursed Tome","floor":29,"gold_loss":0},{"damage_healed":0,"gold_gain":0,"player_choice":"Obtained Relic","damage_taken":0,"relics_obtained":["Old Coin"],"max_hp_gain":0,"max_hp_loss":0,"event_name":"Addict","floor":30,"gold_loss":85},{"damage_healed":0,"gold_gain":0,"cards_transformed":["theMarked:Strike"],"player_choice":"Transformed","damage_taken":0,"max_hp_gain":0,"max_hp_loss":0,"event_name":"Transmorgrifier","floor":39,"gold_loss":0,"cards_obtained":["theMarked:UnarmedFury"]}],"is_beta":false,"boss_relics":[{"not_picked":["theMarked:BronzeBlade","Ring of Chaos"],"picked":"Replay:Grab Bag"},{"not_picked":["Abe\u0027s Treasure","Replay:Wanted Poster"],"picked":"Replay:Bronze Core"},{"not_picked":["ReplayTheSpireMod:Onyx Gauntlets","Velvet Choker"],"picked":"Busted Crown"},{"not_picked":["Snecko Eye","Runic Pyramid"],"picked":"theMarked:Eyepatch"},{"not_picked":["Tiny House","Cursed Key"],"picked":"Fusion Hammer"}],"items_purged_floors":[0,23,38,49],"is_endless":false,"potions_floor_spawned":[1,3,6,14,16,20,26,32,35,42,46,47,48],"ascension_level":2}}