{"host":"u7y9frlpoazak2mn","time":1609826557,"event":{"mods":["2.2 Compatiblity","AchievementEnabler","Aspiration","BaseMod","Better Match","Better Note","Better Sensory Stone","Better Skull","Colored Powertips","Conspire","Downfall","Energized Spire","GifTheSpireLib","Hermit","Highlight Path","Hubris","Marisa????????","Marked Mod","Mimic Mod","Minty Spire (QoL Compilation)","Permanent Neow","Rare Cards Sparkle","Relic Sorter","Remilia??????","Replay The Spire","Shade Mod","Somnambulant","Spikes Relics","StSLib","Stuff the Spire","The Administrix","The Alterego","The Blue Laboratory","The Construct","The Cursed","The Forsaken","The Hayseed","The Hierophant","The Judge","The Marked","The Runesmith","The Senshi","The Servant 0.9.4","TheBandit","TheVacant","Transform Curses","Unceasing Turn Reminder","Waifu the Spire","everything is the same but u backflip on backflip","slay the spire mod where everything is the same but ironclad has a cowboy hat"],"gold_per_floor":[117,135,12,22,38,38,57,132,177,197,216,229,255,270,270,369,369,385,385,385,368,318,318,318],"floor_reached":23,"playtime":1189,"items_purged":["construct:DefenseMode"],"score":232,"play_id":"f09e8845-8fd6-4294-8cf4-0458a195b125","local_time":"20210105010237","is_ascension_mode":true,"campfire_choices":[{"data":"construct:HyperBeam","floor":6,"key":"SMITH"},{"floor":15,"key":"REST"}],"circlet_count":0,"master_deck":["construct:Strike_Gold","construct:Strike_Gold+1","construct:Strike_Gold+1","construct:Strike_Gold","construct:Strike_Gold","construct:Defend_Gold","construct:Defend_Gold","construct:Defend_Gold","construct:Defend_Gold","construct:Defend_Gold","construct:AttackMode","Twin Strike","Sword Boomerang","Absolvement","construct:HyperBeam+1","construct:CripplingShot","Heavy Blade","construct:ForceCore","construct:BlazingSpeed","construct:HardReboot","Replay:Many Hands","StuffTheSpire:Deluminance","StuffTheSpire:Deluminance","StuffTheSpire:Deluminance","StuffTheSpire:Deluminance","StuffTheSpire:Deluminance","construct:CreateCores"],"relics":["construct:ClockworkPhoenix","aspiration:PoetsPen_weak","aspiration:IroncladSkillbook","Omamori","Whetstone","WizardHat","energizedSpire:NeverEndingSparkler","StuffTheSpire:BlackoutCurse","RetroEgg"],"acts_visited":["Exordium","TheCity"],"potions_floor_usage":[14,14,16,16,21],"damage_taken":[{"damage":8,"enemies":"Small Slimes","floor":1,"turns":3},{"damage":1,"enemies":"Jaw Worm","floor":2,"turns":3},{"damage":0,"enemies":"Cultist","floor":4,"turns":2},{"damage":10,"enemies":"Looter","floor":5,"turns":2},{"damage":9,"enemies":"2 Fungi Beasts","floor":7,"turns":2},{"damage":11,"enemies":"Exordium Thugs","floor":10,"turns":3},{"damage":16,"enemies":"Large Slime","floor":11,"turns":2},{"damage":22,"enemies":"Gremlin Gang","floor":12,"turns":3},{"damage":24,"enemies":"Gremlin Nob","floor":13,"turns":4},{"damage":10,"enemies":"Exordium Thugs","floor":14,"turns":3},{"damage":33,"enemies":"Slime Boss","floor":16,"turns":6},{"damage":29,"enemies":"Shell Parasite","floor":18,"turns":4},{"damage":47,"enemies":"2 Thieves","floor":21,"turns":4},{"damage":23,"enemies":"Slavers","floor":23,"turns":1}],"seed_played":"-456532427530228199","potions_obtained":[{"floor":2,"key":"blueLaboratory:FrostheartPotion"},{"floor":5,"key":"blueLaboratory:BottleOfVodka"},{"floor":8,"key":"Doom Potion"},{"floor":11,"key":"hexamod:EctoCoolerPotion"},{"floor":14,"key":"blueLaboratory:HeartbeatPotion"},{"floor":16,"key":"Elixir"},{"floor":18,"key":"GamblersBrew"},{"floor":21,"key":"blueLaboratory:BottledHope"}],"is_trial":false,"path_per_floor":["M","M","$","M","M","R","M","?","T","M","M","M","E","M","R","B",null,"M","?","?","M","?","E"],"character_chosen":"THE_CONSTRUCT_MOD","items_purchased":["Sword Boomerang"],"campfire_rested":1,"item_purchase_floors":[3],"current_hp_per_floor":[81,84,84,85,79,79,74,74,74,67,55,37,17,11,36,7,85,60,60,60,17,17,0,0],"gold":318,"neow_bonus":"DOUBLE_BOSS_RELIC","is_daily":false,"chose_seed":false,"campfire_upgraded":1,"win_rate":0.0,"timestamp":1609826557,"path_taken":["M","M","$","M","M","R","M","?","T","M","?","M","E","M","R","BOSS","M","?","?","?","?","E"],"items_purchased_type":["Card"],"build_version":"2020-12-22","purchased_purges":1,"victory":false,"max_hp_per_floor":[85,85,85,85,85,85,85,85,85,85,85,85,85,85,85,85,85,85,85,85,85,85,85,85],"card_choices":[{"not_picked":["StuffTheSpire:Incineration","construct:Reinforce","StuffTheSpire:Resist"],"picked":"Twin Strike","floor":1},{"not_picked":["Body Slam","construct:Impenetrable","construct:CriticalHit"],"picked":"construct:Analyze","floor":2},{"not_picked":["Clash","construct:ScrapCannon","construct:FierceBash"],"picked":"Absolvement","floor":4},{"not_picked":["construct:HeavyBolt","construct:Missile","construct:Forcefield"],"picked":"construct:HyperBeam","floor":5},{"not_picked":["construct:FlammableFog","Uppercut","Run Through"],"picked":"construct:CripplingShot","floor":7},{"not_picked":["construct:SaveState","ReplayTheSpireMod:Strike From Hell","Clash"],"picked":"Heavy Blade","floor":10},{"not_picked":["Body Slam","construct:Multistage","StuffTheSpire:RockThrow"],"picked":"construct:ForceCore","floor":11},{"not_picked":["construct:Implosion","construct:ModeShift","Havoc","construct:SyphonStrike"],"picked":"SKIP","floor":12},{"not_picked":["construct:Overcharge","Havoc","construct:HeavyBolt"],"picked":"construct:BlazingSpeed","floor":13},{"not_picked":["construct:ShiftStrike","Armaments","construct:FierceBash"],"picked":"construct:HardReboot","floor":14},{"not_picked":["hubris:StunningStrike","Brutality","Demonic Infusion"],"picked":"Replay:Many Hands","floor":16},{"not_picked":["construct:ReactiveShield+1","construct:ScrapCannon+1","construct:Zapper","True Grit"],"picked":"SKIP","floor":18},{"not_picked":["Flex","construct:PhosphorStorm+1","construct:Rollout"],"picked":"construct:CreateCores","floor":21}],"player_experience":321060,"relics_obtained":[{"floor":8,"key":"Omamori"},{"floor":9,"key":"Whetstone"},{"floor":13,"key":"WizardHat"}],"event_choices":[{"cards_removed":["construct:Analyze"],"damage_healed":0,"gold_gain":0,"player_choice":"Gave Card","damage_taken":0,"relics_obtained":["RetroEgg"],"max_hp_gain":0,"max_hp_loss":0,"event_name":"WeMeetAgain","floor":20,"gold_loss":0},{"damage_healed":0,"gold_gain":0,"player_choice":"Bet on Murderer","damage_taken":0,"max_hp_gain":0,"max_hp_loss":0,"event_name":"The Joust","floor":22,"gold_loss":50}],"is_beta":false,"boss_relics":[{"not_picked":["aspiration:FutureDiary","hubris:GrandSneckoEye"],"picked":"energizedSpire:NeverEndingSparkler"}],"items_purged_floors":[3],"is_endless":false,"potions_floor_spawned":[2,5,11,14,16,18,21],"killed_by":"Slavers","ascension_level":1}}