{"host":"pwvccrb83t5l255a","time":1609815266,"event":{"mods":["2.2 Compatiblity","AchievementEnabler","BaseMod","Bestiary","BetterRewards","Block Reminder","Colored Map","Colored Powertips","Curses Come First","Googly Eyes","Minty Spire (QoL Compilation)","Quick Restart","Rare Cards Sparkle","Relic Sorter","Relic Stats","StSLib","The IronCluck"],"gold_per_floor":[114,61,71,71,71,71,109,109,109,109,109,145,165,184,184,313,313,331,430,430,430,459,486,13,13,13,13,29,29,29,29,29,132,132,150,150,165,183,198,228,228,228,252,252,252,252,252,252,252,252],"floor_reached":51,"playtime":3532,"items_purged":["Riddle With Holes"],"score":745,"play_id":"aaec1025-ce04-4cda-8397-3e9e0974b2b1","local_time":"20210104215426","is_ascension_mode":false,"campfire_choices":[{"data":"Blade Dance","floor":6,"key":"SMITH"},{"data":"Cloak And Dagger","floor":10,"key":"SMITH"},{"data":"Infinite Blades","floor":15,"key":"SMITH"},{"floor":25,"key":"REST"},{"floor":27,"key":"REST"},{"floor":32,"key":"REST"},{"floor":41,"key":"REST"},{"data":"Envenom","floor":44,"key":"SMITH"},{"floor":49,"key":"REST"}],"circlet_count":0,"master_deck":["Survivor","Neutralize","Blade Dance+1","Cloak And Dagger","Cloak And Dagger+1","Choke+1","Infinite Blades+1","Envenom+1","Sucker Punch","Leg Sweep","Malaise","Bane","Reflex","Burst","Grand Finale","Distraction","Infinite Blades+1","Adrenaline+1","Corpse Explosion+1","Doubt","Panacea+1","Madness+1","Madness+1"],"relics":["Ring of the Snake","Red Mask","NeowsBlessing","Bloody Idol","HornCleat","Blood Vial","Ornamental Fan","Juzu Bracelet","Pandora\u0027s Box","Mercury Hourglass","Toxic Egg 2","TwistedFunnel","Bottled Flame","MutagenicStrength","WristBlade","Potion Belt","Toy Ornithopter","Shuriken"],"acts_visited":["Exordium","TheCity","TheBeyond"],"potions_floor_usage":[16,16,33,33,50,50,50],"damage_taken":[{"damage":0,"enemies":"Jaw Worm","floor":1,"turns":1},{"damage":0,"enemies":"Small Slimes","floor":3,"turns":1},{"damage":0,"enemies":"Gremlin Nob","floor":7,"turns":1},{"damage":4,"enemies":"3 Sentries","floor":12,"turns":10},{"damage":1,"enemies":"2 Louse","floor":13,"turns":2},{"damage":0,"enemies":"2 Fungi Beasts","floor":14,"turns":3},{"damage":19,"enemies":"Hexaghost","floor":16,"turns":10},{"damage":5,"enemies":"Chosen","floor":18,"turns":7},{"damage":26,"enemies":"Masked Bandits","floor":22,"turns":5},{"damage":30,"enemies":"Gremlin Leader","floor":23,"turns":5},{"damage":0,"enemies":"Spheric Guardian","floor":28,"turns":3},{"damage":32,"enemies":"Colosseum Slavers","floor":30,"turns":4},{"damage":18,"enemies":"Champ","floor":33,"turns":9},{"damage":7,"enemies":"Orb Walker","floor":35,"turns":3},{"damage":10,"enemies":"3 Shapes","floor":37,"turns":3},{"damage":20,"enemies":"Sphere and 2 Shapes","floor":38,"turns":4},{"damage":4,"enemies":"Maw","floor":39,"turns":6},{"damage":50,"enemies":"Nemesis","floor":40,"turns":7},{"damage":41,"enemies":"Donu and Deca","floor":50,"turns":5}],"seed_played":"1565887001715929122","potions_obtained":[{"floor":7,"key":"Energy Potion"},{"floor":13,"key":"SteroidPotion"},{"floor":14,"key":"SkillPotion"},{"floor":16,"key":"LiquidBronze"},{"floor":22,"key":"SteroidPotion"},{"floor":28,"key":"Regen Potion"},{"floor":33,"key":"BlessingOfTheForge"},{"floor":35,"key":"CultistPotion"},{"floor":38,"key":"Fire Potion"}],"is_trial":false,"path_per_floor":["M","$","M","?","?","R","E","?","T","R","?","E","M","M","R","B",null,"M","?","?","?","?","E","$","R","T","R","M","?","?","$","R","B",null,"M","?","M","M","M","E","R","?","T","R","?","?","T","?","R","B",null],"character_chosen":"THE_SILENT","items_purchased":["Cloak And Dagger","Toxic Egg 2","TwistedFunnel"],"campfire_rested":5,"item_purchase_floors":[2,24,24],"current_hp_per_floor":[70,70,70,70,63,63,63,63,63,63,56,54,55,57,57,40,70,65,65,65,65,46,23,23,44,44,65,70,70,38,38,59,61,70,68,68,65,52,55,12,33,70,70,70,70,70,70,61,70,44],"gold":252,"neow_bonus":"THREE_ENEMY_KILL","is_daily":false,"chose_seed":false,"campfire_upgraded":4,"win_rate":0.0,"timestamp":1609815266,"path_taken":["M","$","M","?","?","R","E","?","T","R","?","E","M","M","R","BOSS","M","?","?","?","?","E","$","R","T","R","M","?","?","?","R","BOSS","M","?","M","M","M","E","R","?","T","R","?","?","?","?","R","BOSS"],"items_purchased_type":["Card","Relic","Relic"],"build_version":"2020-12-22","purchased_purges":1,"victory":true,"max_hp_per_floor":[70,70,70,70,70,70,70,70,70,70,70,70,70,70,70,70,70,70,70,70,70,70,70,70,70,70,70,70,70,70,70,70,70,70,70,70,70,70,70,70,70,70,70,70,70,70,70,70,70,70],"relic_stats":{"Blood Vial":24,"counters":[19,88],"Ornamental Fan":[328],"Shuriken":[6],"Bloody Idol":43,"Pandora\u0027s Box":["Sucker Punch","Leg Sweep","Riddle With Holes","Malaise","Bane","Reflex","Burst","Grand Finale","Distraction"],"Juzu Bracelet":2,"obtain_stats":[{"TwistedFunnel":24,"Potion Belt":40,"NeowsBlessing":0,"Golden Idol":4,"Juzu Bracelet":12,"Mercury Hourglass":23,"Blood Vial":7,"Bottled Flame":26,"HornCleat":5,"WristBlade":34,"Ornamental Fan":9,"Shuriken":47,"Bloody Idol":20,"MutagenicStrength":29,"Pandora\u0027s Box":17,"Red Mask":22,"Toxic Egg 2":24,"Toy Ornithopter":43,"Ring of the Snake":0},{"TwistedFunnel":10,"Potion Belt":18,"NeowsBlessing":0,"Golden Idol":2,"Juzu Bracelet":4,"Mercury Hourglass":10,"Blood Vial":3,"Bottled Flame":10,"HornCleat":2,"WristBlade":13,"Ornamental Fan":3,"Shuriken":18,"Bloody Idol":8,"MutagenicStrength":11,"Pandora\u0027s Box":7,"Red Mask":9,"Toxic Egg 2":10,"Toy Ornithopter":18,"Ring of the Snake":0},{"TwistedFunnel":45,"Potion Belt":83,"NeowsBlessing":0,"Golden Idol":2,"Juzu Bracelet":13,"Mercury Hourglass":45,"Blood Vial":3,"Bottled Flame":45,"HornCleat":2,"WristBlade":61,"Ornamental Fan":3,"Shuriken":83,"Bloody Idol":35,"MutagenicStrength":48,"Pandora\u0027s Box":28,"Red Mask":40,"Toxic Egg 2":45,"Toy Ornithopter":83,"Ring of the Snake":0}],"Toy Ornithopter":15,"Ring of the Snake":[38],"Mercury Hourglass":[146]},"card_choices":[{"not_picked":["Dagger Spray","Flying Knee"],"picked":"Blade Dance","floor":1},{"not_picked":["Quick Slash","Escape Plan","Footwork"],"picked":"SKIP","floor":3},{"not_picked":["Dagger Spray","Venomology"],"picked":"Cloak And Dagger","floor":7},{"not_picked":["Cloak And Dagger","PiercingWail"],"picked":"Choke","floor":12},{"not_picked":["Deflect","Footwork"],"picked":"Infinite Blades","floor":13},{"not_picked":["Setup","Bane","Deflect"],"picked":"SKIP","floor":14},{"not_picked":["Wraith Form v2","Bullet Time"],"picked":"Envenom","floor":16},{"not_picked":["Poisoned Stab","Flying Knee","Quick Slash"],"picked":"SKIP","floor":18},{"not_picked":["Underhanded Strike","Deflect"],"picked":"Infinite Blades+1","floor":23},{"not_picked":["Catalyst+1","Underhanded Strike","Quick Slash"],"picked":"SKIP","floor":28},{"not_picked":["Grand Finale","Unload"],"picked":"Adrenaline+1","floor":33},{"not_picked":["Endless Agony","Dagger Spray","Backflip+1"],"picked":"SKIP","floor":35},{"not_picked":["PiercingWail+1","Bane+1","Poisoned Stab"],"picked":"SKIP","floor":37},{"not_picked":["Finisher+1","Poisoned Stab+1","Deflect+1"],"picked":"SKIP","floor":38},{"not_picked":["Acrobatics+1","Well Laid Plans"],"picked":"Corpse Explosion+1","floor":39},{"not_picked":["Dash","Bane+1","Footwork+1"],"picked":"SKIP","floor":40},{"not_picked":["Flash of Steel","Madness+1"],"picked":"Panacea+1","floor":46}],"player_experience":223674,"relics_obtained":[{"floor":7,"key":"Blood Vial"},{"floor":9,"key":"Ornamental Fan"},{"floor":12,"key":"Juzu Bracelet"},{"floor":22,"key":"Red Mask"},{"floor":23,"key":"Mercury Hourglass"},{"floor":26,"key":"Bottled Flame"},{"floor":40,"key":"Potion Belt"},{"floor":43,"key":"Toy Ornithopter"},{"floor":47,"key":"Shuriken"}],"event_choices":[{"damage_healed":0,"gold_gain":0,"player_choice":"Take Wound","damage_taken":0,"relics_obtained":["Golden Idol"],"max_hp_gain":0,"max_hp_loss":0,"event_name":"Golden Idol","floor":4,"gold_loss":0,"cards_obtained":["Injury"]},{"damage_healed":0,"gold_gain":0,"player_choice":"Success","damage_taken":7,"relics_obtained":["HornCleat"],"max_hp_gain":0,"max_hp_loss":0,"event_name":"Scrap Ooze","floor":5,"gold_loss":0},{"cards_removed":["Injury"],"damage_healed":0,"gold_gain":0,"player_choice":"Forget","damage_taken":0,"max_hp_gain":0,"max_hp_loss":0,"event_name":"Living Wall","floor":8,"gold_loss":0},{"cards_removed":["Strike_G"],"damage_healed":0,"gold_gain":0,"player_choice":"Card Removal","damage_taken":7,"max_hp_gain":0,"max_hp_loss":0,"event_name":"Golden Wing","floor":11,"gold_loss":0},{"damage_healed":0,"gold_gain":99,"player_choice":"Stole From Cult","damage_taken":0,"max_hp_gain":0,"max_hp_loss":0,"event_name":"Nest","floor":19,"gold_loss":0},{"damage_healed":0,"gold_gain":0,"player_choice":"Gave Idol","damage_taken":0,"relics_obtained":["Bloody Idol"],"max_hp_gain":0,"max_hp_loss":0,"event_name":"Forgotten Altar","floor":20,"relics_lost":["Golden Idol"],"gold_loss":0},{"damage_healed":0,"gold_gain":0,"player_choice":"Forge","damage_taken":0,"max_hp_gain":0,"max_hp_loss":0,"event_name":"Accursed Blacksmith","floor":21,"gold_loss":0,"cards_upgraded":["Choke"]},{"damage_healed":0,"gold_gain":0,"player_choice":"Fought Bandits","damage_taken":0,"max_hp_gain":0,"max_hp_loss":0,"event_name":"Masked Bandits","floor":22,"gold_loss":0},{"damage_healed":0,"gold_gain":0,"player_choice":"Inject Mutagens","damage_taken":0,"relics_obtained":["MutagenicStrength"],"max_hp_gain":0,"max_hp_loss":0,"event_name":"Drug Dealer","floor":29,"gold_loss":0},{"damage_healed":0,"gold_gain":0,"player_choice":"Fight","damage_taken":0,"max_hp_gain":0,"max_hp_loss":0,"event_name":"Colosseum","floor":30,"gold_loss":0},{"damage_healed":0,"gold_gain":0,"player_choice":"Fled From Nobs","damage_taken":0,"max_hp_gain":0,"max_hp_loss":0,"event_name":"Colosseum","floor":30,"gold_loss":0},{"damage_healed":0,"gold_gain":0,"player_choice":"Ignored","damage_taken":0,"max_hp_gain":0,"max_hp_loss":0,"event_name":"Tomb of Lord Red Mask","floor":36,"gold_loss":0},{"damage_healed":37,"gold_gain":0,"player_choice":"Heal","damage_taken":0,"max_hp_gain":0,"max_hp_loss":0,"event_name":"MindBloom","floor":42,"gold_loss":0,"cards_obtained":["Doubt"]},{"damage_healed":0,"gold_gain":0,"player_choice":"Ignored","damage_taken":0,"max_hp_gain":0,"max_hp_loss":0,"event_name":"Mysterious Sphere","floor":45,"gold_loss":0},{"damage_healed":0,"gold_gain":0,"player_choice":"Memory 1","damage_taken":0,"max_hp_gain":0,"max_hp_loss":0,"event_name":"SensoryStone","floor":46,"gold_loss":0},{"damage_healed":0,"gold_gain":0,"player_choice":"Embrace Madness","damage_taken":9,"max_hp_gain":0,"max_hp_loss":0,"event_name":"Winding Halls","floor":48,"gold_loss":0,"cards_obtained":["Madness","Madness"]}],"is_beta":false,"boss_relics":[{"not_picked":["SacredBark","Velvet Choker"],"picked":"Pandora\u0027s Box"},{"not_picked":["Ring of the Serpent","Runic Pyramid"],"picked":"WristBlade"}],"items_purged_floors":[24],"is_endless":false,"potions_floor_spawned":[7,13,14,16,22,28,30,33,35,38],"ascension_level":0}}