{"host":"p4zclu0beiy6gkiq","time":1609829845,"event":{"mods":["AchievementEnabler","BaseMod","Bestiary","Colored Map","Colored Powertips","DeckTracker","Minty Spire (QoL Compilation)","Quick Restart","StSLib","SuperFastMode","The Cursed"],"gold_per_floor":[117,117,45,63,138,138,165,165,212,222,249,269,269,286,286,383,383,396,414,426,104,104,135,135,152,201,235,248,248,263,274,274,372,372,385,402,412,412,422,455,355,390,390,390,121,121,140,140,140,140,140,140,65,98,98],"floor_reached":56,"playtime":11572,"items_purged":["Defend_P","Strike_P","Strike_P"],"score":1309,"play_id":"4c455f86-1dd7-4411-ba9b-ad7e9e34af50","local_time":"20210105155725","is_ascension_mode":false,"campfire_choices":[{"floor":6.0,"key":"REST"},{"data":"Eruption","floor":8.0,"key":"SMITH"},{"data":"ForeignInfluence","floor":13.0,"key":"SMITH"},{"data":"TalkToTheHand","floor":15.0,"key":"SMITH"},{"data":"Alpha","floor":24.0,"key":"SMITH"},{"data":"Blasphemy","floor":29.0,"key":"SMITH"},{"data":"MentalFortress","floor":32.0,"key":"SMITH"},{"data":"Omniscience","floor":44.0,"key":"SMITH"},{"floor":46.0,"key":"RECALL"},{"data":"TalkToTheHand","floor":49.0,"key":"SMITH"},{"data":"Adaptation","floor":52,"key":"SMITH"}],"circlet_count":0,"master_deck":["Strike_P","Eruption+1","Vigilance","Halt","Swivel","Sanctity","TalkToTheHand+1","EmptyFist","EmptyFist","BattleHymn","SandsOfTime","ForeignInfluence+1","Protect","Blasphemy+1","InnerPeace","CrushJoints+1","CutThroughFate","MentalFortress+1","FlurryOfBlows","Alpha+1","Meditate+1","TalkToTheHand+1","Halt+1","CutThroughFate","ThirdEye+1","DeusExMachina","Indignation","FlurryOfBlows","Prostrate+1","Omniscience+1","Protect+1","CutThroughFate","TalkToTheHand+1","Adaptation+1","MentalFortress","Weave+1"],"relics":["PureWater","PreservedInsect","Coffee Dripper","Nloth\u0027s Gift","Blue Candle","Regal Pillow","HornCleat","Sozu","Shuriken","Bag of Marbles","Du-Vu Doll","DollysMirror","Blood Vial"],"acts_visited":["Exordium","TheCity","TheBeyond","TheEnding"],"potions_floor_usage":[55,55],"damage_taken":[{"damage":0.0,"enemies":"Jaw Worm","floor":1.0,"turns":2.0},{"damage":0.0,"enemies":"Cultist","floor":4.0,"turns":3.0},{"damage":23.0,"enemies":"Lagavulin","floor":7.0,"turns":9.0},{"damage":0.0,"enemies":"Small Slimes","floor":10.0,"turns":2.0},{"damage":16.0,"enemies":"Gremlin Nob","floor":11.0,"turns":4.0},{"damage":0.0,"enemies":"Red Slaver","floor":12.0,"turns":2.0},{"damage":0.0,"enemies":"Gremlin Gang","floor":14.0,"turns":3.0},{"damage":14.0,"enemies":"The Guardian","floor":16.0,"turns":7.0},{"damage":0.0,"enemies":"Spheric Guardian","floor":18.0,"turns":3.0},{"damage":0.0,"enemies":"Chosen","floor":19.0,"turns":3.0},{"damage":0.0,"enemies":"Snake Plant","floor":20.0,"turns":1.0},{"damage":15.0,"enemies":"Gremlin Leader","floor":23.0,"turns":3.0},{"damage":7.0,"enemies":"Chosen and Byrds","floor":25.0,"turns":4.0},{"damage":16.0,"enemies":"Slavers","floor":27.0,"turns":4.0},{"damage":0.0,"enemies":"Centurion and Healer","floor":28.0,"turns":4.0},{"damage":0.0,"enemies":"Snake Plant","floor":30.0,"turns":4.0},{"damage":0.0,"enemies":"Snecko","floor":31.0,"turns":4.0},{"damage":0.0,"enemies":"Collector","floor":33.0,"turns":6.0},{"damage":5.0,"enemies":"3 Shapes","floor":35.0,"turns":4.0},{"damage":1.0,"enemies":"3 Darklings","floor":36.0,"turns":5.0},{"damage":0.0,"enemies":"Sphere and 2 Shapes","floor":37.0,"turns":4.0},{"damage":33.0,"enemies":"Jaw Worm Horde","floor":39.0,"turns":4.0},{"damage":0.0,"enemies":"Giant Head","floor":40.0,"turns":6.0},{"damage":5.0,"enemies":"Reptomancer","floor":42.0,"turns":5.0},{"damage":0.0,"enemies":"Maw","floor":47.0,"turns":4.0},{"damage":49,"enemies":"Awakened One","floor":50,"turns":10},{"damage":9,"enemies":"Shield and Spear","floor":54,"turns":5},{"damage":52,"enemies":"The Heart","floor":55,"turns":8}],"seed_played":"2794490852344647733","potions_obtained":[{"floor":1.0,"key":"DuplicationPotion"},{"floor":10.0,"key":"GamblersBrew"},{"floor":11.0,"key":"SneckoOil"},{"floor":12.0,"key":"LiquidBronze"},{"floor":25.0,"key":"Explosive Potion"},{"floor":27.0,"key":"Ancient Potion"},{"floor":28.0,"key":"DuplicationPotion"},{"floor":31.0,"key":"GamblersBrew"}],"is_trial":false,"path_per_floor":["M","?","$","M","?","R","E","R","T","M","E","M","R","M","R","B",null,"M","M","M","$","?","E","R","M","T","E","M","R","M","M","R","B",null,"M","M","M","?","M","E","$","E","T","R","$","R","M","?","R","B",null,"R","$","E","B",null],"character_chosen":"WATCHER","items_purchased":["TalkToTheHand","MentalFortress","FlurryOfBlows","Alpha","DollysMirror","MentalFortress"],"campfire_rested":1,"item_purchase_floors":[3,21,21,21,45,53],"current_hp_per_floor":[51,44,44,44,33,54,31,31,31,31,15,15,15,15,15,1,72,72,72,72,72,72,57,57,50,50,34,34,34,34,34,34,34,72,67,66,66,66,33,33,33,28,28,28,28,28,28,63,63,14,63,63,63,54,4],"gold":98,"neow_bonus":"TRANSFORM_TWO_CARDS","is_daily":false,"chose_seed":false,"campfire_upgraded":9,"win_rate":0.0,"timestamp":1609829845,"path_taken":["M","?","$","M","?","R","E","R","T","?","E","M","R","M","R","BOSS","M","M","?","$","?","E","R","?","T","E","M","R","M","M","R","BOSS","M","M","?","?","M","E","?","E","T","R","$","R","M","?","R","BOSS","R","$","E","BOSS"],"items_purchased_type":["Card","Card","Card","Card","Relic","Card"],"build_version":"2020-12-22","purchased_purges":3,"victory":true,"max_hp_per_floor":[72,72,72,72,72,72,72,72,72,72,72,72,72,72,72,72,72,72,72,72,72,72,72,72,72,72,72,72,72,72,72,72,72,72,72,72,72,72,72,72,72,72,72,72,72,72,72,63,63,63,63,63,63,63,63],"card_choices":[{"not_picked":["CarveReality","WaveOfTheHand"],"picked":"Sanctity","floor":1.0},{"not_picked":["JustLucky","CrushJoints"],"picked":"EmptyFist","floor":4.0},{"not_picked":["FollowUp","Pray"],"picked":"EmptyFist","floor":7.0},{"not_picked":["FlurryOfBlows","Protect"],"picked":"BattleHymn","floor":10.0},{"not_picked":["BowlingBash","CarveReality"],"picked":"SandsOfTime","floor":11.0},{"not_picked":["Nirvana","PathToVictory"],"picked":"ForeignInfluence","floor":12.0},{"not_picked":["PathToVictory","ReachHeaven"],"picked":"Protect","floor":14.0},{"not_picked":["DeusExMachina","Ragnarok"],"picked":"Blasphemy","floor":16.0},{"not_picked":["ThirdEye","FollowUp"],"picked":"InnerPeace","floor":18.0},{"not_picked":["PathToVictory","WheelKick"],"picked":"CrushJoints+1","floor":19.0},{"not_picked":["LikeWater+1","SignatureMove"],"picked":"CutThroughFate","floor":20.0},{"not_picked":["Alpha","DeusExMachina"],"picked":"Meditate+1","floor":23.0},{"not_picked":["ClearTheMind","SashWhip+1"],"picked":"TalkToTheHand","floor":25.0},{"not_picked":["Alpha","Prostrate"],"picked":"Halt+1","floor":27.0},{"not_picked":["FlyingSleeves","ClearTheMind","CarveReality"],"picked":"SKIP","floor":28.0},{"not_picked":["JustLucky+1","Prostrate"],"picked":"CutThroughFate","floor":30.0},{"not_picked":["FlyingSleeves+1","Weave"],"picked":"ThirdEye+1","floor":31.0},{"not_picked":["Judgement","Establishment"],"picked":"DeusExMachina","floor":33.0},{"not_picked":["Meditate","Protect"],"picked":"Indignation","floor":35.0},{"not_picked":["ReachHeaven","CrushJoints"],"picked":"FlurryOfBlows","floor":36.0},{"not_picked":["SandsOfTime+1","BowlingBash"],"picked":"Prostrate+1","floor":37.0},{"not_picked":["Crescendo+1","Prostrate"],"picked":"Omniscience","floor":39.0},{"not_picked":["CrushJoints","SashWhip"],"picked":"Protect+1","floor":40.0},{"not_picked":["Collect","Vengeance+1"],"picked":"CutThroughFate","floor":42.0},{"not_picked":["Protect+1","FlurryOfBlows"],"picked":"Adaptation","floor":47.0},{"not_picked":["Conclude","DeceiveReality"],"picked":"Weave+1","floor":54}],"player_experience":216438,"relics_obtained":[{"floor":7.0,"key":"Art of War"},{"floor":11.0,"key":"PreservedInsect"},{"floor":23.0,"key":"Blue Candle"},{"floor":26.0,"key":"Regal Pillow"},{"floor":27.0,"key":"HornCleat"},{"floor":40.0,"key":"Shuriken"},{"floor":42.0,"key":"Bag of Marbles"},{"floor":43.0,"key":"Du-Vu Doll"},{"floor":54,"key":"Blood Vial"}],"event_choices":[{"cards_removed":["Defend_P"],"damage_healed":0.0,"max_hp_gain":0.0,"max_hp_loss":0.0,"gold_gain":0.0,"event_name":"Golden Wing","player_choice":"Card Removal","floor":2.0,"gold_loss":0.0,"damage_taken":7.0},{"damage_healed":0.0,"max_hp_gain":0.0,"max_hp_loss":0.0,"gold_gain":75.0,"event_name":"World of Goop","player_choice":"Gather Gold","floor":5.0,"gold_loss":0.0,"damage_taken":11.0},{"damage_healed":0.0,"max_hp_gain":0.0,"max_hp_loss":0.0,"gold_gain":0.0,"event_name":"N\u0027loth","player_choice":"Traded Relic","floor":22.0,"relics_lost":["Art of War"],"gold_loss":0.0,"damage_taken":0.0,"relics_obtained":["Nloth\u0027s Gift"]},{"cards_removed":["Strike_P"],"damage_healed":0.0,"max_hp_gain":0.0,"max_hp_loss":0.0,"gold_gain":0.0,"event_name":"Falling","player_choice":"Removed Attack","floor":38.0,"gold_loss":0.0,"damage_taken":0.0},{"damage_healed":63.0,"max_hp_gain":0.0,"max_hp_loss":9.0,"gold_gain":0.0,"event_name":"The Moai Head","player_choice":"Heal","floor":48.0,"gold_loss":0.0,"damage_taken":0.0}],"is_beta":false,"boss_relics":[{"not_picked":["Black Star","Calling Bell"],"picked":"Coffee Dripper"},{"not_picked":["Runic Pyramid","Astrolabe"],"picked":"Sozu"}],"items_purged_floors":[21,41,45],"is_endless":false,"potions_floor_spawned":[1,10,11,12,25,27,28,31,36,39,42,47,54],"ascension_level":0}}