{"host":"exyz3r55z4kt6m9o","time":1609834952,"event":{"mods":["2.2 Compatiblity","AchievementEnabler","Aspiration","BaseMod","Better Altar","Better Match","Better Note","Better Sensory Stone","Better Skull","Better Third Choice","BetterRewards","Colored Powertips","Energized Spire","Friendly Minions","GifTheSpireLib","Infinite Spire","Ironclad Rager","Jorbs\u0027s Wanderer Trilogy","Luminous","Marisa????????","Minty Spire (QoL Compilation)","Permanent Neow","Rare Cards Sparkle","Reimu??????","Relic Filter","Replay The Spire","Spicy Shops","StSLib","The Bladedancer","The Blue Laboratory","The Gatherer","The Hayseed","The Mystic","The Runesmith","Wandering Minibosses","yUi"],"gold_per_floor":[118,6,21,371,390,422,422,422,422,442,470,129,129,144,144,245,245,257,277,277,277,277],"floor_reached":21,"playtime":1144,"items_purged":["Runesmith:Strike_RS","Clumsy","Runesmith:Strike_RS"],"score":239,"play_id":"dec38425-0021-4e0f-b557-c12040f2bd3b","local_time":"20210105032232","is_ascension_mode":false,"campfire_choices":[{"data":"Runesmith:ArcReactor","floor":7,"key":"SMITH"},{"floor":15,"key":"REST"}],"circlet_count":0,"master_deck":["Runesmith:Strike_RS","Runesmith:Defend_RS","Runesmith:Defend_RS","Runesmith:Defend_RS","Runesmith:Defend_RS","Runesmith:CraftFirestone","Runesmith:Fortify","Runesmith:DuctTape","Runesmith:ChiselStab","Runesmith:PoweredAnvil+1","Runesmith:Duplicate","stsjorbsmod:PollutedStrike","Runesmith:ArcReactor+1","Runesmith:Grindstone","Runesmith:HeatExchange","Runesmith:ArcReactor"],"relics":["Runesmith:BrokenRuby","Ring of Greed","Old Coin","Tiny Chest","ReplayTheSpireMod:Ring of Addiction","Potion Belt","Chameleon Ring","Pen Nib","Replay:Baseball","Membership Card","Boot","Painkiller Herb","Empty Cage"],"acts_visited":["Exordium","TheCity"],"potions_floor_usage":[5,6,6,11,14,16,18,21],"damage_taken":[{"damage":0,"enemies":"2 Louse","floor":1,"turns":2},{"damage":8,"enemies":"Small Slimes","floor":3,"turns":5},{"damage":4,"enemies":"Cultist","floor":5,"turns":5},{"damage":0,"enemies":"Lagavulin","floor":6,"turns":9},{"damage":10,"enemies":"Looter","floor":10,"turns":3},{"damage":31,"enemies":"Gremlin Nob","floor":11,"turns":5},{"damage":3,"enemies":"Exordium Thugs","floor":14,"turns":3},{"damage":15,"enemies":"Fading Forest","floor":16,"turns":11},{"damage":14,"enemies":"Chosen","floor":18,"turns":5},{"damage":19,"enemies":"3 Byrds","floor":19,"turns":4},{"damage":45,"enemies":"Cultist and Chosen","floor":21,"turns":4}],"seed_played":"4605374921748292933","potions_obtained":[{"floor":1,"key":"blueLaboratory:NullPotion"},{"floor":3,"key":"blueLaboratory:FrostheartPotion"},{"floor":4,"key":"blueLaboratory:HorrorPotion"},{"floor":4,"key":"DistilledChaos"},{"floor":4,"key":"Block Potion"},{"floor":5,"key":"SteroidPotion"},{"floor":19,"key":"Energy Potion"}],"is_trial":false,"path_per_floor":["M","$","M","?","M","E","R","?","T","M","E","$","?","M","R","B",null,"?","?","AVR","?"],"character_chosen":"RUNESMITH_CLASS","items_purchased":["Runesmith:PoweredAnvil","Membership Card","Boot","Weak Potion","Runesmith:HeatExchange"],"campfire_rested":1,"item_purchase_floors":[2,12,12,12,12],"current_hp_per_floor":[70,70,62,62,58,58,58,58,58,48,17,17,17,14,34,29,68,54,35,35,0,0],"gold":277,"neow_bonus":"ONE_RANDOM_RARE_CARD","is_daily":false,"chose_seed":false,"campfire_upgraded":1,"win_rate":0.0,"timestamp":1609834952,"path_taken":["M","$","M","?","M","E","R","?","T","M","E","$","?","M","R","BOSS","?","?","AVR","?"],"items_purchased_type":["Card","Relic","Relic","Potion","Card"],"build_version":"2020-12-22","purchased_purges":3,"victory":false,"max_hp_per_floor":[70,70,70,70,70,70,70,70,70,68,68,68,68,68,68,68,68,68,68,68,68,68],"card_choices":[{"not_picked":["Runesmith:HeatExchange","Runesmith:EnergizedChisel"],"picked":"Runesmith:ChiselStab","floor":1},{"not_picked":["Runesmith:EnergizedChisel","Runesmith:ChargedHammer"],"picked":"Runesmith:Duplicate","floor":3},{"not_picked":["Runesmith:Overpower","Runesmith:ShiftingStrike","Runesmith:Prism"],"picked":"SKIP","floor":5},{"not_picked":["Runesmith:Repurpose","Runesmith:HammerThrow"],"picked":"Runesmith:ArcReactor","floor":6},{"not_picked":["Runesmith:HammerThrow","Runesmith:CraftMagma"],"picked":"Runesmith:Grindstone","floor":10},{"not_picked":["aspiration:UnbridledHammer","Runesmith:ShiftingStrike","Runesmith:EarthShield"],"picked":"SKIP","floor":11},{"not_picked":["Runesmith:OneForEveryone","Runesmith:CraftProtectio","Runesmith:HeatedChisel"],"picked":"SKIP","floor":14},{"not_picked":["Runesmith:GenerateForcefield","Runesmith:CraftMedicinae"],"picked":"Runesmith:ArcReactor","floor":16},{"not_picked":["Runesmith:CraftProtectio","Runesmith:Grindstone","Runesmith:UnstableHammer"],"picked":"SKIP","floor":18},{"not_picked":["Runesmith:StaticCage","Runesmith:Overpower+1","Runesmith:Grindstone"],"picked":"SKIP","floor":19}],"player_experience":666180,"relics_obtained":[{"floor":4,"key":"Ring of Greed"},{"floor":4,"key":"Old Coin"},{"floor":4,"key":"Tiny Chest"},{"floor":4,"key":"ReplayTheSpireMod:Ring of Addiction"},{"floor":4,"key":"Potion Belt"},{"floor":4,"key":"Chameleon Ring"},{"floor":6,"key":"Pen Nib"},{"floor":11,"key":"Replay:Baseball"}],"event_choices":[{"damage_healed":0,"gold_gain":0,"player_choice":"Grow","damage_taken":0,"max_hp_gain":0,"max_hp_loss":0,"event_name":"Living Wall","floor":8,"gold_loss":0,"cards_upgraded":["Runesmith:PoweredAnvil"]}],"is_beta":false,"boss_relics":[{"not_picked":["Kintsugi","energizedSpire:DeadBattery"],"picked":"Painkiller Herb"}],"items_purged_floors":[2,12,20],"is_endless":false,"potions_floor_spawned":[1,3,5,19],"killed_by":"Cultist and Chosen","ascension_level":0}}