{"host":"sc0o2qwpf9j16a4i","time":1609847532,"event":{"mods":["AchievementEnabler","BaseMod","BetterRewards","Block Reminder","Colored Map","Colored Powertips","Custom Start","Highlight Path","Minty Spire (QoL Compilation)","Relic Stats"],"gold_per_floor":[116,135,135,135,151,151,178,191,216,216,248,248,261,22,22,97,97,108,23,43,61,61,61],"floor_reached":22,"playtime":433,"items_purged":["Strike_R"],"score":392,"play_id":"3a6332f2-272d-49d1-adbb-d8fc1f7b38d9","local_time":"20210105135212","is_ascension_mode":true,"campfire_choices":[{"data":"Spot Weakness","floor":6,"key":"SMITH"},{"data":"Carnage","floor":10,"key":"SMITH"},{"data":"Twin Strike","floor":15,"key":"SMITH"}],"circlet_count":0,"master_deck":["AscendersBane","Strike_R","Strike_R","Strike_R","Defend_R","Defend_R","Defend_R","Defend_R","Bash+1","Spot Weakness+1","Carnage+1","Battle Trance","Twin Strike+1","Bludgeon","True Grit","Disarm"],"relics":["Burning Blood","MealTicket","Nunchaku","PreservedInsect","Sling","Black Star","Art of War"],"acts_visited":["Exordium","TheCity"],"potions_floor_usage":[7],"damage_taken":[{"damage":7,"enemies":"Small Slimes","floor":1,"turns":5},{"damage":0,"enemies":"2 Louse","floor":2,"turns":3},{"damage":2,"enemies":"Cultist","floor":5,"turns":4},{"damage":15,"enemies":"3 Sentries","floor":7,"turns":6},{"damage":11,"enemies":"Exordium Thugs","floor":8,"turns":5},{"damage":30,"enemies":"Lagavulin","floor":11,"turns":4},{"damage":6,"enemies":"Exordium Wildlife","floor":13,"turns":2},{"damage":28,"enemies":"Hexaghost","floor":16,"turns":7},{"damage":31,"enemies":"2 Thieves","floor":18,"turns":4},{"damage":0,"enemies":"Chosen","floor":20,"turns":3},{"damage":29,"enemies":"Centurion and Healer","floor":21,"turns":6},{"damage":25,"enemies":"Shelled Parasite and Fungi","floor":22,"turns":1}],"seed_played":"3288885972971615374","potions_obtained":[{"floor":1,"key":"Explosive Potion"},{"floor":2,"key":"Swift Potion"},{"floor":7,"key":"SmokeBomb"},{"floor":18,"key":"Dexterity Potion"}],"is_trial":false,"path_per_floor":["M","M","?","?","M","R","E","M","T","R","E","?","M","$","R","B",null,"M","?","M","M","M"],"character_chosen":"IRONCLAD","items_purchased":["Sling"],"campfire_rested":0,"item_purchase_floors":[14],"current_hp_per_floor":[67,73,66,66,70,70,61,56,56,56,32,32,32,47,47,25,63,38,38,44,21,0,0],"gold":61,"neow_bonus":"UPGRADE_CARD","is_daily":false,"chose_seed":false,"campfire_upgraded":3,"win_rate":0.0,"timestamp":1609847532,"path_taken":["M","M","?","?","M","R","E","M","T","R","E","?","M","$","R","BOSS","M","?","M","M","M"],"items_purchased_type":["Relic"],"build_version":"2020-12-22","purchased_purges":1,"victory":false,"max_hp_per_floor":[75,75,75,75,75,75,75,75,75,75,75,75,75,75,75,75,75,75,75,75,75,75,75],"relic_stats":{"Nunchaku":[3],"counters":[12,50],"MealTicket":15,"PreservedInsect":0,"Black Star":0,"Art of War":[2],"obtain_stats":[{"Nunchaku":9,"MealTicket":7,"PreservedInsect":11,"Black Star":17,"Art of War":19,"Sling":14,"Burning Blood":0},{"Nunchaku":5,"MealTicket":4,"PreservedInsect":6,"Black Star":8,"Art of War":9,"Sling":7,"Burning Blood":0},{"Nunchaku":23,"MealTicket":18,"PreservedInsect":27,"Black Star":36,"Art of War":40,"Sling":29,"Burning Blood":0}],"Burning Blood":66},"card_choices":[{"not_picked":["Rage","Metallicize"],"picked":"Spot Weakness","floor":1},{"not_picked":["Intimidate","Infernal Blade"],"picked":"Carnage","floor":2},{"not_picked":["Thunderclap","Clash"],"picked":"Battle Trance","floor":5},{"not_picked":["Perfected Strike","Bloodletting"],"picked":"Twin Strike","floor":7},{"not_picked":["Clash","Warcry","Reckless Charge"],"picked":"SKIP","floor":8},{"not_picked":["Corruption","Second Wind","Twin Strike"],"picked":"SKIP","floor":11},{"not_picked":["Wild Strike","Intimidate","Body Slam"],"picked":"SKIP","floor":13},{"not_picked":["Juggernaut","Corruption"],"picked":"Bludgeon","floor":16},{"not_picked":["Dual Wield","Armaments"],"picked":"True Grit","floor":18},{"not_picked":["Sentinel","Cleave","Thunderclap"],"picked":"SKIP","floor":20},{"not_picked":["Body Slam","Uppercut"],"picked":"Disarm","floor":21}],"player_experience":555569,"relics_obtained":[{"floor":7,"key":"MealTicket"},{"floor":9,"key":"Nunchaku"},{"floor":11,"key":"PreservedInsect"}],"event_choices":[{"cards_removed":["Strike_R"],"damage_healed":0,"gold_gain":0,"player_choice":"Card Removal","damage_taken":7,"max_hp_gain":0,"max_hp_loss":0,"event_name":"Golden Wing","floor":3,"gold_loss":0},{"damage_healed":0,"gold_gain":0,"player_choice":"Ignored","damage_taken":0,"max_hp_gain":0,"max_hp_loss":0,"event_name":"Liars Game","floor":4,"gold_loss":0},{"damage_healed":0,"gold_gain":0,"player_choice":"Leave","damage_taken":0,"max_hp_gain":0,"max_hp_loss":0,"event_name":"The Cleric","floor":12,"gold_loss":0},{"damage_healed":0,"gold_gain":0,"player_choice":"Obtained Relic","damage_taken":0,"relics_obtained":["Art of War"],"max_hp_gain":0,"max_hp_loss":0,"event_name":"Addict","floor":19,"gold_loss":85}],"is_beta":false,"boss_relics":[{"not_picked":["SacredBark","Astrolabe"],"picked":"Black Star"}],"items_purged_floors":[14],"is_endless":false,"potions_floor_spawned":[1,2,7,18],"killed_by":"Shelled Parasite and Fungi","ascension_level":20}}