{"host":"ig7tc0uedzltt2sr","time":1609832679,"event":{"mods":["BaseMod","Better Twitch Integration","Block Reminder","Colored Map","Colored Powertips","Communication Mod","Current Relic Mod","GifTheSpireLib","HexUI Lib","Minty Spire (QoL Compilation)","Quick Restart","Random Character Button","Rare Cards Sparkle","Relic Sorter","Relic Stats","Slay the Relics Exporter","StSLib","SuperFastMode","Synergy Search","Twitch Decklist","Twitch Utils","everything is the same but u backflip on backflip","slay the spire mod where everything is the same but ironclad has a cowboy hat"],"gold_per_floor":[118,193,212,162,162,162,172,186,186,205,215,215,234,234,234,234,234],"floor_reached":16,"playtime":106,"items_purged":[],"score":104,"play_id":"5b2a82c2-b232-4688-8478-f8e0fa4b9cdb","local_time":"20210104234439","is_ascension_mode":false,"campfire_choices":[{"data":"Strike_R","floor":6,"key":"SMITH"},{"floor":15,"key":"REST"}],"circlet_count":0,"master_deck":["Strike_R+1","Strike_R","Strike_R","Strike_R","Defend_R","Defend_R","Defend_R","Bash","Thunderclap","Sever Soul","Flame Barrier","Rupture","Carnage","Sentinel"],"relics":["Burning Blood","NeowsBlessing","Du-Vu Doll"],"acts_visited":["Exordium"],"potions_floor_usage":[],"damage_taken":[{"damage":0,"enemies":"Jaw Worm","floor":1,"turns":1},{"damage":0,"enemies":"Small Slimes","floor":3,"turns":2},{"damage":0,"enemies":"2 Louse","floor":7,"turns":2},{"damage":20,"enemies":"Gremlin Gang","floor":8,"turns":8},{"damage":9,"enemies":"3 Louse","floor":10,"turns":6},{"damage":17,"enemies":"Large Slime","floor":11,"turns":9},{"damage":24,"enemies":"Lots of Slimes","floor":13,"turns":7},{"damage":0,"enemies":"Gremlin Nob","floor":14,"turns":1},{"damage":67,"enemies":"The Guardian","floor":16,"turns":9}],"seed_played":"-4453519747091002386","potions_obtained":[{"floor":1,"key":"Dexterity Potion"},{"floor":13,"key":"SmokeBomb"}],"is_trial":false,"path_per_floor":["M","?","M","?","?","R","M","M","T","M","M","?","M","E","R","B"],"character_chosen":"IRONCLAD","items_purchased":[],"campfire_rested":1,"item_purchase_floors":[],"current_hp_per_floor":[80,69,75,75,75,75,80,66,66,63,52,52,34,40,64,0,0],"gold":234,"neow_bonus":"THREE_ENEMY_KILL","is_daily":false,"chose_seed":false,"campfire_upgraded":1,"win_rate":0.0,"timestamp":1609832679,"path_taken":["M","?","M","?","?","R","?","M","T","M","M","?","M","E","R","BOSS"],"items_purchased_type":[],"build_version":"2020-12-22","purchased_purges":0,"victory":false,"max_hp_per_floor":[80,80,80,80,80,80,80,80,80,80,80,80,80,80,80,80,80],"relic_stats":{"counters":[9,45],"obtain_stats":[{"Du-Vu Doll":9,"NeowsBlessing":0,"Burning Blood":0},{"Du-Vu Doll":4,"NeowsBlessing":0,"Burning Blood":0},{"Du-Vu Doll":13,"NeowsBlessing":0,"Burning Blood":0}],"Burning Blood":41},"card_choices":[{"not_picked":["Havoc","Cleave"],"picked":"Thunderclap","floor":1},{"not_picked":["Body Slam","Havoc"],"picked":"Sever Soul","floor":3},{"not_picked":["Dropkick","Havoc"],"picked":"Flame Barrier","floor":7},{"not_picked":["Flex","Thunderclap"],"picked":"Rupture","floor":8},{"not_picked":["Fire Breathing","Twin Strike","Dropkick"],"picked":"SKIP","floor":10},{"not_picked":["Headbutt","Burning Pact"],"picked":"Carnage","floor":11},{"not_picked":["Havoc","Heavy Blade"],"picked":"Sentinel","floor":13}],"player_experience":1432013,"relics_obtained":[{"floor":9,"key":"Du-Vu Doll"}],"event_choices":[{"damage_healed":0,"gold_gain":75,"player_choice":"Gather Gold","damage_taken":11,"max_hp_gain":0,"max_hp_loss":0,"event_name":"World of Goop","floor":2,"gold_loss":0},{"cards_removed":["Strike_R"],"damage_healed":0,"gold_gain":0,"player_choice":"Card Removal","damage_taken":0,"max_hp_gain":0,"max_hp_loss":0,"event_name":"The Cleric","floor":4,"gold_loss":50},{"damage_healed":0,"gold_gain":0,"player_choice":"Leave","damage_taken":0,"max_hp_gain":0,"max_hp_loss":0,"event_name":"FaceTrader","floor":5,"gold_loss":0},{"cards_removed":["Defend_R"],"damage_healed":0,"gold_gain":0,"player_choice":"Forget","damage_taken":0,"max_hp_gain":0,"max_hp_loss":0,"event_name":"Living Wall","floor":12,"gold_loss":0}],"is_beta":false,"boss_relics":[],"items_purged_floors":[],"is_endless":false,"potions_floor_spawned":[1,13,14],"killed_by":"The Guardian","ascension_level":0}}