{"host":"aibqmozag2xz7y1n","time":1609857907,"event":{"mods":["AchievementEnabler","BaseMod","BetterRewards","Colored Map","Colored Powertips","Marisa????????","Minty Spire (QoL Compilation)","Quick Restart","Rare Cards Sparkle","StSLib","The Servant 0.9.4"],"gold_per_floor":[109,109,109,109,128,128,104,117,192,208,223,223,196,47,47,168,168,168,168],"floor_reached":18,"playtime":1443,"items_purged":[],"score":150,"play_id":"001155c4-3912-475c-bd4b-7a9856cf35e6","local_time":"20210105154507","is_ascension_mode":false,"campfire_choices":[{"data":"Eruption","floor":6,"key":"SMITH"},{"data":"Swivel","floor":12,"key":"SMITH"},{"data":"Protect","floor":15,"key":"SMITH"}],"circlet_count":0,"master_deck":["Strike_P","Strike_P","Strike_P","Strike_P","Defend_P","Defend_P","Defend_P","Defend_P","Eruption+1","Swivel+1","Evaluate","Halt","LikeWater","FlyingSleeves+1","Protect+1","DevaForm"],"relics":["HolyWater","FossilizedHelix","Golden Idol","Peace Pipe","Molten Egg 2","Lee\u0027s Waffle"],"acts_visited":["Exordium","TheCity"],"potions_floor_usage":[10,10,16],"damage_taken":[{"damage":0,"enemies":"Small Slimes","floor":1,"turns":5},{"damage":0,"enemies":"Jaw Worm","floor":5,"turns":3},{"damage":0,"enemies":"2 Louse","floor":8,"turns":3},{"damage":3,"enemies":"Exordium Thugs","floor":10,"turns":9},{"damage":0,"enemies":"Blue Slaver","floor":11,"turns":5},{"damage":37,"enemies":"Slime Boss","floor":16,"turns":15},{"damage":83,"enemies":"3 Byrds","floor":18,"turns":9}],"seed_played":"5124954836447340978","potions_obtained":[{"floor":1,"key":"Swift Potion"},{"floor":5,"key":"AttackPotion"},{"floor":11,"key":"Fire Potion"}],"is_trial":false,"path_per_floor":["M","?","?","?","M","R","$","M","T","M","M","R","?","$","R","B",null,"M"],"character_chosen":"WATCHER","items_purchased":["Halt","Lee\u0027s Waffle"],"campfire_rested":0,"item_purchase_floors":[7,14],"current_hp_per_floor":[72,72,65,65,65,65,65,65,65,62,62,62,62,79,79,42,79,0,0],"gold":168,"neow_bonus":"","is_daily":false,"chose_seed":false,"campfire_upgraded":3,"win_rate":0.0,"timestamp":1609857907,"path_taken":["M","?","?","?","M","R","$","M","T","?","M","R","?","$","R","BOSS","M"],"items_purchased_type":["Card","Relic"],"build_version":"2020-12-22","purchased_purges":0,"victory":false,"max_hp_per_floor":[72,72,72,72,72,72,72,72,72,72,72,72,72,79,79,79,79,79,79],"card_choices":[{"not_picked":["PathToVictory","Wallop"],"picked":"Swivel","floor":1},{"not_picked":["Wallop","FollowUp"],"picked":"Evaluate","floor":5},{"not_picked":["WheelKick","Tantrum"],"picked":"LikeWater","floor":8},{"not_picked":["WindmillStrike+1","CrushJoints+1"],"picked":"FlyingSleeves+1","floor":10},{"not_picked":["FlyingSleeves+1","EmptyBody"],"picked":"Protect","floor":11},{"not_picked":["Establishment","Blasphemy"],"picked":"DevaForm","floor":16}],"player_experience":209812,"relics_obtained":[{"floor":9,"key":"Molten Egg 2"}],"event_choices":[{"damage_healed":0,"gold_gain":0,"player_choice":"Take Wound","damage_taken":0,"relics_obtained":["Golden Idol"],"max_hp_gain":0,"max_hp_loss":0,"event_name":"Golden Idol","floor":2,"gold_loss":0,"cards_obtained":["Injury"]},{"damage_healed":0,"gold_gain":0,"player_choice":"Success","damage_taken":7,"relics_obtained":["Peace Pipe"],"max_hp_gain":0,"max_hp_loss":0,"event_name":"Scrap Ooze","floor":3,"gold_loss":0},{"cards_removed":["Injury"],"damage_healed":0,"gold_gain":0,"player_choice":"Forget","damage_taken":0,"max_hp_gain":0,"max_hp_loss":0,"event_name":"Living Wall","floor":4,"gold_loss":0},{"damage_healed":0,"gold_gain":0,"player_choice":"Left Gold","damage_taken":0,"max_hp_gain":0,"max_hp_loss":0,"event_name":"World of Goop","floor":13,"gold_loss":27}],"is_beta":false,"boss_relics":[{"not_picked":["Astrolabe","Sozu"],"picked":"HolyWater"}],"items_purged_floors":[],"is_endless":false,"potions_floor_spawned":[1,5,11],"killed_by":"3 Byrds","ascension_level":0}}