{"host":"gq0g4q0qeejb9tkd","time":1609860694,"event":{"mods":["Act Like it!","Ascension Reborn","Aspiration","Bard","BaseMod","Better-Laid Plans","FutureSeer","Gensokyo","Hallownest","Jedi Mod","LagranYue(拉格朗・月)","Marked Mod","Minty Spire (QoL Compilation)","Replay The Spire","RumiaBox-露米娅的神秘盒子","Spicy Shops","StSLib","The Bug Knight","The Cursed","vexMod"],"gold_per_floor":[-300,-300,-300,-300,-286,-255,-255,-224,-199,-170,-170,-170,-153,-143,-143,-48,-48,-30,-30,-30,-18,-4,-4,11,11,11,11,21,48,48,64,64,160,160,180,195,47,47,47],"floor_reached":38,"playtime":3082,"items_purged":[],"score":689,"play_id":"c0890368-b8ae-4540-8847-e95857cb4196","local_time":"20210105233134","is_ascension_mode":true,"campfire_choices":[{"floor":7.0,"key":"RECALL"},{"floor":11.0,"key":"REST"},{"data":"HollowMod:BrokenVessel","floor":15.0,"key":"SMITH"},{"floor":23.0,"key":"REST"},{"data":"HollowMod:SlysStrikes","floor":25.0,"key":"SMITH"},{"data":"HollowMod:TaintedHusks","floor":32.0,"key":"SMITH"}],"circlet_count":0,"master_deck":["HollowMod:NailStrikeStart","HollowMod:FocusHealStart","HollowMod:PogoStrike","HollowMod:ChannelNail+1","Hallownest:skillSlugHide","Hallownest:skillSlugHide","Hallownest:skillSlugHide","Hallownest:skillSlugHide","Hallownest:skillSlugHide","HollowMod:TaintedHusks+1","HollowMod:HuntersJournal","HollowMod:SoulStrike","HollowMod:PaleKingsBlessing","HollowMod:InfectedAttack","HollowMod:SoulShaman","HollowMod:MantisMark","HollowMod:CloakDash+1","HollowMod:MawleksShell","HollowMod:SoulStrike","Dagger Throw","Eviscerate","Flechettes","HollowMod:CloakDash","HollowMod:InfectedCysts","HollowMod:BrokenVessel+1","HollowMod:SlysStrikes+1","HollowMod:RadiancesLament+1","CurseOfTheBell","HollowMod:CycloneSlash+1","HollowMod:InfectedAttack+1","Injury","HollowMod:NewLittleFool","HollowMod:CycloneSlash+1","HollowMod:InfectionAssault+1","HollowMod:NewLittleFool","HollowMod:GoodIntentions+1","HollowMod:CloakDash","HollowMod:CloakDash","HollowMod:CloakDash+1","HollowMod:InfectedCysts","HollowMod:NewInfectedGuardian+1","HollowMod:InfectionAssault","Hallownest:attackMasterCycloneSlash","HollowMod:TaintedHusks+1","HollowMod:NewInfectedGuardian","HollowMod:RadiancesLament","HollowMod:NewInfectedGuardian","TheCursedMod:Dregs","jedi:frostbite","Gensokyo:AllTheWorldsEvil","HollowMod:MantisMark+1","HollowMod:BrokenVessel","HollowMod:CloakDash+1"],"relics":["HollowMod:VesselMask","LagranYue:RandomDrawCardRelic","NeowsBlessing","Baka","Ring of Searing","Ring of Peace","Hallownest:DreamNailRelic","Prayer Wheel","jedi:purplefairy","Quantum Egg","Calling Bell","War Paint","Chameleon Ring","vexMod:CardConverter","aspiration:FetidBarrel","Pondfish Scales","Gremlin Horn","HollowMod:DelicateFlower","Replay:Ancient Bell","Dream Catcher","The Courier","Replay:PocketPolymizer","Turnip","vexMod:PaidLearning"],"acts_visited":["Hallownest:Greenpath","Hallownest:CityofTears","Hallownest:KingdomsEdge"],"potions_floor_usage":[],"damage_taken":[{"damage":0.0,"enemies":"Hallownest:2_MossCreeps","floor":1.0,"turns":1.0},{"damage":0.0,"enemies":"Hallownest:monsterHuskWarrior","floor":5.0,"turns":1.0},{"damage":0.0,"enemies":"Hallownest:eliteCrystalGuardian","floor":6.0,"turns":1.0},{"damage":39.0,"enemies":"Hallownest:eliteMossKnight","floor":8.0,"turns":8.0},{"damage":29.0,"enemies":"Hallownest:eliteVengeflyKing","floor":10.0,"turns":7.0},{"damage":12.0,"enemies":"Hallownest:2_Baldur","floor":13.0,"turns":5.0},{"damage":0.0,"enemies":"Hallownest:monsterAspidMother","floor":14.0,"turns":4.0},{"damage":65.0,"enemies":"Hallownest:BossBrokenVessel","floor":16.0,"turns":7.0},{"damage":46.0,"enemies":"Hallownest:Flukemon_and_Top","floor":18.0,"turns":7.0},{"damage":14.0,"enemies":"Hallownest:2_Mistakes","floor":21.0,"turns":5.0},{"damage":33.0,"enemies":"Hallownest:monsterShrumalOgre","floor":22.0,"turns":5.0},{"damage":8.0,"enemies":"Hallownest:2_Husk_Sentries","floor":24.0,"turns":5.0},{"damage":7.0,"enemies":"Hallownest:2_Flukemon","floor":28.0,"turns":5.0},{"damage":8.0,"enemies":"Hallownest:eliteSoulWarrior","floor":29.0,"turns":6.0},{"damage":25.0,"enemies":"Hallownest:monsterShrumalOgre","floor":31.0,"turns":5.0},{"damage":18.0,"enemies":"Hallownest:BossSoulMaster","floor":33.0,"turns":6.0},{"damage":58.0,"enemies":"Hallownest:2_Littles","floor":35.0,"turns":6.0},{"damage":61.0,"enemies":"Hallownest:3_Siblings","floor":36.0,"turns":5.0},{"damage":23,"enemies":"Hallownest:2_Wandering_and_1_Horned","floor":38,"turns":3}],"seed_played":"3732854854492021138","potions_obtained":[],"is_trial":false,"path_per_floor":["M","?","?","?","M","E","R","E","T","E","R","?","M","M","R","B",null,"M","?","T","M","M","R","M","R","T","$","M","E","?","M","R","B",null,"M","M","$","M"],"character_chosen":"THE_BUGKNIGHT","items_purchased":["Turnip","vexMod:PaidLearning"],"campfire_rested":2,"item_purchase_floors":[37,37],"current_hp_per_floor":[75,75,75,75,75,75,75,48,48,32,54,54,54,54,59,18,75,39,41,41,35,4,31,33,34,34,34,37,42,44,35,45,50,119,65,12,12,0,0],"gold":47,"neow_bonus":"THREE_ENEMY_KILL","is_daily":false,"chose_seed":false,"campfire_upgraded":3,"win_rate":0.0,"timestamp":1609860694,"path_taken":["M","?","?","?","?","E","R","E","T","E","R","?","?","M","R","BOSS","M","?","?","?","M","R","M","R","T","$","M","E","?","M","R","BOSS","M","M","$","M"],"items_purchased_type":["Relic","Relic"],"build_version":"2020-12-22","purchased_purges":0,"victory":false,"max_hp_per_floor":[75,75,75,75,75,75,75,75,75,75,75,75,75,75,75,75,75,79,81,81,89,91,91,95,95,95,95,99,103,105,109,109,113,119,123,125,125,125,125],"card_choices":[{"not_picked":["HollowMod:HowlingWraiths","HollowMod:SoulSplash"],"picked":"HollowMod:ChannelNail","floor":1.0},{"not_picked":["HollowMod:HeavyBlow","HollowMod:DescendingDark"],"picked":"HollowMod:TaintedHusks","floor":5.0},{"not_picked":["HollowMod:RecoilStrike","HollowMod:GrimmsGift"],"picked":"HollowMod:HuntersJournal","floor":5.0},{"not_picked":["HollowMod:VengefulVoid","HollowMod:GrimmsGift"],"picked":"HollowMod:SoulStrike","floor":5.0},{"not_picked":["HollowMod:CornifersMapStart","HollowMod:CycloneSlash","HollowMod:FastStrike"],"picked":"SKIP","floor":5.0},{"not_picked":["HollowMod:HowlingWraiths","HollowMod:TaintedHusks"],"picked":"HollowMod:PaleKingsBlessing","floor":6.0},{"not_picked":["HollowMod:PerfectDash","HollowMod:SiblingsSouls","HollowMod:LifebloodCocoon"],"picked":"SKIP","floor":6.0},{"not_picked":["HollowMod:RecoilStrike","HollowMod:Hiveblood","HollowMod:HeavyBlow"],"picked":"SKIP","floor":6.0},{"not_picked":["HollowMod:NewJinnsSoul","HollowMod:theNailsmith","HollowMod:HowlingWraiths"],"picked":"SKIP","floor":6.0},{"not_picked":["HollowMod:NewJinnsSoul","HollowMod:FallenFury"],"picked":"HollowMod:InfectedAttack","floor":8.0},{"not_picked":["HollowMod:SoulSplash","HollowMod:MawleksShell"],"picked":"HollowMod:SoulShaman","floor":8.0},{"not_picked":["HollowMod:CrystalDash","HollowMod:GoodIntentions"],"picked":"HollowMod:MantisMark","floor":8.0},{"not_picked":["HollowMod:HerrahsAnger","HollowMod:WraithStrike","HollowMod:BaldurShell"],"picked":"SKIP","floor":8.0},{"not_picked":["HollowMod:CornifersMapStart","HollowMod:DashSlash"],"picked":"HollowMod:CloakDash","floor":10.0},{"not_picked":["HollowMod:ElderbugsWisdom","HollowMod:SiblingsSouls"],"picked":"HollowMod:MawleksShell","floor":10.0},{"not_picked":["HollowMod:CloakDash","HollowMod:WraithStrike"],"picked":"HollowMod:SoulStrike","floor":10.0},{"not_picked":["HollowMod:ShadowDash","HollowMod:QuirrelsAssistance","HollowMod:CycloneSlash"],"picked":"SKIP","floor":10.0},{"not_picked":["HollowMod:HowlingWraiths","HollowMod:CornifersMapStart"],"picked":"HollowMod:CloakDash","floor":13.0},{"not_picked":["HollowMod:SoulSplash","HollowMod:ShapeofUnn"],"picked":"HollowMod:InfectedCysts","floor":13.0},{"not_picked":["HollowMod:HeavyBlow","HollowMod:CloakDash","HollowMod:NewJinnsSoul"],"picked":"SKIP","floor":13.0},{"not_picked":["HollowMod:WraithStrike","HollowMod:ShapeofUnn","HollowMod:CoiledNail"],"picked":"SKIP","floor":13.0},{"not_picked":["HollowMod:ShadowDash","HollowMod:SoulShaman","HollowMod:LifebloodCore"],"picked":"SKIP","floor":13.0},{"not_picked":["HollowMod:GrimmsGift","HollowMod:DoubleDash"],"picked":"HollowMod:BrokenVessel","floor":14.0},{"not_picked":["HollowMod:BaldurShell","HollowMod:DesolateDive","HollowMod:SoulSplash"],"picked":"SKIP","floor":14.0},{"not_picked":["HollowMod:GoodIntentions","HollowMod:SoulSplash","HollowMod:CloakDash"],"picked":"SKIP","floor":14.0},{"not_picked":["HollowMod:MonarchWings","HollowMod:SoulSplash","HollowMod:GrimmsGift"],"picked":"SKIP","floor":14.0},{"not_picked":["HollowMod:PerfectDash","HollowMod:HowlingWraiths","HollowMod:WraithStrike"],"picked":"SKIP","floor":14.0},{"not_picked":["HollowMod:ZotesMagnificence","HollowMod:MidwifesHunger"],"picked":"HollowMod:SlysStrikes","floor":16.0},{"not_picked":["HollowMod:HerrahsAnger","HollowMod:MidwifesHunger"],"picked":"HollowMod:RadiancesLament","floor":16.0},{"not_picked":["HollowMod:SoulShaman+1","HollowMod:NewJinnsSoul+1"],"picked":"HollowMod:CycloneSlash+1","floor":18.0},{"not_picked":["HollowMod:DescendingDark+1","HollowMod:ShadowDash+1"],"picked":"HollowMod:InfectedAttack+1","floor":18.0},{"not_picked":["HollowMod:SoulStrike","HollowMod:VengefulSpirit","HollowMod:DreamGate+1"],"picked":"SKIP","floor":18.0},{"not_picked":["HollowMod:SoulVessel","HollowMod:ShadowDash","HollowMod:SoulStrike"],"picked":"SKIP","floor":18.0},{"not_picked":["HollowMod:SoulSplash","HollowMod:SiblingsShadow+1","HollowMod:SoulVessel+1"],"picked":"SKIP","floor":18.0},{"not_picked":["HollowMod:HowlingWraiths","HollowMod:SharpenedNail"],"picked":"HollowMod:NewLittleFool","floor":21.0},{"not_picked":["HollowMod:DoubleDash","HollowMod:VengefulSpirit+1"],"picked":"HollowMod:CycloneSlash+1","floor":21.0},{"not_picked":["HollowMod:PureNailStrike+1","HollowMod:BaldurShell+1"],"picked":"HollowMod:InfectionAssault+1","floor":21.0},{"not_picked":["HollowMod:GoodIntentions","HollowMod:DungDefenderAura"],"picked":"HollowMod:NewLittleFool","floor":21.0},{"not_picked":["HollowMod:WhiteLadysBlessing","HollowMod:ShapeofUnn+1","HollowMod:DreamGate"],"picked":"SKIP","floor":21.0},{"not_picked":["HollowMod:BaldurShell","HollowMod:SharpenedNail"],"picked":"HollowMod:GoodIntentions+1","floor":22.0},{"not_picked":["HollowMod:BlackTendrils","HollowMod:ShadowDash","HollowMod:HowlingWraiths"],"picked":"SKIP","floor":22.0},{"not_picked":["HollowMod:NewJinnsSoul","HollowMod:HerrahsAnger","HollowMod:VengefulVoid"],"picked":"SKIP","floor":22.0},{"not_picked":["HollowMod:PerfectDash","HollowMod:DescendingDark","HollowMod:RecoilStrike+1"],"picked":"SKIP","floor":22.0},{"not_picked":["HollowMod:SharpenedNail+1","HollowMod:AbyssShriek","HollowMod:NewLittleFool"],"picked":"SKIP","floor":22.0},{"not_picked":["HollowMod:GreatSlash","HollowMod:DashSlash"],"picked":"HollowMod:CloakDash","floor":24.0},{"not_picked":["HollowMod:GoodIntentions","HollowMod:AbyssShriek"],"picked":"HollowMod:CloakDash","floor":24.0},{"not_picked":["HollowMod:InfectedAttack","HollowMod:SoulSplash","HollowMod:CornifersMapStart"],"picked":"SKIP","floor":24.0},{"not_picked":["HollowMod:CloakDash","HollowMod:Hiveblood","HollowMod:TaintedHusks"],"picked":"SKIP","floor":24.0},{"not_picked":["HollowMod:HeavyBlow+1","HollowMod:SoulVessel","HollowMod:GrimmsGift+1"],"picked":"SKIP","floor":24.0},{"not_picked":["HollowMod:GoodIntentions","HollowMod:SharpenedShadows"],"picked":"HollowMod:CloakDash+1","floor":28.0},{"not_picked":["HollowMod:HowlingWraiths","HollowMod:FastStrike"],"picked":"HollowMod:InfectedCysts","floor":28.0},{"not_picked":["HollowMod:LifebloodCocoon","HollowMod:SharpenedShadows","HollowMod:SharpenedNail"],"picked":"SKIP","floor":28.0},{"not_picked":["HollowMod:CrystalDash","HollowMod:SoulStrike","HollowMod:MawleksShell"],"picked":"SKIP","floor":28.0},{"not_picked":["HollowMod:DescendingDark","HollowMod:GoodIntentions+1","HollowMod:SoulShaman"],"picked":"SKIP","floor":28.0},{"not_picked":["HollowMod:BrokenVessel","HollowMod:InfectedCysts"],"picked":"HollowMod:NewInfectedGuardian","floor":29.0},{"not_picked":["HollowMod:CycloneSlash","HollowMod:TaintedHusks+1"],"picked":"HollowMod:InfectionAssault","floor":29.0},{"not_picked":["HollowMod:HeavyBlow","HollowMod:DoubleDash","HollowMod:CoiledNail"],"picked":"SKIP","floor":29.0},{"not_picked":["HollowMod:theNailsmith","HollowMod:SoulVessel","HollowMod:GreatSlash"],"picked":"SKIP","floor":29.0},{"not_picked":["HollowMod:ShadowDash","HollowMod:RecoilStrike"],"picked":"HollowMod:TaintedHusks+1","floor":31.0},{"not_picked":["HollowMod:GoodIntentions","HollowMod:DreamGate"],"picked":"HollowMod:NewInfectedGuardian","floor":31.0},{"not_picked":["HollowMod:AbyssShriek","HollowMod:SiblingsSouls+1","HollowMod:BlackTendrils+1"],"picked":"SKIP","floor":31.0},{"not_picked":["HollowMod:SoulStrike+1","HollowMod:SiblingsShadow","HollowMod:SiblingsSouls+1"],"picked":"SKIP","floor":31.0},{"not_picked":["HollowMod:CycloneSlash","HollowMod:DoubleDash","HollowMod:SharpenedNail"],"picked":"SKIP","floor":31.0},{"not_picked":["HollowMod:Hiveblood","HollowMod:AwokenDreamNail"],"picked":"HollowMod:RadiancesLament","floor":33.0},{"not_picked":["HollowMod:VoidDash","HollowMod:Hiveblood"],"picked":"HollowMod:NewInfectedGuardian","floor":33.0},{"not_picked":["CurseOfTheBell","jedi:BattleThirst"],"picked":"TheCursedMod:Dregs","floor":34.0},{"not_picked":["ReplayTheSpireMod:Restless Dread","ReplayTheSpireMod:Faulty Equipment"],"picked":"jedi:frostbite","floor":34.0},{"not_picked":["Hallucinations","Amnesia"],"picked":"Gensokyo:AllTheWorldsEvil","floor":34.0},{"not_picked":["HollowMod:SoulStrike+1","HollowMod:DreamGate"],"picked":"HollowMod:MantisMark+1","floor":35.0},{"not_picked":["HollowMod:BlackTendrils+1","HollowMod:HuntersJournal"],"picked":"HollowMod:BrokenVessel","floor":35.0},{"not_picked":["HollowMod:GreatSlash+1","HollowMod:ChannelNail","HollowMod:VengefulVoid"],"picked":"SKIP","floor":35.0},{"not_picked":["HollowMod:VengefulVoid+1","HollowMod:DoubleDash","HollowMod:CoiledNail"],"picked":"SKIP","floor":35.0},{"not_picked":["HollowMod:GrimmsGift","HollowMod:NewInfectedGuardian","HollowMod:TaintedHusks+1"],"picked":"SKIP","floor":35.0},{"not_picked":["HollowMod:ShadowDash","HollowMod:InfectionAssault+1"],"picked":"HollowMod:CloakDash+1","floor":36.0},{"not_picked":["HollowMod:DreamGate","HollowMod:GoodIntentions","HollowMod:PureNailStrike"],"picked":"SKIP","floor":36.0},{"not_picked":["HollowMod:LifebloodCocoon","HollowMod:QuirrelsAssistance","HollowMod:SoulStrike"],"picked":"SKIP","floor":36.0},{"not_picked":["HollowMod:DoubleDash","HollowMod:TaintedHusks","HollowMod:NewLittleFool"],"picked":"SKIP","floor":36.0},{"not_picked":["HollowMod:VengefulSpirit","HollowMod:SoulSplash","HollowMod:CloakDash+1"],"picked":"SKIP","floor":36.0}],"player_experience":324125,"relics_obtained":[{"floor":1.0,"key":"Baka"},{"floor":3.0,"key":"Ring of Searing"},{"floor":3.0,"key":"Ring of Peace"},{"floor":6.0,"key":"Prayer Wheel"},{"floor":8.0,"key":"jedi:purplefairy"},{"floor":10.0,"key":"Quantum Egg"},{"floor":17.0,"key":"War Paint"},{"floor":17.0,"key":"Chameleon Ring"},{"floor":17.0,"key":"vexMod:CardConverter"},{"floor":20.0,"key":"Pondfish Scales"},{"floor":26.0,"key":"Gremlin Horn"},{"floor":29.0,"key":"HollowMod:DelicateFlower"}],"event_choices":[],"is_beta":false,"boss_relics":[{"not_picked":["aspiration:SecretTechniqueScroll","Honey Jar"],"picked":"Calling Bell"},{"not_picked":["aspiration:RitualDagger","Tiny House"],"picked":"Replay:Ancient Bell"},{"not_picked":["Boot","Centennial Puzzle"],"picked":"Dream Catcher"},{"not_picked":["Ornamental Fan","vexMod:Dragonfruit"],"picked":"The Courier"},{"not_picked":["WingedGreaves","Torii"],"picked":"Replay:PocketPolymizer"}],"items_purged_floors":[],"is_endless":false,"potions_floor_spawned":[],"killed_by":"Hallownest:2_Wandering_and_1_Horned","ascension_level":0}}