{"host":"6qo42zgaknezulyg","time":1609846916,"event":{"mods":["2.2 Compatiblity","BaseMod","Colored Map","Downfall","Keyboard Shortcuts","Minty Spire (QoL Compilation)","Permanent Neow","Quick Restart","StSLib","SuperFastMode"],"gold_per_floor":[99,116,26,43,55,80,133,150,166,201,101,45,45,59,72,171,171,171,190,206,206,333,333,359,56,56,90,116,157,157,107,128,233,233,233,259,259,274,283,293,316,342,342,72,72,72,98,98,115,115],"floor_reached":51,"playtime":2520,"items_purged":["bronze:Strike","bronze:Strike","bronze:Strike"],"score":918,"play_id":"f4e02189-563b-4ebe-8024-99028b5bec55","local_time":"20210105204156","is_ascension_mode":true,"campfire_choices":[{"data":"bronze:Goto","floor":1.0,"key":"SMITH"},{"floor":11.0,"key":"REST"},{"data":"bronze:MaxOutput","floor":18.0,"key":"SMITH"},{"floor":23.0,"key":"REST"},{"data":"bronze:Library","floor":35.0,"key":"SMITH"},{"data":"bronze:HyperBeam","floor":43.0,"key":"SMITH"},{"data":"bronze:DigitalCarnage","floor":46.0,"key":"SMITH"}],"circlet_count":0,"master_deck":["bronze:Defend+1","bronze:Defend+1","bronze:Defend","bronze:Defend","bronze:Replicate","bronze:Goto+1","bronze:DelayedSlice","bronze:MaxOutput+1","bronze:DigitalCarnage+1","bronze:BronzeOrb","bronze:HyperBeam+1","bronze:Repulsor","bronze:SpaghettiCode","bronze:DigitalCarnage","bronze:SpaghettiCode","bronze:Frontload+1","bronze:Repair+1","bronze:Boost+1","bronze:ChildClass+1","bronze:Library+1","bronze:ChildClass+1","expansioncontent:GoopSpray+1","bronze:Separator+1","bronze:ChildClass+1"],"relics":["expansioncontent:StudyCardRelic","Art of War","War Paint","Pen Nib","downfall:HeartBlessingGreen","Black Star","CeramicFish","Oddly Smooth Stone","Nunchaku","Toxic Egg 2","Bag of Preparation","Incense Burner","Bird Faced Urn","Runic Dome","Strawberry","Guardian:PocketSentry"],"acts_visited":["Exordium","TheCity","TheBeyond"],"potions_floor_usage":[50],"damage_taken":[{"damage":1.0,"enemies":"Cultist","floor":2.0,"turns":3.0},{"damage":0.0,"enemies":"downfall:FleeingMerchant","floor":3.0,"turns":4.0},{"damage":2.0,"enemies":"Jaw Worm","floor":4.0,"turns":3.0},{"damage":0.0,"enemies":"2 Louse","floor":5.0,"turns":3.0},{"damage":25.0,"enemies":"Lagavulin","floor":6.0,"turns":6.0},{"damage":0.0,"enemies":"Large Slime","floor":8.0,"turns":4.0},{"damage":1.0,"enemies":"3 Louse","floor":9.0,"turns":3.0},{"damage":7.0,"enemies":"3 Sentries","floor":10.0,"turns":8.0},{"damage":2.0,"enemies":"downfall:FleeingMerchant","floor":12.0,"turns":4.0},{"damage":0.0,"enemies":"Exordium Wildlife","floor":14.0,"turns":2.0},{"damage":5.0,"enemies":"Gremlin Gang","floor":15.0,"turns":5.0},{"damage":7.0,"enemies":"downfall:Ironclad","floor":16.0,"turns":6.0},{"damage":5.0,"enemies":"Shell Parasite","floor":19.0,"turns":4.0},{"damage":0.0,"enemies":"Chosen","floor":20.0,"turns":4.0},{"damage":14.0,"enemies":"downfall:FleeingMerchant","floor":22.0,"turns":4.0},{"damage":39.0,"enemies":"Slavers","floor":27.0,"turns":6.0},{"damage":1.0,"enemies":"Centurion and Healer","floor":28.0,"turns":5.0},{"damage":8.0,"enemies":"Book of Stabbing","floor":29.0,"turns":5.0},{"damage":4.0,"enemies":"3 Cultists","floor":32.0,"turns":5.0},{"damage":47.0,"enemies":"downfall:Silent","floor":33.0,"turns":6.0},{"damage":0.0,"enemies":"3 Darklings","floor":36.0,"turns":3.0},{"damage":0.0,"enemies":"Orb Walker","floor":38.0,"turns":3.0},{"damage":0.0,"enemies":"Jaw Worm Horde","floor":40.0,"turns":4.0},{"damage":19.0,"enemies":"Transient","floor":42.0,"turns":5.0},{"damage":0.0,"enemies":"Spire Growth","floor":47.0,"turns":3.0},{"damage":0.0,"enemies":"Sphere and 2 Shapes","floor":49.0,"turns":3.0},{"damage":56,"enemies":"downfall:Defect","floor":50,"turns":7}],"seed_played":"2396945459232134629","potions_obtained":[{"floor":5.0,"key":"Dexterity Potion"},{"floor":6.0,"key":"AttackPotion"},{"floor":8.0,"key":"DuplicationPotion"},{"floor":9.0,"key":"CultistPotion"},{"floor":13.0,"key":"Strength Potion"},{"floor":29.0,"key":"Swift Potion"},{"floor":32.0,"key":"DuplicationPotion"},{"floor":40.0,"key":"LiquidBronze"},{"floor":42.0,"key":"hexamod:SoulburnPotion"},{"floor":49.0,"key":"Swift Potion"}],"is_trial":false,"path_per_floor":["R","M","$","M","M","E","T","M","M","E","R","$","?","M","M","B",null,"R","M","M","?","$","R","T","$","?","E","M","E","?","?","M","B",null,"R","M","?","M","?","M","T","M","R","$","?","R","M","?","M","B",null],"character_chosen":"THE_AUTOMATON","items_purchased":["bronze:Repulsor","CultistPotion","Oddly Smooth Stone","Nunchaku","Guardian:PocketSentry"],"campfire_rested":2,"item_purchase_floors":[12,22,25,25,44],"current_hp_per_floor":[70,69,69,67,67,42,42,42,41,34,55,53,53,53,48,41,63,63,58,58,58,44,65,65,65,65,26,25,27,27,55,66,39,62,62,70,70,70,70,70,77,74,74,74,74,74,77,77,77,27],"gold":115,"neow_bonus":"BOSS_RELIC","is_daily":false,"chose_seed":false,"campfire_upgraded":5,"win_rate":0.0,"timestamp":1609846916,"path_taken":["R","M","$","M","?","E","T","M","M","E","R","?","?","M","M","BOSS","R","M","M","?","$","R","T","$","?","E","M","E","?","?","M","BOSS","R","M","?","M","?","M","T","?","R","$","?","R","M","?","M","BOSS"],"items_purchased_type":["Card","Potion","Relic","Relic","Relic"],"build_version":"2020-12-22","purchased_purges":3,"victory":true,"max_hp_per_floor":[70,70,70,70,70,70,70,70,70,70,70,70,70,70,70,70,70,70,70,70,70,70,70,70,70,70,70,70,70,70,70,70,70,70,70,70,70,70,70,70,77,77,77,77,77,77,77,77,77,77],"card_choices":[{"not_picked":["bronze:ForLoop","bronze:DarkDash"],"picked":"bronze:DelayedSlice","floor":2.0},{"not_picked":["bronze:Terminator","bronze:OilSpill","bronze:Overload"],"picked":"SKIP","floor":3.0},{"not_picked":["bronze:InfiniteBeams","bronze:DelayedGuard"],"picked":"bronze:MaxOutput","floor":4.0},{"not_picked":["bronze:ItsAFeature","bronze:Branch"],"picked":"bronze:DigitalCarnage","floor":5.0},{"not_picked":["bronze:BugBarrage","bronze:Terminator","bronze:Constructor"],"picked":"SKIP","floor":6.0},{"not_picked":["bronze:CutThrough","bronze:Flail"],"picked":"bronze:BronzeOrb","floor":8.0},{"not_picked":["bronze:Refactor","bronze:BronzeArmor","bronze:ForLoop"],"picked":"SKIP","floor":9.0},{"not_picked":["bronze:SearingBeam","bronze:DelayedSlice"],"picked":"bronze:HyperBeam","floor":10.0},{"not_picked":["bronze:Return","bronze:NullPointer","bronze:RecursiveStrike"],"picked":"SKIP","floor":12.0},{"not_picked":["bronze:CutThrough","bronze:OilSpill","bronze:RecursiveStrike"],"picked":"SKIP","floor":14.0},{"not_picked":["bronze:CutThrough","bronze:Refactor","bronze:Invalidate"],"picked":"SKIP","floor":15.0},{"not_picked":["bronze:FindAndReplace","bronze:AlphaBuild"],"picked":"bronze:SpaghettiCode","floor":16.0},{"not_picked":["bronze:Refactor+1","bronze:FineTuning+1","bronze:Overheat"],"picked":"SKIP","floor":19.0},{"not_picked":["bronze:BugBarrage","bronze:Overheat","bronze:OilSpill"],"picked":"SKIP","floor":20.0},{"not_picked":["bronze:Terminator","bronze:ForceShield"],"picked":"bronze:SpaghettiCode","floor":22.0},{"not_picked":["bronze:Allocate+1","bronze:BuggyMess+1"],"picked":"bronze:Frontload+1","floor":27.0},{"not_picked":["bronze:Constructor+1","bronze:MaxOutput"],"picked":"bronze:Repair+1","floor":28.0},{"not_picked":["bronze:NullPointer","bronze:Refactor+1"],"picked":"bronze:Boost+1","floor":29.0},{"not_picked":["bronze:ItsAFeature+1","bronze:BugBarrage"],"picked":"bronze:ChildClass+1","floor":32.0},{"not_picked":["bronze:BurnOut","bronze:CleanCode"],"picked":"bronze:Library","floor":33.0},{"not_picked":["bronze:Turbo+1","bronze:Terminator+1"],"picked":"bronze:ChildClass+1","floor":36.0},{"not_picked":["bronze:BronzeOrb","bronze:ChosenStrike+1","bronze:BugBarrage"],"picked":"SKIP","floor":38.0},{"not_picked":["bronze:Philosophize+1","bronze:Overheat","bronze:CutThrough+1"],"picked":"SKIP","floor":40.0},{"not_picked":["bronze:ChildClass+1","bronze:Mutator"],"picked":"bronze:Separator+1","floor":42.0},{"not_picked":["bronze:CloningBeam","bronze:Iterate+1"],"picked":"bronze:ChildClass+1","floor":47.0},{"not_picked":["bronze:ClassDefault","bronze:Iterate","bronze:BitShift+1"],"picked":"SKIP","floor":49.0}],"player_experience":1103040,"relics_obtained":[{"floor":6.0,"key":"Art of War"},{"floor":7.0,"key":"War Paint"},{"floor":10.0,"key":"Pen Nib"},{"floor":24.0,"key":"CeramicFish"},{"floor":27.0,"key":"Toxic Egg 2"},{"floor":27.0,"key":"Bag of Preparation"},{"floor":29.0,"key":"Incense Burner"},{"floor":29.0,"key":"Bird Faced Urn"},{"floor":41.0,"key":"Strawberry"}],"event_choices":[{"damage_healed":0.0,"max_hp_gain":0.0,"max_hp_loss":0.0,"gold_gain":0.0,"event_name":"Lab","player_choice":"Got Potions","floor":13.0,"gold_loss":0.0,"damage_taken":0.0}],"is_beta":false,"boss_relics":[{"not_picked":["Astrolabe","bronze:ElectromagneticCoil"],"picked":"Black Star"},{"not_picked":["sneckomod:SneckoTalon","Tiny House"],"picked":"Runic Dome"}],"items_purged_floors":[3,22,44],"is_endless":false,"potions_floor_spawned":[5,6,8,9,10,14,15,27,29,32,40,42,47,49],"ascension_level":5}}