{"host":"s794kqxf2n1qz2yr","time":1609827378,"event":{"mods":["100% Spire Juice","2.2 Compatiblity","AchievementEnabler","Aspiration","BaseMod","Downfall","Friendly Minions","Hermit","Minty Spire (QoL Compilation)","Permanent Neow","StSLib","The Disciple","The Edgeheg","The Marked"],"gold_per_floor":[84,84,32,32,57,57,57,57,57,57,70,1,19,19,19,148,148,166,166,166,181,204,204,229,229,229,242,242,36,67,81,81,202,202,223,247,247,303,319,319,319,319,366,366,380,380,400,0,0,0],"floor_reached":51,"playtime":4056,"items_purged":[],"score":705,"play_id":"c17d100f-e1a8-40eb-902b-03b08cc969ae","local_time":"20210105061618","is_ascension_mode":false,"campfire_choices":[{"data":"theEdgeheg:Fastness","floor":7.0,"key":"SMITH"},{"floor":10.0,"key":"DIG"},{"floor":15.0,"key":"DIG"},{"floor":23.0,"key":"DIG"},{"floor":25.0,"key":"DIG"},{"floor":32,"key":"DIG"},{"floor":40,"key":"DIG"},{"floor":42,"key":"DIG"},{"floor":44,"key":"DIG"},{"floor":46,"key":"DIG"},{"floor":49,"key":"DIG"}],"circlet_count":0,"master_deck":["theEdgeheg:StarterDodgeSkill","theEdgeheg:StarterDodgeSkill","theEdgeheg:StarterDodgeSkill","theEdgeheg:BloodyKatana","theEdgeheg:ChaosControlSkill","theEdgeheg:GatherChaos","theEdgeheg:Reload","theEdgeheg:Fastness+1","theEdgeheg:Knives+1","theEdgeheg:Knives","theEdgeheg:RollAndShoot","theEdgeheg:BlankCard","theEdgeheg:HappyTimmy","theEdgeheg:Fastness+1","Bite+1","Bite","Bite+1","Bite","Bite","theEdgeheg:Fastness+1","theEdgeheg:Fastness","theEdgeheg:Fastness","theMarked:ThrowWeapon","Heavy Blade","Finesse"],"relics":["theEdgeheg:UltimateLifeformRelic","theEdgeheg:GreenEmeraldRelic","aspiration:DSix","Golden Idol","Shovel","Peace Pipe","Oddly Smooth Stone","Coffee Dripper","aspiration:ChemicalBlood","aspiration:FrozenJewel","Omamori","Nunchaku","aspiration:Stabinomicon","Letter Opener","aspiration:IroncladSkillbook","CaptainsWheel","Lantern","Bird Faced Urn","Smiling Mask","Pocketwatch","Gremlin Horn","Red Mask","Whetstone"],"acts_visited":["Exordium","TheCity","TheBeyond"],"potions_floor_usage":[30,30,35,36,36,36,36,36,38,38,38,45,47,50,50,50,50],"damage_taken":[{"damage":1.0,"enemies":"Jaw Worm","floor":1.0,"turns":7.0},{"damage":1.0,"enemies":"Cultist","floor":5.0,"turns":5.0},{"damage":1.0,"enemies":"2 Louse","floor":11.0,"turns":3.0},{"damage":2.0,"enemies":"Lots of Slimes","floor":13.0,"turns":7.0},{"damage":2.0,"enemies":"Slime Boss","floor":16.0,"turns":28.0},{"damage":0.0,"enemies":"Shell Parasite","floor":18.0,"turns":6.0},{"damage":0.0,"enemies":"Spheric Guardian","floor":21.0,"turns":6.0},{"damage":2.0,"enemies":"3 Cultists","floor":22.0,"turns":9.0},{"damage":0.0,"enemies":"Centurion and Healer","floor":24.0,"turns":14.0},{"damage":0.0,"enemies":"Snake Plant","floor":27.0,"turns":9.0},{"damage":1,"enemies":"Book of Stabbing","floor":30,"turns":7},{"damage":0,"enemies":"Cultist and Chosen","floor":31,"turns":7},{"damage":0,"enemies":"Champ","floor":33,"turns":11},{"damage":0,"enemies":"3 Shapes","floor":35,"turns":5},{"damage":1,"enemies":"3 Darklings","floor":36,"turns":5},{"damage":3,"enemies":"2 Orb Walkers","floor":38,"turns":6},{"damage":0,"enemies":"Transient","floor":39,"turns":5},{"damage":0,"enemies":"Spire Growth","floor":45,"turns":6},{"damage":0,"enemies":"Writhing Mass","floor":47,"turns":7},{"damage":2,"enemies":"Donu and Deca","floor":50,"turns":12}],"seed_played":"-7336400117905226366","potions_obtained":[{"floor":5.0,"key":"Weak Potion"},{"floor":11.0,"key":"GamblersBrew"},{"floor":21.0,"key":"ColorlessPotion"},{"floor":22.0,"key":"EntropicBrew"},{"floor":27.0,"key":"BlessingOfTheForge"},{"floor":30,"key":"AttackPotion"},{"floor":31,"key":"Energy Potion"},{"floor":38,"key":"Explosive Potion"},{"floor":39,"key":"BlessingOfTheForge"},{"floor":45,"key":"SteroidPotion"}],"is_trial":false,"path_per_floor":["M","?","$","?","M","?","R","?","T","R","M","$","M","?","R","B",null,"M","?","?","M","M","R","M","R","T","M","?","$","E","M","R","B",null,"M","M","?","?","M","R","?","R","T","R","M","R","M","?","R","B",null],"character_chosen":"THE_DEFAULT","items_purchased":["theEdgeheg:Fastness","theEdgeheg:BlankCard","theEdgeheg:Fastness","Nunchaku"],"campfire_rested":0,"item_purchase_floors":[3,12,29,29],"current_hp_per_floor":[4,4,4,3,3,3,3,3,3,3,2,2,4,5,5,4,5,5,5,3,3,3,3,3,3,3,3,3,3,3,3,3,3,3,3,3,3,3,3,3,3,3,3,3,3,3,3,3,3,3],"gold":0,"neow_bonus":"ONE_RARE_RELIC","is_daily":false,"chose_seed":false,"campfire_upgraded":1,"win_rate":0.0,"timestamp":1609827378,"path_taken":["M","?","?","?","M","?","R","?","T","R","M","$","?","?","R","BOSS","M","?","?","M","M","R","M","R","T","M","?","$","E","M","R","BOSS","M","M","?","?","M","R","?","R","T","R","M","R","M","?","R","BOSS"],"items_purchased_type":["Card","Card","Card","Relic"],"build_version":"2020-12-22","purchased_purges":0,"victory":true,"max_hp_per_floor":[5,5,5,5,5,5,5,5,5,5,5,5,5,5,5,5,5,5,5,3,3,3,3,3,3,3,3,3,3,3,3,3,3,3,3,3,3,3,3,3,3,3,3,3,3,3,3,3,3,3],"card_choices":[{"not_picked":["theEdgeheg:Butt","theEdgeheg:Shotgun"],"picked":"theEdgeheg:Reload","floor":1.0},{"not_picked":["theEdgeheg:ChaosControlSkill","theEdgeheg:QuickKatana"],"picked":"theEdgeheg:Knives","floor":5.0},{"not_picked":["theEdgeheg:MachineGun","theEdgeheg:Birthday"],"picked":"theEdgeheg:RollAndShoot","floor":11.0},{"not_picked":["theEdgeheg:Birthday","theEdgeheg:ChaosWhip"],"picked":"theEdgeheg:TimmyBackflip","floor":13.0},{"not_picked":["theEdgeheg:UnplayableBomb","theEdgeheg:RuleOfCool"],"picked":"theEdgeheg:HappyTimmy","floor":16.0},{"not_picked":["theEdgeheg:ChaosWhip","theEdgeheg:KatanaGF"],"picked":"theEdgeheg:Fastness+1","floor":18.0},{"not_picked":["theEdgeheg:Reload","theEdgeheg:GirlWithGun"],"picked":"theEdgeheg:Fastness+1","floor":21.0},{"not_picked":["theEdgeheg:RedGun","theEdgeheg:Butt","theEdgeheg:EmeraldGirlfriend+1"],"picked":"SKIP","floor":22.0},{"not_picked":["theEdgeheg:TeleportsAbove","theEdgeheg:RollAndShoot","theEdgeheg:CrazyGirlfriend"],"picked":"SKIP","floor":24.0},{"not_picked":["theEdgeheg:GunSteal","theEdgeheg:RocketLauncher","theEdgeheg:Butt+1"],"picked":"SKIP","floor":27.0},{"not_picked":["theMarked:ElectricStrings","theMarked:SwordAndMagic","theMarked:TakeCover+1"],"picked":"SKIP","floor":30},{"not_picked":["theMarked:WardOff","theMarked:ResourceFulStrike","theMarked:KeepCalmAndFightOn+1"],"picked":"SKIP","floor":31},{"not_picked":["theMarked:Vacuum","theMarked:ChannelForce"],"picked":"theMarked:ThrowWeapon","floor":33},{"not_picked":["theMarked:Electrocute","Clash","Wild Strike+1"],"picked":"Heavy Blade","floor":35},{"not_picked":["theMarked:BanishingStrike","theMarked:Indomitable","theMarked:Parry+1","theMarked:TunnelVision+1"],"picked":"SKIP","floor":36},{"not_picked":["theMarked:MaelstromOfLightning","theMarked:WastefulAttack+1","Body Slam+1","theMarked:TwofoldDefense"],"picked":"SKIP","floor":39},{"not_picked":["PanicButton","Deep Breath","expansioncontent:DefensiveMode"],"picked":"Finesse","floor":41},{"not_picked":["Thunderclap","theMarked:SelfDefenseTraining+1","theMarked:BanishingStrike+1","Armaments"],"picked":"SKIP","floor":45},{"not_picked":["theMarked:RepellingDischarge","theMarked:Seal+1","theMarked:Reabsorb","theMarked:Abjuration"],"picked":"SKIP","floor":47}],"player_experience":279399,"relics_obtained":[{"floor":9.0,"key":"Shovel"},{"floor":10.0,"key":"Peace Pipe"},{"floor":15.0,"key":"Oddly Smooth Stone"},{"floor":23.0,"key":"aspiration:ChemicalBlood"},{"floor":25.0,"key":"aspiration:FrozenJewel"},{"floor":26.0,"key":"Omamori"},{"floor":30,"key":"aspiration:Stabinomicon"},{"floor":32,"key":"Letter Opener"},{"floor":38,"key":"CaptainsWheel"},{"floor":40,"key":"Lantern"},{"floor":42,"key":"Bird Faced Urn"},{"floor":43,"key":"Smiling Mask"},{"floor":44,"key":"Pocketwatch"},{"floor":46,"key":"Gremlin Horn"},{"floor":49,"key":"Whetstone"}],"event_choices":[{"damage_healed":0.0,"max_hp_gain":0.0,"max_hp_loss":0.0,"gold_gain":0.0,"event_name":"NoteForYourself","player_choice":"Ignored","floor":2.0,"gold_loss":0.0,"damage_taken":0.0},{"damage_healed":0.0,"max_hp_gain":0.0,"max_hp_loss":0.0,"gold_gain":0.0,"event_name":"Golden Idol","player_choice":"Take Damage","floor":4.0,"gold_loss":0.0,"damage_taken":1.0,"relics_obtained":["Golden Idol"]},{"damage_healed":0.0,"max_hp_gain":0.0,"max_hp_loss":0.0,"gold_gain":0.0,"event_name":"Living Wall","player_choice":"Grow","floor":6.0,"gold_loss":0.0,"damage_taken":0.0,"cards_upgraded":["theEdgeheg:Knives"]},{"damage_healed":0.0,"max_hp_gain":0.0,"max_hp_loss":0.0,"gold_gain":0.0,"cards_transformed":["theEdgeheg:StarterShootAttack"],"event_name":"Transmorgrifier","player_choice":"Transformed","floor":8.0,"gold_loss":0.0,"damage_taken":0.0,"cards_obtained":["theEdgeheg:Knives"]},{"damage_healed":0.0,"max_hp_gain":0.0,"max_hp_loss":2.0,"gold_gain":0.0,"event_name":"Vampires","player_choice":"Became a vampire","floor":20.0,"gold_loss":0.0,"damage_taken":0.0,"cards_obtained":["Bite","Bite","Bite","Bite","Bite"]},{"damage_healed":0.0,"max_hp_gain":0.0,"max_hp_loss":0.0,"gold_gain":0.0,"event_name":"The Library","player_choice":"Read","floor":28.0,"gold_loss":0.0,"damage_taken":0.0,"cards_obtained":["theEdgeheg:Fastness"]},{"cards_removed":["theEdgeheg:TimmyBackflip"],"damage_healed":0,"gold_gain":0,"player_choice":"Removed Skill","damage_taken":0,"max_hp_gain":0,"max_hp_loss":0,"event_name":"Falling","floor":37,"gold_loss":0},{"damage_healed":0,"gold_gain":0,"player_choice":"Fight","damage_taken":0,"max_hp_gain":0,"max_hp_loss":0,"event_name":"Mysterious Sphere","floor":38,"gold_loss":0},{"damage_healed":0,"gold_gain":0,"player_choice":"Memory 1","damage_taken":0,"max_hp_gain":0,"max_hp_loss":0,"event_name":"SensoryStone","floor":41,"gold_loss":0},{"damage_healed":0,"gold_gain":0,"player_choice":"Paid","damage_taken":0,"relics_obtained":["Red Mask"],"max_hp_gain":0,"max_hp_loss":0,"event_name":"Tomb of Lord Red Mask","floor":48,"gold_loss":400}],"is_beta":false,"boss_relics":[{"not_picked":["Fusion Hammer","aspiration:DefectSkillbook"],"picked":"Coffee Dripper"},{"not_picked":["Snecko Eye","Velvet Choker"],"picked":"aspiration:IroncladSkillbook"}],"items_purged_floors":[],"is_endless":false,"potions_floor_spawned":[5,11,21,22,27,30,31,38,39,45],"ascension_level":0}}