{"host":"raaimkojny05jekw","time":1609843186,"event":{"mods":["AchievementEnabler","BaseMod","Colored Map","Colored Powertips","DeckTracker","Minty Spire (QoL Compilation)","Quick Restart","Rare Cards Sparkle","everything is the same but u backflip on backflip"],"gold_per_floor":[109,109,129,90,108,108,135,148,148,148,160,160,173,173,173,246,246,261,52,62,78,95,95,95,95,95,95,107,127,177,19,19,93,93,111,111,128,128,44,44,75,75,99,118,118,18,46,58,58,58,58,58],"floor_reached":51,"playtime":1708,"items_purged":["Strike_G","Strike_G"],"score":1339,"play_id":"bfc20ada-8f42-4fd4-a3d5-1848f3b17cc6","local_time":"20210105193946","is_ascension_mode":true,"campfire_choices":[{"data":"Neutralize","floor":6,"key":"SMITH"},{"data":"Accuracy","floor":10,"key":"SMITH"},{"data":"Backflip","floor":12,"key":"SMITH"},{"data":"Survivor","floor":15,"key":"SMITH"},{"data":"Phantasmal Killer","floor":23,"key":"SMITH"},{"data":"Blade Dance","floor":25,"key":"SMITH"},{"data":"Footwork","floor":27,"key":"SMITH"},{"data":"Blade Dance","floor":32,"key":"SMITH"},{"data":"Terror","floor":40,"key":"SMITH"},{"data":"After Image","floor":42,"key":"SMITH"},{"floor":45,"key":"REST"},{"data":"Acrobatics","floor":49,"key":"SMITH"}],"circlet_count":0,"master_deck":["AscendersBane","Strike_G","Defend_G","Defend_G","Defend_G","Defend_G","Defend_G+1","Survivor+1","Neutralize+1","Blade Dance+1","Dagger Throw","Blade Dance+1","Accuracy+1","Backflip+1","Choke","Phantasmal Killer+1","Footwork+1","Panache","Footwork+1","Acrobatics+1","Outmaneuver+1","Blade Dance+1","After Image+1","Cloak And Dagger+1","Well Laid Plans","Terror+1","Blade Dance","Blade Dance+1","Backflip+1"],"relics":["Ring of the Snake","War Paint","Eternal Feather","WristBlade","GremlinMask","Pantograph","HoveringKite","Mercury Hourglass","Molten Egg 2","Potion Belt","Orichalcum"],"acts_visited":["Exordium","TheCity","TheBeyond"],"potions_floor_usage":[7,11,16,18,21,28,28,29,41,47,48,50],"damage_taken":[{"damage":0,"enemies":"2 Louse","floor":1,"turns":4},{"damage":14,"enemies":"Small Slimes","floor":3,"turns":5},{"damage":0,"enemies":"Cultist","floor":5,"turns":3},{"damage":12,"enemies":"Gremlin Nob","floor":7,"turns":3},{"damage":0,"enemies":"Large Slime","floor":8,"turns":5},{"damage":0,"enemies":"Gremlin Gang","floor":11,"turns":2},{"damage":7,"enemies":"3 Louse","floor":13,"turns":2},{"damage":10,"enemies":"Hexaghost","floor":16,"turns":6},{"damage":4,"enemies":"Shell Parasite","floor":18,"turns":3},{"damage":3,"enemies":"2 Thieves","floor":20,"turns":3},{"damage":0,"enemies":"3 Cultists","floor":21,"turns":2},{"damage":39,"enemies":"Centurion and Healer","floor":22,"turns":7},{"damage":10,"enemies":"Snake Plant","floor":28,"turns":5},{"damage":7,"enemies":"Snecko","floor":29,"turns":7},{"damage":57,"enemies":"Collector","floor":33,"turns":7},{"damage":3,"enemies":"3 Shapes","floor":35,"turns":6},{"damage":3,"enemies":"3 Darklings","floor":37,"turns":2},{"damage":32,"enemies":"Giant Head","floor":41,"turns":5},{"damage":40,"enemies":"Jaw Worm Horde","floor":44,"turns":3},{"damage":12,"enemies":"Nemesis","floor":47,"turns":7},{"damage":0,"enemies":"Writhing Mass","floor":48,"turns":5},{"damage":60,"enemies":"Donu and Deca","floor":50,"turns":7},{"damage":43,"enemies":"Time Eater","floor":51,"turns":4}],"seed_played":"-316739320358190816","potions_obtained":[{"floor":5,"key":"Ancient Potion"},{"floor":7,"key":"PowerPotion"},{"floor":11,"key":"CunningPotion"},{"floor":14,"key":"Swift Potion"},{"floor":14,"key":"Strength Potion"},{"floor":16,"key":"Weak Potion"},{"floor":22,"key":"EntropicBrew"},{"floor":29,"key":"ColorlessPotion"},{"floor":44,"key":"SkillPotion"},{"floor":47,"key":"AttackPotion"},{"floor":48,"key":"Swift Potion"}],"is_trial":false,"path_per_floor":["M","?","M","?","M","R","E","M","T","R","M","R","M","?","R","B",null,"M","$","M","M","M","R","?","R","T","R","M","M","?","$","R","B",null,"M","?","M","?","$","R","E","R","T","M","R","$","E","M","R","B","B"],"character_chosen":"THE_SILENT","items_purchased":["Panache","Blade Dance","Energy Potion","Terror"],"campfire_rested":1,"item_purchase_floors":[19,31,31,39],"current_hp_per_floor":[59,52,38,38,38,38,26,26,26,35,35,44,37,37,46,36,59,55,55,52,52,13,25,25,37,37,49,39,32,32,32,44,9,52,49,49,46,46,46,61,29,44,44,4,38,38,26,26,41,6,0,0],"gold":58,"neow_bonus":"THREE_CARDS","is_daily":false,"chose_seed":false,"campfire_upgraded":11,"win_rate":0.0,"timestamp":1609843186,"path_taken":["M","?","M","?","M","R","E","M","T","R","M","R","M","?","R","BOSS","M","$","?","M","M","R","?","R","T","R","?","M","?","$","R","BOSS","M","?","M","?","$","R","E","R","T","?","R","?","E","M","R","BOSS","BOSS"],"items_purchased_type":["Card","Card","Potion","Card"],"build_version":"2020-12-22","purchased_purges":2,"victory":false,"max_hp_per_floor":[66,66,66,66,66,66,66,66,66,66,66,66,66,66,66,66,66,66,66,66,66,66,66,66,66,66,66,66,66,66,66,66,66,66,66,66,66,66,66,66,66,66,66,66,66,66,66,66,66,66,66,66],"card_choices":[{"not_picked":["Well Laid Plans","Skewer"],"picked":"Blade Dance","floor":0},{"not_picked":["Slice","Deadly Poison"],"picked":"Dagger Throw","floor":1},{"not_picked":["Underhanded Strike","Poisoned Stab"],"picked":"Blade Dance","floor":3},{"not_picked":["Finisher","Reflex"],"picked":"Accuracy","floor":5},{"not_picked":["Poisoned Stab","Endless Agony","Prepared"],"picked":"SKIP","floor":7},{"not_picked":["Deadly Poison","Riddle With Holes"],"picked":"Backflip","floor":8},{"not_picked":["Poisoned Stab","Sucker Punch"],"picked":"Choke","floor":11},{"not_picked":["Distraction","Calculated Gamble","All Out Attack"],"picked":"SKIP","floor":13},{"not_picked":["Burst","Venomology"],"picked":"Phantasmal Killer","floor":16},{"not_picked":["Endless Agony","Slice"],"picked":"Footwork+1","floor":18},{"not_picked":["Dagger Spray+1","Dagger Throw","Poisoned Stab"],"picked":"SKIP","floor":20},{"not_picked":["Dagger Throw","Choke+1"],"picked":"Footwork","floor":21},{"not_picked":["Backstab","Slice+1","Catalyst"],"picked":"SKIP","floor":22},{"not_picked":["Quick Slash","Noxious Fumes"],"picked":"Acrobatics","floor":28},{"not_picked":["Concentrate","Choke"],"picked":"Outmaneuver+1","floor":29},{"not_picked":["Doppelganger","Unload"],"picked":"After Image","floor":33},{"not_picked":["Deadly Poison","Dash"],"picked":"Cloak And Dagger+1","floor":35},{"not_picked":["Bane","Quick Slash"],"picked":"Well Laid Plans","floor":37},{"not_picked":["Heel Hook+1","Dodge and Roll"],"picked":"Blade Dance","floor":41},{"not_picked":["Grand Finale+1","Flying Knee+1"],"picked":"Blade Dance+1","floor":44},{"not_picked":["Cloak And Dagger","Heel Hook+1"],"picked":"Backflip+1","floor":47},{"not_picked":["Reflex","Dodge and Roll","Bane+1"],"picked":"SKIP","floor":48},{"not_picked":["Reflex","Dodge and Roll","Bane+1"],"picked":"SKIP","floor":48}],"player_experience":713900,"relics_obtained":[{"floor":7,"key":"War Paint"},{"floor":9,"key":"Eternal Feather"},{"floor":26,"key":"Pantograph"},{"floor":41,"key":"Molten Egg 2"},{"floor":43,"key":"Potion Belt"},{"floor":47,"key":"Orichalcum"}],"event_choices":[{"cards_removed":["Strike_G"],"damage_healed":0,"gold_gain":0,"player_choice":"Card Removal","damage_taken":7,"max_hp_gain":0,"max_hp_loss":0,"event_name":"Golden Wing","floor":2,"gold_loss":0},{"damage_healed":0,"gold_gain":0,"player_choice":"Left Gold","damage_taken":0,"max_hp_gain":0,"max_hp_loss":0,"event_name":"World of Goop","floor":4,"gold_loss":39},{"damage_healed":0,"gold_gain":0,"player_choice":"Got Potions","damage_taken":0,"max_hp_gain":0,"max_hp_loss":0,"event_name":"Lab","floor":14,"gold_loss":0},{"damage_healed":0,"gold_gain":0,"player_choice":"Trade","damage_taken":0,"relics_obtained":["GremlinMask"],"max_hp_gain":0,"max_hp_loss":0,"event_name":"FaceTrader","floor":24,"gold_loss":0},{"damage_healed":0,"gold_gain":50,"player_choice":"Stole From Cult","damage_taken":0,"max_hp_gain":0,"max_hp_loss":0,"event_name":"Nest","floor":30,"gold_loss":0},{"cards_removed":["Strike_G"],"damage_healed":0,"gold_gain":0,"player_choice":"Removed Attack","damage_taken":0,"max_hp_gain":0,"max_hp_loss":0,"event_name":"Falling","floor":36,"gold_loss":0},{"damage_healed":0,"gold_gain":0,"player_choice":"Gave Potion","damage_taken":0,"relics_obtained":["Mercury Hourglass"],"max_hp_gain":0,"max_hp_loss":0,"event_name":"WeMeetAgain","floor":38,"gold_loss":0}],"is_beta":false,"boss_relics":[{"not_picked":["Empty Cage","Astrolabe"],"picked":"WristBlade"},{"not_picked":["SacredBark","Calling Bell"],"picked":"HoveringKite"}],"items_purged_floors":[31,46],"is_endless":false,"potions_floor_spawned":[5,7,11,16,22,29,33,37,44,47,48],"killed_by":"Time Eater","ascension_level":20}}