{"host":"a6pjfiz7lhls3cu7","time":1609814432,"event":{"mods":["AchievementEnabler","BaseMod","Colored Map","Colored Powertips","Highlight Path","Minty Spire (QoL Compilation)","Random Character Button","Relic Stats"],"gold_per_floor":[111,122,122,197,217,242,242,259,332,352,352,367,367,386,386,491,491,503,519,529,529,529,559,559,559,605,605,624,659,673,691,691,691,691],"floor_reached":33,"playtime":1199,"items_purged":[],"score":349,"play_id":"0ea89976-1235-482f-9ffb-97aebeda7027","local_time":"20210104194032","is_ascension_mode":true,"campfire_choices":[{"floor":11,"key":"REST"},{"floor":13,"key":"REST"},{"floor":15,"key":"RECALL"},{"floor":24,"key":"REST"},{"floor":27,"key":"REST"},{"floor":32,"key":"REST"}],"circlet_count":0,"master_deck":["Strike_G","Strike_G","Strike_G","Strike_G","Strike_G","Defend_G","Defend_G","Defend_G","Defend_G","Defend_G","Survivor","Neutralize","Backstab+1","Deadly Poison","Backstab","Slice","Flying Knee","Sucker Punch+1","Backstab","Terror","Venomology","CurseOfTheBell","Poisoned Stab","Sucker Punch+1","Poisoned Stab+1","Poisoned Stab+1","Footwork+1","Deflect","Flying Knee+1"],"relics":["Ring of the Snake","NeowsBlessing","Unceasing Top","Akabeko","Bottled Flame","Calling Bell","Strawberry","InkBottle","Thread and Needle","Ginger","MutagenicStrength","Whetstone"],"acts_visited":["Exordium","TheCity"],"potions_floor_usage":[16,18,20,20,23,23,28,33,33,33],"damage_taken":[{"damage":0,"enemies":"Cultist","floor":1,"turns":1},{"damage":0,"enemies":"2 Louse","floor":2,"turns":1},{"damage":0,"enemies":"Small Slimes","floor":5,"turns":1},{"damage":39,"enemies":"Gremlin Nob","floor":6,"turns":6},{"damage":0,"enemies":"Blue Slaver","floor":8,"turns":1},{"damage":0,"enemies":"3 Louse","floor":10,"turns":1},{"damage":5,"enemies":"Gremlin Gang","floor":12,"turns":3},{"damage":0,"enemies":"2 Fungi Beasts","floor":14,"turns":1},{"damage":35,"enemies":"The Guardian","floor":16,"turns":10},{"damage":0,"enemies":"Spheric Guardian","floor":18,"turns":1},{"damage":3,"enemies":"Chosen","floor":19,"turns":3},{"damage":9,"enemies":"3 Cultists","floor":20,"turns":4},{"damage":18,"enemies":"Gremlin Leader","floor":23,"turns":4},{"damage":3,"enemies":"Chosen and Byrds","floor":28,"turns":5},{"damage":53,"enemies":"Book of Stabbing","floor":29,"turns":5},{"damage":0,"enemies":"Snecko","floor":30,"turns":2},{"damage":0,"enemies":"Centurion and Healer","floor":31,"turns":3},{"damage":72,"enemies":"Champ","floor":33,"turns":9}],"seed_played":"-2921743855954590894","potions_obtained":[{"floor":1,"key":"BlessingOfTheForge"},{"floor":8,"key":"Strength Potion"},{"floor":10,"key":"LiquidBronze"},{"floor":16,"key":"FearPotion"},{"floor":23,"key":"SkillPotion"},{"floor":29,"key":"GhostInAJar"},{"floor":30,"key":"Explosive Potion"}],"is_trial":false,"path_per_floor":["M","M","?","?","M","E","?","M","T","M","R","M","R","M","R","B",null,"M","M","M","?","?","E","R","?","T","R","M","E","M","M","R","B"],"character_chosen":"THE_SILENT","items_purchased":[],"campfire_rested":5,"item_purchase_floors":[],"current_hp_per_floor":[70,70,63,52,52,13,13,13,13,13,34,29,50,50,50,15,77,77,74,65,51,51,33,57,57,57,81,78,25,25,25,49,0,0],"gold":691,"neow_bonus":"THREE_ENEMY_KILL","is_daily":false,"chose_seed":false,"campfire_upgraded":0,"win_rate":0.0,"timestamp":1609814432,"path_taken":["M","?","?","?","M","E","?","?","T","M","R","M","R","?","R","BOSS","M","M","M","?","?","E","R","?","T","R","M","E","M","M","R","BOSS"],"items_purchased_type":[],"build_version":"2020-12-22","purchased_purges":0,"victory":false,"max_hp_per_floor":[70,70,70,70,70,70,70,70,70,70,70,70,70,70,70,70,77,77,77,77,82,82,82,82,82,82,82,82,82,82,82,82,82,82],"relic_stats":{"counters":[18,61],"Ginger":[2],"Whetstone":["Poisoned Stab","Sucker Punch"],"obtain_stats":[{"Calling Bell":17,"Bottled Flame":9,"NeowsBlessing":0,"Strawberry":17,"MutagenicStrength":25,"Thread and Needle":17,"Ginger":23,"Whetstone":29,"Unceasing Top":3,"Akabeko":6,"InkBottle":17,"Ring of the Snake":0},{"Calling Bell":9,"Bottled Flame":5,"NeowsBlessing":0,"Strawberry":9,"MutagenicStrength":13,"Thread and Needle":9,"Ginger":13,"Whetstone":15,"Unceasing Top":2,"Akabeko":4,"InkBottle":9,"Ring of the Snake":0},{"Calling Bell":25,"Bottled Flame":10,"NeowsBlessing":0,"Strawberry":25,"MutagenicStrength":37,"Thread and Needle":25,"Ginger":37,"Whetstone":47,"Unceasing Top":2,"Akabeko":9,"InkBottle":25,"Ring of the Snake":0}],"Unceasing Top":[15],"InkBottle":[15],"Ring of the Snake":[36]},"card_choices":[{"not_picked":["Dash","Backflip"],"picked":"Backstab","floor":1},{"not_picked":["Dagger Spray","Flying Knee"],"picked":"Deadly Poison","floor":2},{"not_picked":["Cloak And Dagger","Blade Dance"],"picked":"Backstab","floor":5},{"not_picked":["Escape Plan","Night Terror"],"picked":"Slice","floor":6},{"not_picked":["Poisoned Stab","Cloak And Dagger"],"picked":"Flying Knee","floor":8},{"not_picked":["Dodge and Roll","Night Terror"],"picked":"Sucker Punch","floor":10},{"not_picked":["Noxious Fumes","Flying Knee"],"picked":"Backstab","floor":12},{"not_picked":["Flechettes","Sucker Punch"],"picked":"Terror","floor":14},{"not_picked":["Bullet Time","Phantasmal Killer"],"picked":"Venomology","floor":16},{"not_picked":["Underhanded Strike","Calculated Gamble"],"picked":"Poisoned Stab","floor":18},{"not_picked":["Outmaneuver","Blur"],"picked":"Sucker Punch+1","floor":19},{"not_picked":["Dagger Spray","Dagger Throw","Calculated Gamble"],"picked":"SKIP","floor":20},{"not_picked":["Distraction","Dodge and Roll"],"picked":"Poisoned Stab","floor":23},{"not_picked":["Dagger Throw","Reflex"],"picked":"Poisoned Stab+1","floor":28},{"not_picked":["Doppelganger","Backflip"],"picked":"Footwork+1","floor":29},{"not_picked":["Cloak And Dagger","Prepared+1"],"picked":"Deflect","floor":30},{"not_picked":["Cloak And Dagger+1","Quick Slash"],"picked":"Flying Knee+1","floor":31}],"player_experience":293185,"relics_obtained":[{"floor":6,"key":"Akabeko"},{"floor":9,"key":"Bottled Flame"},{"floor":17,"key":"Strawberry"},{"floor":17,"key":"InkBottle"},{"floor":17,"key":"Thread and Needle"},{"floor":23,"key":"Ginger"},{"floor":29,"key":"Whetstone"}],"event_choices":[{"damage_healed":0,"gold_gain":0,"player_choice":"Success","damage_taken":7,"relics_obtained":["Unceasing Top"],"max_hp_gain":0,"max_hp_loss":0,"event_name":"Scrap Ooze","floor":3,"gold_loss":0},{"damage_healed":0,"gold_gain":75,"player_choice":"Gather Gold","damage_taken":11,"max_hp_gain":0,"max_hp_loss":0,"event_name":"World of Goop","floor":4,"gold_loss":0},{"damage_healed":0,"gold_gain":0,"player_choice":"Forge","damage_taken":0,"max_hp_gain":0,"max_hp_loss":0,"event_name":"Accursed Blacksmith","floor":7,"gold_loss":0,"cards_upgraded":["Backstab"]},{"damage_healed":0,"gold_gain":0,"player_choice":"Shed Blood","damage_taken":19,"max_hp_gain":5,"max_hp_loss":0,"event_name":"Forgotten Altar","floor":21,"gold_loss":0},{"damage_healed":0,"gold_gain":0,"player_choice":"Ignored","damage_taken":0,"max_hp_gain":0,"max_hp_loss":0,"event_name":"Ghosts","floor":22,"gold_loss":0},{"damage_healed":0,"gold_gain":0,"player_choice":"Inject Mutagens","damage_taken":0,"relics_obtained":["MutagenicStrength"],"max_hp_gain":0,"max_hp_loss":0,"event_name":"Drug Dealer","floor":25,"gold_loss":0}],"is_beta":false,"boss_relics":[{"not_picked":["Black Star","Tiny House"],"picked":"Calling Bell"}],"items_purged_floors":[],"is_endless":false,"potions_floor_spawned":[1,8,10,16,18,23,29,30],"killed_by":"Champ","ascension_level":4}}