{"host":"armnliea5o2aqs4b","time":1609826153,"event":{"mods":["BaseMod","Hubris","Infinite Spire","Minty Spire (QoL Compilation)","Quick Restart","StSLib"],"gold_per_floor":[119,119,119,119,119,119,154,154,154,198,217,232,232,266,266,394,394,417,417,417,417],"floor_reached":20,"playtime":416,"items_purged":[],"score":262,"play_id":"7f1115b4-07ef-48c3-b9a4-663715ba9737","local_time":"20210105165553","is_ascension_mode":true,"campfire_choices":[{"data":"infinitespire:Fortify","floor":6.0,"key":"SMITH"},{"data":"Deadly Poison","floor":8.0,"key":"SMITH"},{"floor":13.0,"key":"RECALL"},{"floor":15,"key":"DIG"}],"circlet_count":0,"master_deck":["Strike_G","Strike_G","Strike_G","Strike_G","Strike_G","Defend_G","Defend_G","Defend_G","Defend_G","Defend_G","Survivor","Neutralize","hubris:Counter","infinitespire:Fortify+1","Deadly Poison+1","Dash","Eviscerate","A Thousand Cuts","Storm of Steel"],"relics":["Burning Blood","NeowsBlessing","Golden Idol","infinitespire:Cubic Diamond","infinitespire:Bottled Soul","Shuriken","Gremlin Horn","Girya","Shovel","Omamori","WristBlade"],"acts_visited":["Exordium","TheCity"],"potions_floor_usage":[14,16],"damage_taken":[{"damage":0.0,"enemies":"Jaw Worm","floor":1.0,"turns":1.0},{"damage":0.0,"enemies":"Lagavulin","floor":7.0,"turns":2.0},{"damage":0.0,"enemies":"3 Sentries","floor":10.0,"turns":1.0},{"damage":1.0,"enemies":"Small Slimes","floor":11.0,"turns":3.0},{"damage":0.0,"enemies":"2 Louse","floor":12.0,"turns":2.0},{"damage":24,"enemies":"Gremlin Nob","floor":14,"turns":4},{"damage":38,"enemies":"The Guardian","floor":16,"turns":12},{"damage":45,"enemies":"Spheric Guardian","floor":18,"turns":6},{"damage":28,"enemies":"Shell Parasite","floor":20,"turns":4}],"seed_played":"8745106761285655940","potions_obtained":[{"floor":1.0,"key":"FearPotion"},{"floor":11.0,"key":"DuplicationPotion"},{"floor":18,"key":"Poison Potion"}],"is_trial":false,"path_per_floor":["M","?","?","?","T","R","E","R","T","E","M","M","R","E","R","B",null,"M","?","M"],"character_chosen":"THE_SILENT","items_purchased":[],"campfire_rested":0,"item_purchase_floors":[],"current_hp_per_floor":[70,65,49,49,49,49,55,55,55,61,65,65,65,47,47,15,65,26,26,0,0],"gold":417,"neow_bonus":"THREE_ENEMY_KILL","is_daily":false,"chose_seed":false,"campfire_upgraded":2,"win_rate":0.0,"timestamp":1609826153,"path_taken":["M","?","?","?","?","R","E","R","T","E","?","M","R","E","R","BOSS","M","?","?"],"items_purchased_type":[],"build_version":"2020-12-22","purchased_purges":0,"victory":false,"max_hp_per_floor":[70,65,65,65,65,65,65,65,65,65,65,65,65,65,65,65,65,65,65,65,65],"card_choices":[{"not_picked":["Outmaneuver","Acrobatics"],"picked":"hubris:Counter","floor":1.0},{"not_picked":["infinitespire:Menacing","infinitespire:Punishment"],"picked":"infinitespire:Fortify","floor":3.0},{"not_picked":["Sucker Punch","Dodge and Roll"],"picked":"Deadly Poison","floor":7.0},{"not_picked":["Caltrops","Cloak And Dagger"],"picked":"Dash","floor":10.0},{"not_picked":["Dagger Spray","Underhanded Strike","Footwork"],"picked":"SKIP","floor":11.0},{"not_picked":["Sucker Punch","Flying Knee"],"picked":"Eviscerate","floor":12.0},{"not_picked":["Quick Slash","Bane","Outmaneuver"],"picked":"SKIP","floor":14},{"not_picked":["Bullet Time","After Image"],"picked":"A Thousand Cuts","floor":16},{"not_picked":["Acrobatics+1","PiercingWail","Footwork"],"picked":"SKIP","floor":18}],"player_experience":188225,"relics_obtained":[{"floor":5.0,"key":"infinitespire:Bottled Soul"},{"floor":7.0,"key":"Shuriken"},{"floor":9.0,"key":"Gremlin Horn"},{"floor":10.0,"key":"Girya"},{"floor":14,"key":"Shovel"},{"floor":15,"key":"Omamori"}],"event_choices":[{"damage_healed":0.0,"max_hp_gain":0.0,"max_hp_loss":5.0,"gold_gain":0.0,"event_name":"Golden Idol","player_choice":"Lose Max HP","floor":2.0,"gold_loss":0.0,"damage_taken":0.0,"relics_obtained":["Golden Idol"]},{"damage_healed":0,"gold_gain":0,"player_choice":"1 cards matched","damage_taken":0,"max_hp_gain":0,"max_hp_loss":0,"event_name":"Match and Keep!","floor":19,"gold_loss":0,"cards_obtained":["Storm of Steel"]}],"is_beta":false,"boss_relics":[{"not_picked":["Fusion Hammer","hubris:BlackHole"],"picked":"WristBlade"}],"items_purged_floors":[],"is_endless":false,"potions_floor_spawned":[1,11,18],"killed_by":"Shell Parasite","ascension_level":2}}