{"host":"hszimsrtxxc2k25w","time":1609874310,"event":{"mods":["AchievementEnabler","BaseMod","Colored Map","DeckTracker","Minty Spire (QoL Compilation)","Rare Cards Sparkle","SuperFastMode"],"gold_per_floor":[110,110,121,121,138,138,151,184,232,232,157,157,25,39,39,39,39],"floor_reached":16,"playtime":392,"items_purged":["Strike_R"],"score":200,"play_id":"85936700-0b70-4358-baee-115af4e39d42","local_time":"20210106041830","is_ascension_mode":true,"campfire_choices":[{"data":"Feed","floor":6,"key":"SMITH"},{"data":"Dark Embrace","floor":10,"key":"SMITH"},{"data":"Uppercut","floor":12,"key":"SMITH"},{"floor":15,"key":"REST"}],"circlet_count":0,"master_deck":["AscendersBane","Strike_R","Strike_R","Strike_R","Strike_R","Defend_R","Defend_R","Defend_R","Defend_R","Bash","Feed+1","Dark Embrace+1","Disarm","Uppercut+1","Warcry","Evolve","Second Wind"],"relics":["Burning Blood","Mummified Hand","Bag of Preparation"],"acts_visited":["Exordium"],"potions_floor_usage":[8,8,14],"damage_taken":[{"damage":9.0,"enemies":"2 Louse","floor":1.0,"turns":3.0},{"damage":0,"enemies":"Small Slimes","floor":3,"turns":2},{"damage":19,"enemies":"Cultist","floor":5,"turns":5},{"damage":23,"enemies":"3 Louse","floor":7,"turns":5},{"damage":36,"enemies":"Lagavulin","floor":8,"turns":6},{"damage":39,"enemies":"Exordium Wildlife","floor":14,"turns":8},{"damage":45,"enemies":"Hexaghost","floor":16,"turns":10}],"seed_played":"8724764601640233858","potions_obtained":[{"floor":1.0,"key":"Block Potion"},{"floor":3,"key":"Regen Potion"},{"floor":4,"key":"DistilledChaos"},{"floor":8,"key":"BloodPotion"},{"floor":14,"key":"Weak Potion"}],"is_trial":false,"path_per_floor":["M","?","M","?","M","R","M","E","T","R","$","R","$","M","R","B"],"character_chosen":"IRONCLAD","items_purchased":["Evolve","Second Wind"],"campfire_rested":1,"item_purchase_floors":[13,13],"current_hp_per_floor":[68,68,74,74,61,61,48,33,33,33,33,33,33,19,43,0,0],"gold":39,"neow_bonus":"THREE_RARE_CARDS","is_daily":false,"chose_seed":false,"campfire_upgraded":3,"win_rate":0.0,"timestamp":1609874310,"path_taken":["M","?","M","?","M","R","M","E","T","R","$","R","$","M","R","BOSS"],"items_purchased_type":["Card","Card"],"build_version":"2020-12-22","purchased_purges":1,"victory":false,"max_hp_per_floor":[71,71,74,74,74,74,78,78,78,78,78,78,78,82,82,82,82],"card_choices":[{"not_picked":["Impervious","Exhume"],"picked":"Feed","floor":0.0},{"not_picked":["Cleave","Inflame"],"picked":"Dark Embrace","floor":1.0},{"not_picked":["Rampage","Metallicize"],"picked":"Disarm","floor":3},{"not_picked":["Thunderclap","Infernal Blade","Spot Weakness"],"picked":"SKIP","floor":5},{"not_picked":["Pommel Strike","Power Through"],"picked":"Uppercut","floor":7},{"not_picked":["Dark Embrace","Headbutt"],"picked":"Warcry","floor":8},{"not_picked":["Ghostly Armor","Twin Strike","Heavy Blade"],"picked":"SKIP","floor":14}],"player_experience":605549,"relics_obtained":[{"floor":8,"key":"Mummified Hand"},{"floor":9,"key":"Bag of Preparation"}],"event_choices":[{"damage_healed":0.0,"max_hp_gain":0.0,"max_hp_loss":0.0,"gold_gain":0.0,"event_name":"Liars Game","player_choice":"Ignored","floor":2.0,"gold_loss":0.0,"damage_taken":0.0},{"damage_healed":0,"gold_gain":0,"player_choice":"Got Potions","damage_taken":0,"max_hp_gain":0,"max_hp_loss":0,"event_name":"Lab","floor":4,"gold_loss":0}],"is_beta":false,"boss_relics":[],"items_purged_floors":[11],"is_endless":false,"potions_floor_spawned":[1,3,8,14],"killed_by":"Hexaghost","ascension_level":20}}