{"host":"hgkb2zpbo2dcws21","time":1609852979,"event":{"mods":["AchievementEnabler","BaseMod","Colored Map","Colored Powertips","Custom Start","DeckTracker","KOR Keyword Fix","Minty Spire (QoL Compilation)","Relic Stats","StSLib","SuperFastMode"],"gold_per_floor":[110,110,129,129,144,144,179,179,205,205,221,232,232,282,282,356,356,369,100,150,150,162,162,195,195,221,221,239,63,63,98,98,98,98],"floor_reached":33,"playtime":683,"items_purged":["Strike_G"],"score":548,"play_id":"38fc345e-f09a-4fae-9f20-69ec7c8255b6","local_time":"20210105222259","is_ascension_mode":true,"campfire_choices":[{"data":"Deadly Poison","floor":6,"key":"SMITH"},{"data":"Noxious Fumes","floor":8,"key":"SMITH"},{"data":"Neutralize","floor":10,"key":"SMITH"},{"data":"Leg Sweep","floor":15,"key":"SMITH"},{"data":"Calculated Gamble","floor":23,"key":"SMITH"},{"floor":25,"key":"REST"},{"data":"Prepared","floor":27,"key":"SMITH"},{"floor":30,"key":"REST"},{"data":"Calculated Gamble","floor":32,"key":"SMITH"}],"circlet_count":0,"master_deck":["AscendersBane","Strike_G","Strike_G","Strike_G","Strike_G","Defend_G","Defend_G","Defend_G","Defend_G","Defend_G","Survivor","Neutralize+1","Predator","Noxious Fumes+1","Deadly Poison+1","PiercingWail","Backflip","Leg Sweep+1","Malaise","CurseOfTheBell","Footwork+1","Bane+1","Calculated Gamble+1","Blade Dance","Prepared+1","Enlightenment","Well Laid Plans","Calculated Gamble+1"],"relics":["Ring of the Snake","NeowsBlessing","Bag of Preparation","Question Card","Orichalcum","Calling Bell","Regal Pillow","Molten Egg 2","Torii","OrangePellets","Pen Nib","Art of War","Anchor"],"acts_visited":["Exordium","TheCity"],"potions_floor_usage":[7,16,24,24,33],"damage_taken":[{"damage":0,"enemies":"2 Louse","floor":1,"turns":1},{"damage":0,"enemies":"Cultist","floor":3,"turns":1},{"damage":0,"enemies":"Jaw Worm","floor":5,"turns":1},{"damage":20,"enemies":"Lagavulin","floor":7,"turns":5},{"damage":8,"enemies":"Gremlin Gang","floor":11,"turns":4},{"damage":4,"enemies":"Large Slime","floor":12,"turns":5},{"damage":19,"enemies":"The Guardian","floor":16,"turns":9},{"damage":10,"enemies":"Chosen","floor":18,"turns":6},{"damage":19,"enemies":"2 Thieves","floor":22,"turns":5},{"damage":22,"enemies":"Gremlin Leader","floor":24,"turns":7},{"damage":21,"enemies":"Centurion and Healer","floor":28,"turns":8},{"damage":19,"enemies":"Book of Stabbing","floor":31,"turns":8},{"damage":32,"enemies":"Champ","floor":33,"turns":7}],"seed_played":"2392539449460391074","potions_obtained":[{"floor":2,"key":"Swift Potion"},{"floor":2,"key":"CultistPotion"},{"floor":5,"key":"SteroidPotion"},{"floor":7,"key":"PowerPotion"},{"floor":16,"key":"GhostInAJar"},{"floor":18,"key":"DistilledChaos"},{"floor":31,"key":"Dexterity Potion"}],"is_trial":false,"path_per_floor":["M","?","M","?","M","R","E","R","T","R","M","M","?","?","R","B",null,"M","$","?","?","M","R","E","R","T","R","M","$","R","E","R","B"],"character_chosen":"THE_SILENT","items_purchased":["OrangePellets","Bane+1","Enlightenment","Well Laid Plans"],"campfire_rested":2,"item_purchase_floors":[19,19,29,29],"current_hp_per_floor":[59,59,59,59,59,59,39,39,39,39,31,27,27,27,27,8,52,42,42,42,42,23,23,1,35,35,35,14,14,48,29,29,0,0],"gold":98,"neow_bonus":"THREE_ENEMY_KILL","is_daily":false,"chose_seed":false,"campfire_upgraded":7,"win_rate":0.0,"timestamp":1609852979,"path_taken":["M","?","?","?","?","R","E","R","T","R","M","?","?","?","R","BOSS","M","$","?","?","M","R","E","R","T","R","M","$","R","E","R","BOSS"],"items_purchased_type":["Relic","Card","Card","Card"],"build_version":"2020-12-22","purchased_purges":1,"victory":false,"max_hp_per_floor":[66,66,66,66,66,66,66,66,66,66,66,66,66,66,66,66,66,66,66,66,66,66,66,66,66,66,66,66,66,66,66,66,66,66],"relic_stats":{"OrangePellets":[1],"Regal Pillow":30,"Torii":30,"counters":[13,67],"Pen Nib":[3],"Bag of Preparation":[22],"Art of War":[5],"Orichalcum":[138],"Question Card":9,"obtain_stats":[{"Regal Pillow":17,"NeowsBlessing":0,"Torii":17,"Pen Nib":24,"Bag of Preparation":4,"Orichalcum":9,"Question Card":7,"Calling Bell":17,"OrangePellets":19,"Anchor":31,"Molten Egg 2":17,"Art of War":26,"Ring of the Snake":0},{"Regal Pillow":7,"NeowsBlessing":0,"Torii":7,"Pen Nib":10,"Bag of Preparation":2,"Orichalcum":4,"Question Card":4,"Calling Bell":7,"OrangePellets":8,"Anchor":12,"Molten Egg 2":7,"Art of War":10,"Ring of the Snake":0},{"Regal Pillow":26,"NeowsBlessing":0,"Torii":26,"Pen Nib":44,"Bag of Preparation":2,"Orichalcum":8,"Question Card":8,"Calling Bell":26,"OrangePellets":32,"Anchor":60,"Molten Egg 2":26,"Art of War":44,"Ring of the Snake":0}],"Ring of the Snake":[26]},"card_choices":[{"not_picked":["Backflip","Heel Hook"],"picked":"Predator","floor":1},{"not_picked":["Poisoned Stab","Quick Slash"],"picked":"Noxious Fumes","floor":3},{"not_picked":["Dodge and Roll","Sucker Punch"],"picked":"Deadly Poison","floor":5},{"not_picked":["Poisoned Stab","Slice"],"picked":"PiercingWail","floor":7},{"not_picked":["Slice","Dagger Spray","Finisher"],"picked":"Backflip","floor":11},{"not_picked":["Endless Agony","Burst","Poisoned Stab"],"picked":"Leg Sweep","floor":12},{"not_picked":["A Thousand Cuts","Burst","Envenom"],"picked":"Malaise","floor":16},{"not_picked":["Infinite Blades","All Out Attack+1","Acrobatics"],"picked":"Footwork+1","floor":18},{"not_picked":["Cloak And Dagger","Finisher+1","Slice+1"],"picked":"Blade Dance","floor":22},{"not_picked":["Poisoned Stab+1","Distraction+1","Well Laid Plans"],"picked":"Prepared","floor":24},{"not_picked":["Quick Slash+1","Distraction","Dodge and Roll","Cloak And Dagger"],"picked":"SKIP","floor":28},{"not_picked":["Dagger Spray+1","Doppelganger","Acrobatics"],"picked":"Calculated Gamble","floor":31}],"player_experience":1130528,"relics_obtained":[{"floor":7,"key":"Question Card"},{"floor":9,"key":"Orichalcum"},{"floor":17,"key":"Regal Pillow"},{"floor":17,"key":"Molten Egg 2"},{"floor":17,"key":"Torii"},{"floor":24,"key":"Pen Nib"},{"floor":26,"key":"Art of War"},{"floor":31,"key":"Anchor"}],"event_choices":[{"damage_healed":0,"gold_gain":0,"player_choice":"Got Potions","damage_taken":0,"max_hp_gain":0,"max_hp_loss":0,"event_name":"Lab","floor":2,"gold_loss":0},{"damage_healed":0,"gold_gain":0,"player_choice":"Gave Potion","damage_taken":0,"relics_obtained":["Bag of Preparation"],"max_hp_gain":0,"max_hp_loss":0,"event_name":"WeMeetAgain","floor":4,"gold_loss":0},{"damage_healed":0,"gold_gain":0,"player_choice":"Ignored","damage_taken":0,"max_hp_gain":0,"max_hp_loss":0,"event_name":"Liars Game","floor":13,"gold_loss":0},{"damage_healed":0,"gold_gain":50,"player_choice":"Pray","damage_taken":0,"max_hp_gain":0,"max_hp_loss":0,"event_name":"Golden Shrine","floor":14,"gold_loss":0},{"damage_healed":0,"gold_gain":50,"player_choice":"Stole From Cult","damage_taken":0,"max_hp_gain":0,"max_hp_loss":0,"event_name":"Nest","floor":20,"gold_loss":0},{"damage_healed":0,"gold_gain":0,"player_choice":"1 cards matched","damage_taken":0,"max_hp_gain":0,"max_hp_loss":0,"event_name":"Match and Keep!","floor":21,"gold_loss":0,"cards_obtained":["Calculated Gamble"]}],"is_beta":false,"boss_relics":[{"not_picked":["Sozu","HoveringKite"],"picked":"Calling Bell"}],"items_purged_floors":[19],"is_endless":false,"potions_floor_spawned":[5,7,11,12,16,18,31],"killed_by":"Champ","ascension_level":19}}