{"host":"ewfe3cr33ktd9xzj","time":1609873615,"event":{"mods":["AchievementEnabler","BaseMod","Colored Map","Custom Start","DeckTracker","Minty Spire (QoL Compilation)","Permanent Neow","Rare Cards Sparkle","StSLib","everything is the same but u backflip on backflip"],"gold_per_floor":[118,130,130,142,152,152,181,181,204,233,233,233,233],"floor_reached":12,"playtime":257,"items_purged":[],"score":226,"play_id":"c6a72690-5d8d-4bd8-85b5-f6911ed29a6a","local_time":"20210106040655","is_ascension_mode":true,"campfire_choices":[{"data":"Eruption","floor":6.0,"key":"SMITH"},{"floor":8.0,"key":"REST"}],"circlet_count":0,"master_deck":["AscendersBane","Strike_P","Strike_P","Strike_P","Defend_P","Defend_P","Defend_P","Defend_P","Eruption+1","Vigilance","CrushJoints","BowlingBash","EmptyBody","Halt","Pray"],"relics":["Black Star","Happy Flower","Damaru","Anchor","Oddly Smooth Stone","Smiling Mask","GoldenEye"],"acts_visited":["Exordium"],"potions_floor_usage":[],"damage_taken":[{"damage":2.0,"enemies":"Jaw Worm","floor":1.0,"turns":6.0},{"damage":3.0,"enemies":"2 Louse","floor":2.0,"turns":3.0},{"damage":0.0,"enemies":"Small Slimes","floor":4.0,"turns":2.0},{"damage":0.0,"enemies":"2 Fungi Beasts","floor":5.0,"turns":3.0},{"damage":42.0,"enemies":"Gremlin Nob","floor":7.0,"turns":4.0},{"damage":0.0,"enemies":"Lagavulin","floor":10.0,"turns":6.0},{"damage":8,"enemies":"Gremlin Nob","floor":12,"turns":3}],"seed_played":"305280261347086343","potions_obtained":[{"floor":1.0,"key":"SkillPotion"},{"floor":4.0,"key":"Weak Potion"}],"is_trial":false,"path_per_floor":["M","M","?","M","M","R","E","R","T","E","?","E"],"character_chosen":"WATCHER","items_purchased":[],"campfire_rested":1,"item_purchase_floors":[],"current_hp_per_floor":[59,56,51,51,51,51,9,29,29,29,29,21,21],"gold":233,"neow_bonus":"BOSS_RELIC","is_daily":false,"chose_seed":false,"campfire_upgraded":1,"win_rate":0.0,"timestamp":1609873615,"path_taken":["M","M","?","M","M","R","E","R","T","E","?","E"],"items_purchased_type":[],"build_version":"2020-12-22","purchased_purges":0,"victory":false,"max_hp_per_floor":[68,68,68,68,68,68,68,68,68,68,68,68,68],"card_choices":[{"not_picked":["Weave","ClearTheMind"],"picked":"CrushJoints","floor":1.0},{"not_picked":["FlurryOfBlows","SashWhip"],"picked":"BowlingBash","floor":2.0},{"not_picked":["DeceiveReality","FlurryOfBlows","BattleHymn"],"picked":"SKIP","floor":4.0},{"not_picked":["Meditate","SashWhip","Vengeance"],"picked":"SKIP","floor":5.0},{"not_picked":["BattleHymn","Indignation"],"picked":"EmptyBody","floor":7.0},{"not_picked":["ThirdEye","Protect"],"picked":"Halt","floor":10.0}],"player_experience":29272,"relics_obtained":[{"floor":7.0,"key":"Damaru"},{"floor":7.0,"key":"Anchor"},{"floor":9.0,"key":"Oddly Smooth Stone"},{"floor":10.0,"key":"Smiling Mask"},{"floor":10.0,"key":"GoldenEye"}],"event_choices":[{"damage_healed":0.0,"max_hp_gain":0.0,"max_hp_loss":0.0,"gold_gain":0.0,"event_name":"Scrap Ooze","player_choice":"Success","floor":3.0,"gold_loss":0.0,"damage_taken":5.0,"relics_obtained":["Happy Flower"]},{"damage_healed":0.0,"max_hp_gain":0.0,"max_hp_loss":0.0,"gold_gain":0.0,"cards_transformed":["Strike_P"],"event_name":"Living Wall","player_choice":"Change","floor":11.0,"gold_loss":0.0,"damage_taken":0.0,"cards_obtained":["Pray"]}],"is_beta":false,"boss_relics":[],"items_purged_floors":[],"is_endless":false,"potions_floor_spawned":[1,4],"killed_by":"Gremlin Nob","ascension_level":20}}