{"host":"njb27ds59h4j3ikk","time":1609867632,"event":{"mods":["AchievementEnabler","BaseMod","Better Altar","Better Match","Better Note","Better Sensory Stone","Better Skull","Better Third Choice","BetterRewards","Downfall","Hermit","Hubris","Minty Spire (QoL Compilation)","Permanent Neow","Quarter Circle Forward PUNCH!","Quick Restart","Rare Cards Sparkle","Replay The Spire","Shop Mod","StSLib","Trackpad","Transform Curses"],"gold_per_floor":[114,129,147,247,263,295,295,325,325,295,295,323,92,92,92,188,188,199,199,124,124,142,67,67,82,108,138,189,189,249,326,326,493,493,577,614,614,700,470,565,641,724,724,819,855,900,1009,82,82,227,227,227,24,96,156,156,156],"floor_reached":55,"playtime":4850,"items_purged":["Pain"],"score":1208,"play_id":"271ab795-1691-4d02-b06c-9ed2db140c45","local_time":"20210105122712","is_ascension_mode":true,"campfire_choices":[{"floor":7.0,"key":"REST"},{"data":"Discovery","floor":15.0,"key":"SMITH"},{"floor":24.0,"key":"RECALL"},{"data":"champ:Improvising","floor":29.0,"key":"SMITH"},{"data":"champ:TornadoPunch","floor":32.0,"key":"SMITH"},{"data":"Burst","floor":49,"key":"SMITH"}],"circlet_count":0,"master_deck":["champ:Strike","champ:Strike","champ:Strike+1","champ:Strike","champ:Defend","champ:Defend","champ:Defend","champ:Defend","champ:Execute","champ:Taunt","champ:Improvising+1","champ:ShieldWall","champ:TornadoPunch+1","champ:RisingSlash","champ:Riposte","champ:SkillfulDodge","champ:HoldFirm","champ:FanOfKnives","Discovery+1","champ:DancingMaster","Writhe","CurseOfTheBell","champ:BringItOn","champ:DefensiveStyle","hubris:EnhanceAbility","champ:RageSigil+1","champ:Lariat","champ:PerfectedStrike+1","champ:Circumvent+1","champ:StanceDance","champ:SteelEdge","champ:FalseCounter+1","Chrysalis","Replay:Bootleg Shield Generator","champ:Haymaker+1","Master of Strategy","champ:SwordSigil","champ:DefensiveShout","expansioncontent:DecasProtection","champ:CalledShot+1","ReplayTheSpireMod:Splinters","champ:FlashCut+1","champ:EnchantSword","Burst+1","champ:AdrenalArmor+1","Slice+1","champ:CrookedStrike+1","Run Through","champ:ShieldSlam","Choke","champ:LastStand","Crow Ritual","champ:IronFortress","champ:FocusedBerserking","hubris:Ssssneak","champ:FalseCounter"],"relics":["champ:ChampionCrownUpgraded","Ornamental Fan","Gremlin Food","Blue Candle","hubris:SphereOfDissonance","WarpedTongs","Mercury Hourglass","hubris:EmptyBottle","hubris:Icosahedron","Lantern","qcfpunch:Chain_With_Nametags","Thread and Needle","trackpad:WindUpAutoDealer","Replay:Bandana","hubris:GlazedTorus","MerchantsRug","Chameleon Ring","Ancient Tea Set","qcfpunch:School_Backpack","Replay:Accelerometer","qcfpunch:Handcuffs","Guardian:GemstoneGun","hubris:SlimyHat","hubris:Reverence","Chemical X","Vajra","Nunchaku"],"acts_visited":["Exordium","TheCity","TheBeyond","TheEnding"],"potions_floor_usage":[40,42,42,42,42,42,44,44,50,50,54,54,55,55,55,55,55,55,55,55],"damage_taken":[{"damage":9.0,"enemies":"Cultist","floor":1.0,"turns":3.0},{"damage":18.0,"enemies":"Small Slimes","floor":2.0,"turns":3.0},{"damage":11.0,"enemies":"2 Louse","floor":3.0,"turns":3.0},{"damage":7.0,"enemies":"Looter","floor":5.0,"turns":3.0},{"damage":9.0,"enemies":"Replay:BlueRogue","floor":6.0,"turns":6.0},{"damage":16.0,"enemies":"3 Sentries","floor":8.0,"turns":5.0},{"damage":9.0,"enemies":"Lagavulin","floor":12.0,"turns":7.0},{"damage":15.0,"enemies":"The Guardian","floor":16.0,"turns":10.0},{"damage":7.0,"enemies":"3 Byrds","floor":18.0,"turns":4.0},{"damage":4.0,"enemies":"2 Thieves","floor":22.0,"turns":4.0},{"damage":6.0,"enemies":"Gremlin Leader","floor":23.0,"turns":8.0},{"damage":6.0,"enemies":"Centurion and Healer","floor":25.0,"turns":5.0},{"damage":19.0,"enemies":"Book of Stabbing","floor":27.0,"turns":7.0},{"damage":0.0,"enemies":"3 Cultists","floor":28.0,"turns":5.0},{"damage":5.0,"enemies":"Sentry and Sphere","floor":30.0,"turns":6.0},{"damage":34.0,"enemies":"Gremlin Leader","floor":31.0,"turns":6.0},{"damage":23,"enemies":"hubris:MusketHawk","floor":33,"turns":10},{"damage":1,"enemies":"3 Darklings","floor":35,"turns":6},{"damage":4,"enemies":"3 Shapes","floor":36,"turns":3},{"damage":3,"enemies":"Maw","floor":38,"turns":8},{"damage":14,"enemies":"Reptomancer","floor":40,"turns":4},{"damage":34,"enemies":"Nemesis","floor":42,"turns":5},{"damage":2,"enemies":"Mind Bloom Boss Battle","floor":44,"turns":5},{"damage":3,"enemies":"Sphere and 2 Shapes","floor":45,"turns":5},{"damage":7,"enemies":"Jaw Worm Horde","floor":46,"turns":4},{"damage":1,"enemies":"Giant Head","floor":47,"turns":9},{"damage":51,"enemies":"Donu and Deca","floor":50,"turns":10},{"damage":63,"enemies":"Shield and Spear","floor":54,"turns":6},{"damage":111,"enemies":"The Heart","floor":55,"turns":12}],"seed_played":"2425937502312764059","potions_obtained":[{"floor":1.0,"key":"Explosive Potion"},{"floor":3.0,"key":"Fire Potion"},{"floor":6.0,"key":"Flashbang"},{"floor":10.0,"key":"Cursed Concoction"},{"floor":10.0,"key":"Block Potion"},{"floor":16.0,"key":"Dexterity Potion"},{"floor":21.0,"key":"LiquidBronze"},{"floor":21.0,"key":"BlessingOfTheForge"},{"floor":27.0,"key":"Energy Potion"},{"floor":30.0,"key":"Strength Potion"},{"floor":35,"key":"hexamod:EctoCoolerPotion"},{"floor":42,"key":"hexamod:EctoCoolerPotion"},{"floor":44,"key":"LiquidMemories"},{"floor":52,"key":"DistilledChaos"},{"floor":52,"key":"EssenceOfSteel"}],"is_trial":false,"path_per_floor":["M","M","M","?","M","E","R","E","T","?","?","E","$","?","R","B",null,"M","?","?","?","M","E","R","M","T","E","M","R","M","E","R","B",null,"M","M","?","M","$","E","?","E","T","?","M","M","E","$","R","B",null,"R","$","E","B"],"character_chosen":"THE_CHAMP","items_purchased":["champ:Improvising","Ornamental Fan","hubris:EmptyBottle","Discovery","BargainBundle","MerchantsRug","qcfpunch:Black_Training_Shirt","Chameleon Ring","Languid Potion","ColorlessPotion","Master of Strategy","champ:SwordSigil","champ:DefensiveShout","expansioncontent:DecasProtection","Lee\u0027s Waffle","hubris:SlimyHat","hubris:Reverence","AttackPotion","Weak Potion","champ:OpenerPotion","Crow Ritual","champ:IronFortress","Chemical X","champ:FocusedBerserking","Vajra","hubris:Ssssneak"],"campfire_rested":1,"item_purchase_floors":[0,0,13,13,39,39,39,39,39,39,39,39,39,39,48,48,48,48,48,48,48,48,53,53,53,53],"current_hp_per_floor":[86,78,72,72,70,61,88,72,72,75,78,69,69,72,72,63,90,83,86,89,90,90,84,84,78,78,74,83,83,89,82,82,65,90,90,90,90,90,90,90,90,77,77,83,86,87,90,97,97,87,97,97,97,51,0,0,0],"gold":156,"neow_bonus":"","is_daily":false,"chose_seed":false,"campfire_upgraded":4,"win_rate":0.0,"timestamp":1609867632,"path_taken":["M","M","M","?","?","E","R","E","T","?","?","E","$","?","R","BOSS","M","?","?","?","M","E","R","M","T","E","M","R","M","E","R","BOSS","M","M","?","M","$","E","?","E","T","?","M","M","E","$","R","BOSS","R","$","E","BOSS"],"items_purchased_type":["Card","Relic","Relic","Card","Relic","Relic","Relic","Relic","Potion","Potion","Card","Card","Card","Card","Relic","Relic","Relic","Potion","Potion","Potion","Card","Card","Relic","Card","Relic","Card"],"build_version":"2020-12-22","purchased_purges":1,"victory":false,"max_hp_per_floor":[90,90,90,90,90,90,90,90,90,90,90,90,90,90,90,90,90,90,90,90,90,90,90,90,90,90,90,90,90,90,90,90,90,90,90,90,90,90,90,90,90,90,90,90,90,90,90,97,97,97,97,97,97,97,97,97,97],"card_choices":[{"not_picked":["champ:AdrenalArmor","champ:BringItOn"],"picked":"champ:ShieldWall","floor":1.0},{"not_picked":["champ:BerserkersShout","champ:ShieldSigil"],"picked":"champ:TornadoPunch","floor":2.0},{"not_picked":["champ:TornadoPunch","champ:GladiatorsShout"],"picked":"champ:RisingSlash","floor":3.0},{"not_picked":["champ:BerserkersShout","champ:RecklessLeap"],"picked":"champ:Riposte","floor":5.0},{"not_picked":["champ:BerserkerStyle","champ:AdrenalArmor"],"picked":"champ:SkillfulDodge","floor":6.0},{"not_picked":["champ:BerserkersShout","champ:PerfectedStrike"],"picked":"champ:HoldFirm","floor":8.0},{"not_picked":["champ:FaceSlap","champ:StanceDance"],"picked":"champ:FanOfKnives","floor":12.0},{"not_picked":["champ:ShieldThrow","champ:LastStand"],"picked":"champ:DancingMaster","floor":16.0},{"not_picked":["Replay:Hysterical Blindness","hubris:Lust"],"picked":"Writhe","floor":17.0},{"not_picked":["Looming Evil","Overencumbered"],"picked":"CurseOfTheBell","floor":17.0},{"not_picked":["Replay:UnknownCurse","Overencumbered"],"picked":"ReplayTheSpireMod:IOU","floor":17.0},{"not_picked":["champ:TornadoPunch","champ:Backstep"],"picked":"champ:BringItOn","floor":18.0},{"not_picked":["champ:FocusedBerserking","champ:DeathBlow"],"picked":"champ:DefensiveStyle","floor":20.0},{"not_picked":["Secret Weapon","Magnetism"],"picked":"hubris:EnhanceAbility","floor":20.0},{"not_picked":["champ:TornadoPunch","champ:BringItOn"],"picked":"champ:RageSigil+1","floor":22.0},{"not_picked":["champ:GutPunch","champ:BerserkerStyle","champ:Backstep"],"picked":"SKIP","floor":23.0},{"not_picked":["champ:FightOn","champ:ArenaPreparation"],"picked":"champ:Lariat","floor":25.0},{"not_picked":["champ:ViciousMockery","champ:FlashCut"],"picked":"champ:PerfectedStrike+1","floor":27.0},{"not_picked":["champ:BringItOn","champ:SwordSigil"],"picked":"champ:Circumvent+1","floor":28.0},{"not_picked":["champ:TornadoPunch","champ:GladiatorStyle","champ:HoldFirm"],"picked":"SKIP","floor":30.0},{"not_picked":["champ:FanOfKnives+1","champ:BladeFlurry"],"picked":"champ:StanceDance","floor":31.0},{"not_picked":["champ:IgnorePain","champ:SwordThrow"],"picked":"champ:SteelEdge","floor":33},{"not_picked":["champ:BringItOn","champ:BladeFlurry"],"picked":"champ:FalseCounter+1","floor":35},{"not_picked":["champ:CrookedStrike","champ:RecklessLeap","champ:Backstep"],"picked":"SKIP","floor":36},{"not_picked":["Replay:SS_fish_3","Discovery"],"picked":"Chrysalis","floor":37},{"not_picked":["Master of Strategy","hubris:EnhanceAbility"],"picked":"Replay:Bootleg Shield Generator","floor":37},{"not_picked":["champ:TornadoPunch","champ:SwordSigil"],"picked":"champ:Haymaker+1","floor":38},{"not_picked":["champ:PreciseThrust","champ:AdrenalArmor"],"picked":"champ:CalledShot+1","floor":40},{"not_picked":["champ:DefensiveShout","champ:EndlessRage"],"picked":"champ:FlashCut+1","floor":41},{"not_picked":["champ:FlashCut","champ:SwordSigil"],"picked":"champ:EnchantSword","floor":42},{"not_picked":["Dodge and Roll","Blade Dance"],"picked":"Burst","floor":44},{"not_picked":["champ:RapidStrikes","champ:EndlessRage"],"picked":"champ:AdrenalArmor+1","floor":44},{"not_picked":["Poisoned Stab","Acrobatics"],"picked":"Slice+1","floor":45},{"not_picked":["champ:Control","champ:EndlessRage"],"picked":"champ:CrookedStrike+1","floor":45},{"not_picked":["ReplayTheSpireMod:Strike From Hell","Anger"],"picked":"Run Through","floor":46},{"not_picked":["champ:AdrenalArmor+1","champ:StanceDance"],"picked":"champ:ShieldSlam","floor":46},{"not_picked":["Concentrate","Deadly Poison"],"picked":"Choke","floor":47},{"not_picked":["champ:Haymaker","champ:FlashCut+1"],"picked":"champ:LastStand","floor":47},{"not_picked":["champ:AdrenalArmor","champ:Aggression"],"picked":"champ:FalseCounter","floor":54}],"player_experience":1215514,"relics_obtained":[{"floor":6.0,"key":"Blue Candle"},{"floor":8.0,"key":"Juzu Bracelet"},{"floor":9.0,"key":"hubris:SphereOfDissonance"},{"floor":12.0,"key":"Mercury Hourglass"},{"floor":23.0,"key":"trackpad:WindUpAutoDealer"},{"floor":27.0,"key":"Replay:Bandana"},{"floor":31.0,"key":"hubris:GlazedTorus"},{"floor":40,"key":"Potion Belt"},{"floor":41,"key":"Ancient Tea Set"},{"floor":42,"key":"qcfpunch:School_Backpack"},{"floor":43,"key":"Replay:Accelerometer"},{"floor":44,"key":"qcfpunch:Handcuffs"},{"floor":47,"key":"Guardian:GemstoneGun"},{"floor":54,"key":"Nunchaku"}],"event_choices":[{"damage_healed":0.0,"max_hp_gain":0.0,"max_hp_loss":0.0,"gold_gain":100.0,"event_name":"Golden Shrine","player_choice":"Pray","floor":4.0,"gold_loss":0.0,"damage_taken":0.0},{"damage_healed":0.0,"max_hp_gain":0.0,"max_hp_loss":0.0,"gold_gain":0.0,"event_name":"The Woman in Blue","player_choice":"Bought 2 Potions","floor":10.0,"gold_loss":0.0,"damage_taken":0.0},{"damage_healed":0.0,"max_hp_gain":0.0,"max_hp_loss":0.0,"gold_gain":0.0,"event_name":"Accursed Blacksmith","player_choice":"Rummage","floor":11.0,"gold_loss":0.0,"damage_taken":0.0,"relics_obtained":["WarpedTongs"],"cards_obtained":["Pain"]},{"damage_healed":0.0,"max_hp_gain":0.0,"max_hp_loss":0.0,"gold_gain":0.0,"event_name":"N\u0027loth","player_choice":"Ignored","floor":19.0,"gold_loss":0.0,"damage_taken":0.0},{"damage_healed":0.0,"max_hp_gain":0.0,"max_hp_loss":0.0,"gold_gain":0.0,"event_name":"betterMatch:BetterMatch","player_choice":"1","floor":20.0,"gold_loss":0.0,"damage_taken":0.0,"cards_obtained":["betterMatch:UncommonCard","betterMatch:ColorlessRareCard"]},{"damage_healed":0.0,"max_hp_gain":0.0,"max_hp_loss":0.0,"gold_gain":0.0,"event_name":"Lab","player_choice":"Got Potions","floor":21.0,"gold_loss":0.0,"damage_taken":0.0},{"damage_healed":0,"gold_gain":3,"player_choice":"1","damage_taken":0,"max_hp_gain":0,"max_hp_loss":0,"event_name":"betterStone:BetterStone","floor":37,"gold_loss":0},{"damage_healed":0,"gold_gain":0,"player_choice":"Fight","damage_taken":0,"max_hp_gain":0,"max_hp_loss":0,"event_name":"MindBloom","floor":44,"gold_loss":0}],"is_beta":false,"boss_relics":[{"not_picked":["Ectoplasm","qcfpunch:Dark_Gi"],"picked":"Replay:Ancient Bell"},{"not_picked":["Blue Doll","qcfpunch:Wrestler\u0027s_Cloak"],"picked":"Lantern"},{"not_picked":["White Beast Statue","hubris:DisguiseKit"],"picked":"qcfpunch:Chain_With_Nametags"},{"not_picked":["trackpad:HandOfMidas","hubris:Teleporter"],"picked":"Thread and Needle"},{"not_picked":["Snecko Eye","Philosopher\u0027s Stone"],"picked":"champ:ChampionCrownUpgraded"}],"items_purged_floors":[39],"is_endless":false,"potions_floor_spawned":[1,3,6,16,25,27,30,35,42,44],"killed_by":"The Heart","ascension_level":1}}