{"host":"kmq7aw60w430zvtx","time":1609857934,"event":{"mods":["BaseMod","Downfall","GifTheSpireLib","Hermit","Hubris","Minty Spire (QoL Compilation)","Replay The Spire","StSLib","The Construct","The Cursed","The Hierophant","The Jungle","The Necromancer","The Runesmith"],"gold_per_floor":[11,24,24,40,52,80,97,272,348,361,361,375,375,395,395,490,490,506,519,489,150,150,150],"floor_reached":22,"playtime":1011,"items_purged":["Strike_G"],"score":247,"play_id":"4e7f83ee-0180-4fbe-bcfc-7ad702c885d9","local_time":"20210105154534","is_ascension_mode":true,"campfire_choices":[{"data":"Venomology","floor":11,"key":"SMITH"},{"data":"Metamorphosis","floor":13,"key":"SMITH"},{"floor":15,"key":"RECALL"}],"circlet_count":0,"master_deck":["Strike_G","Strike_G","Strike_G","Strike_G","Defend_G","Defend_G","Defend_G","Defend_G","Defend_G","Survivor","Neutralize","Metamorphosis+1","PiercingWail","Leg Sweep","Poisoned Stab","Backstab","Poisoned Stab","Deflect","Doubt","Venomology+1","Slice+1","Well Laid Plans","Bullet Time","hubris:SlightOfHand","Slice+1","ReplayTheSpireMod:Brewmster"],"relics":["Ring of the Snake","Torii","Molten Egg 2","HoveringKite"],"acts_visited":["Exordium","TheCity"],"potions_floor_usage":[6,6,16,16,16,16,18,18,19,19,20,22,22,22,22,22,22,22],"damage_taken":[{"damage":0,"enemies":"Cultist","floor":1,"turns":3},{"damage":0,"enemies":"Jaw Worm","floor":2,"turns":3},{"damage":10,"enemies":"Small Slimes","floor":4,"turns":2},{"damage":1,"enemies":"Exordium Wildlife","floor":5,"turns":6},{"damage":2,"enemies":"Gremlin Nob","floor":6,"turns":4},{"damage":8,"enemies":"Blue Slaver","floor":7,"turns":4},{"damage":1,"enemies":"Exordium Thugs","floor":10,"turns":4},{"damage":2,"enemies":"Looter","floor":12,"turns":5},{"damage":2,"enemies":"2 Fungi Beasts","floor":14,"turns":3},{"damage":20,"enemies":"Slime Boss","floor":16,"turns":13},{"damage":12,"enemies":"2 Thieves","floor":18,"turns":5},{"damage":23,"enemies":"Spheric Guardian","floor":19,"turns":4},{"damage":45,"enemies":"Cultist and Chosen","floor":22,"turns":8}],"seed_played":"-381553404680163416","potions_obtained":[{"floor":2,"key":"BlessingOfTheForge"},{"floor":4,"key":"ColorlessPotion"},{"floor":5,"key":"LifebloodPotion"},{"floor":12,"key":"champ:CounterPotion"},{"floor":14,"key":"DuplicationPotion"},{"floor":16,"key":"LifebloodPotion"},{"floor":20,"key":"Fruit Juice"},{"floor":20,"key":"Block Potion"}],"is_trial":false,"path_per_floor":["M","M","$","M","M","E","M","?","T","M","R","M","R","M","R","B",null,"M","M","?","$","M"],"character_chosen":"THE_SILENT","items_purchased":["Regen Potion","ReplayTheSpireMod:Brewmster"],"campfire_rested":0,"item_purchase_floors":[21,21],"current_hp_per_floor":[63,63,63,53,52,50,42,42,42,41,41,39,39,37,37,17,57,45,22,27,27,0,0],"gold":150,"neow_bonus":"RANDOM_COLORLESS_2","is_daily":false,"chose_seed":false,"campfire_upgraded":2,"win_rate":0.0,"timestamp":1609857934,"path_taken":["M","?","$","M","M","E","M","?","T","M","R","M","R","M","R","BOSS","M","M","?","$","?"],"items_purchased_type":["Potion","Card"],"build_version":"2020-12-22","purchased_purges":1,"victory":false,"max_hp_per_floor":[70,70,70,70,70,70,70,70,70,70,70,70,70,70,70,70,70,70,70,75,75,75,75],"card_choices":[{"not_picked":["hubris:EnhanceAbility","Secret Technique"],"picked":"Metamorphosis","floor":0},{"not_picked":["All Out Attack","Predator"],"picked":"PiercingWail","floor":1},{"not_picked":["hubris:TrickCloak","Endless Agony"],"picked":"Leg Sweep","floor":2},{"not_picked":["Hidden Blade","Toxin Wave"],"picked":"Poisoned Stab","floor":4},{"not_picked":["Blade Dance","Endless Agony"],"picked":"Backstab","floor":5},{"not_picked":["Dagger Spray","PiercingWail"],"picked":"Poisoned Stab","floor":6},{"not_picked":["Backflip","Poisoned Stab"],"picked":"Deflect","floor":7},{"not_picked":["Cloak And Dagger","Underhanded Strike+1"],"picked":"Venomology","floor":10},{"not_picked":["Poisoned Stab+1","Sucker Punch+1"],"picked":"Slice+1","floor":12},{"not_picked":["Bane+1","Cloak And Dagger"],"picked":"Well Laid Plans","floor":14},{"not_picked":["Malaise","Glass Knife+1"],"picked":"Bullet Time","floor":16},{"not_picked":["Cloak And Dagger","Expertise+1"],"picked":"hubris:SlightOfHand","floor":18},{"not_picked":["Outmaneuver","Bane+1"],"picked":"Slice+1","floor":19}],"player_experience":278825,"relics_obtained":[{"floor":6,"key":"Torii"},{"floor":9,"key":"Molten Egg 2"}],"event_choices":[{"damage_healed":0,"gold_gain":175,"player_choice":"AGREE","damage_taken":0,"max_hp_gain":0,"max_hp_loss":0,"event_name":"Liars Game","floor":8,"gold_loss":0,"cards_obtained":["Doubt"]},{"damage_healed":0,"gold_gain":0,"player_choice":"Bought 2 Potions","damage_taken":0,"max_hp_gain":0,"max_hp_loss":0,"event_name":"The Woman in Blue","floor":20,"gold_loss":0}],"is_beta":false,"boss_relics":[{"not_picked":["hubris:HollowSoul","Runic Pyramid"],"picked":"HoveringKite"}],"items_purged_floors":[21],"is_endless":false,"potions_floor_spawned":[2,4,5,12,14,16],"killed_by":"Cultist and Chosen","ascension_level":6}}