{"host":"vsdszi3rnxsdp24p","time":1609861591,"event":{"mods":["AchievementEnabler","BaseMod","Bestiary","Colored Map","Colored Powertips","Curses Come First","DeckTracker","Hermit","Highlight Path","Minty Spire (QoL Compilation)","Quick Restart","Relic Sorter","Relic Stats","StSLib","SuperFastMode","Synergy Search","The Cursed","The Mystic"],"gold_per_floor":[212,92,38,57,76,107,107,142,142,142,317,317,331,342,342,445,445,464,481,481,481,491,491,491,491],"floor_reached":24,"playtime":1039,"items_purged":[],"score":231,"play_id":"f95cec9e-75ed-40df-abad-a9e835e5f3f5","local_time":"20210105164631","is_ascension_mode":false,"campfire_choices":[{"data":"Blade Dance","floor":7,"key":"SMITH"},{"data":"Choke","floor":10,"key":"SMITH"},{"floor":15,"key":"REST"},{"floor":23,"key":"REST"}],"circlet_count":0,"master_deck":["Strike_G","Strike_G","Strike_G","Defend_G","Defend_G","Defend_G","Defend_G","Survivor","Neutralize","Choke+1","Cloak And Dagger","Dramatic Entrance","Blade Dance+1","Dagger Spray","Caltrops","Backstab","Doubt","Deflect","Escape Plan","Blade Dance","After Image","Predator+1","Crippling Poison+1","Bouncing Flask+1","Cloak And Dagger","Blade Dance","Footwork","J.A.X."],"relics":["Ring of the Snake","Potion Belt","Calipers","Eternal Feather","Astrolabe"],"acts_visited":["Exordium","TheCity"],"potions_floor_usage":[8,16,22,22,22],"damage_taken":[{"damage":8,"enemies":"Cultist","floor":1,"turns":7},{"damage":0,"enemies":"2 Louse","floor":4,"turns":2},{"damage":5,"enemies":"Jaw Worm","floor":5,"turns":2},{"damage":25,"enemies":"3 Sentries","floor":6,"turns":6},{"damage":0,"enemies":"Gremlin Nob","floor":8,"turns":2},{"damage":0,"enemies":"Lots of Slimes","floor":13,"turns":1},{"damage":7,"enemies":"3 Louse","floor":14,"turns":2},{"damage":37,"enemies":"Slime Boss","floor":16,"turns":11},{"damage":15,"enemies":"2 Thieves","floor":18,"turns":4},{"damage":17,"enemies":"Spheric Guardian","floor":19,"turns":5},{"damage":22,"enemies":"Shelled Parasite and Fungi","floor":22,"turns":3},{"damage":57,"enemies":"Gremlin Leader","floor":24,"turns":4}],"seed_played":"-2724524226069826093","potions_obtained":[{"floor":4,"key":"BlessingOfTheForge"},{"floor":6,"key":"DistilledChaos"},{"floor":8,"key":"LiquidBronze"},{"floor":14,"key":"FearPotion"},{"floor":19,"key":"Fire Potion"}],"is_trial":false,"path_per_floor":["M","$","$","M","M","E","R","E","T","R","?","?","M","M","R","B",null,"M","M","?","?","M","R","E"],"character_chosen":"THE_SILENT","items_purchased":["Cloak And Dagger","Dramatic Entrance","Blade Dance"],"campfire_rested":2,"item_purchase_floors":[2,2,3],"current_hp_per_floor":[62,62,62,62,57,32,32,32,32,41,41,41,41,34,67,30,70,55,38,38,38,16,52,0,0],"gold":491,"neow_bonus":"HUNDRED_GOLD","is_daily":false,"chose_seed":false,"campfire_upgraded":2,"win_rate":0.0,"timestamp":1609861591,"path_taken":["M","?","$","M","M","E","R","E","T","R","?","?","?","M","R","BOSS","M","M","?","?","M","R","E"],"items_purchased_type":["Card","Card","Card"],"build_version":"2020-12-22","purchased_purges":0,"victory":false,"max_hp_per_floor":[70,70,70,70,70,70,70,70,70,70,70,70,70,70,70,70,70,70,70,70,70,70,70,70,70],"relic_stats":{"counters":[12,49],"Astrolabe":["Predator","Crippling Poison","Bouncing Flask"],"Eternal Feather":36,"obtain_stats":[{"Potion Belt":6,"Calipers":8,"Astrolabe":17,"Eternal Feather":9,"Ring of the Snake":0},{"Potion Belt":4,"Calipers":5,"Astrolabe":8,"Eternal Feather":5,"Ring of the Snake":0},{"Potion Belt":17,"Calipers":19,"Astrolabe":33,"Eternal Feather":19,"Ring of the Snake":0}],"Ring of the Snake":[24]},"card_choices":[{"not_picked":["Dagger Spray","Tactician"],"picked":"Choke","floor":1},{"not_picked":["Heel Hook","Bane","Quick Slash"],"picked":"SKIP","floor":4},{"not_picked":["Backflip","Dagger Throw"],"picked":"Dagger Spray","floor":5},{"not_picked":["Dagger Throw","Flying Knee"],"picked":"Caltrops","floor":6},{"not_picked":["Dodge and Roll","Eviscerate"],"picked":"Backstab","floor":8},{"not_picked":["Riddle With Holes","Slice"],"picked":"Escape Plan","floor":13},{"not_picked":["Cloak And Dagger","Deflect"],"picked":"Blade Dance","floor":14},{"not_picked":["Tools of the Trade","Night Terror"],"picked":"After Image","floor":16},{"not_picked":["Backflip","Poisoned Stab+1"],"picked":"Cloak And Dagger","floor":18},{"not_picked":["Sucker Punch","Setup+1"],"picked":"Blade Dance","floor":19},{"not_picked":["Sucker Punch","Calculated Gamble","Masterful Stab"],"picked":"SKIP","floor":22}],"player_experience":133914,"relics_obtained":[{"floor":6,"key":"Potion Belt"},{"floor":8,"key":"Calipers"},{"floor":9,"key":"Eternal Feather"}],"event_choices":[{"damage_healed":0,"gold_gain":175,"player_choice":"AGREE","damage_taken":0,"max_hp_gain":0,"max_hp_loss":0,"event_name":"Liars Game","floor":11,"gold_loss":0,"cards_obtained":["Doubt"]},{"damage_healed":0,"gold_gain":0,"player_choice":"1 cards matched","damage_taken":0,"max_hp_gain":0,"max_hp_loss":0,"event_name":"Match and Keep!","floor":12,"gold_loss":0,"cards_obtained":["Deflect"]},{"damage_healed":0,"gold_gain":0,"player_choice":"Read","damage_taken":0,"max_hp_gain":0,"max_hp_loss":0,"event_name":"The Library","floor":20,"gold_loss":0,"cards_obtained":["Footwork"]},{"damage_healed":0,"gold_gain":0,"player_choice":"Obtain J.A.X.","damage_taken":0,"max_hp_gain":0,"max_hp_loss":0,"event_name":"Drug Dealer","floor":21,"gold_loss":0,"cards_obtained":["J.A.X."]}],"is_beta":false,"boss_relics":[{"not_picked":["Runic Dome","Runic Pyramid"],"picked":"Astrolabe"}],"items_purged_floors":[],"is_endless":false,"potions_floor_spawned":[4,6,8,14,19],"killed_by":"Gremlin Leader","ascension_level":0}}