{"host":"c3lc60y5x60jlt1y","time":1609830439,"event":{"mods":["AchievementEnabler","BaseMod","Bestiary","Colored Map","Minty Spire (QoL Compilation)","Quick Restart","StSLib","ojb\u0027s Info Mod"],"gold_per_floor":[109,129,143,143,103,103,147,147,170,135,135,135,135],"floor_reached":12,"playtime":505,"items_purged":[],"score":152,"play_id":"8bafb6d7-29c0-4efc-9af8-c23056ca01bf","local_time":"20210105090719","is_ascension_mode":true,"campfire_choices":[{"data":"Dagger Spray","floor":6,"key":"SMITH"},{"floor":8,"key":"REST"},{"data":"Neutralize","floor":11,"key":"SMITH"}],"circlet_count":0,"master_deck":["AscendersBane","Strike_G","Strike_G","Strike_G","Strike_G","Strike_G","Defend_G","Defend_G","Defend_G","Defend_G+1","Defend_G","Survivor","Neutralize+1","Wraith Form v2","Dagger Spray+1","Wraith Form v2","Backflip","Leg Sweep+1","Dagger Throw"],"relics":["Ring of the Snake","Golden Idol","CeramicFish","War Paint"],"acts_visited":["Exordium"],"potions_floor_usage":[7,7],"damage_taken":[{"damage":2,"enemies":"Cultist","floor":1,"turns":6},{"damage":4,"enemies":"Small Slimes","floor":2,"turns":4},{"damage":3,"enemies":"2 Louse","floor":3,"turns":3},{"damage":3,"enemies":"Looter","floor":5,"turns":4},{"damage":40,"enemies":"Gremlin Nob","floor":7,"turns":6},{"damage":30,"enemies":"Lagavulin","floor":12,"turns":10}],"seed_played":"-6787496332962316750","potions_obtained":[{"floor":2,"key":"PowerPotion"},{"floor":3,"key":"SteroidPotion"}],"is_trial":false,"path_per_floor":["M","M","M","?","M","R","E","R","T","?","R","E"],"character_chosen":"THE_SILENT","items_purchased":[],"campfire_rested":1,"item_purchase_floors":[],"current_hp_per_floor":[57,53,50,50,47,47,7,25,25,40,40,10,10],"gold":135,"neow_bonus":"ONE_RANDOM_RARE_CARD","is_daily":false,"chose_seed":false,"campfire_upgraded":2,"win_rate":0.0,"timestamp":1609830439,"path_taken":["M","?","M","?","M","R","E","R","T","?","R","E"],"items_purchased_type":[],"build_version":"2020-12-22","purchased_purges":0,"victory":false,"max_hp_per_floor":[66,66,66,60,60,60,60,60,60,60,60,60,60],"card_choices":[{"not_picked":["Finisher","Blur"],"picked":"Dagger Spray","floor":1},{"not_picked":["Dagger Throw","Acrobatics"],"picked":"Wraith Form v2","floor":2},{"not_picked":["Acrobatics","Choke"],"picked":"Backflip","floor":3},{"not_picked":["Choke","Bane"],"picked":"Leg Sweep","floor":5},{"not_picked":["Tactician","PiercingWail"],"picked":"Dagger Throw","floor":7}],"player_experience":7507244,"relics_obtained":[{"floor":7,"key":"CeramicFish"},{"floor":9,"key":"War Paint"}],"event_choices":[{"damage_healed":0,"gold_gain":0,"player_choice":"Lose Max HP","damage_taken":0,"relics_obtained":["Golden Idol"],"max_hp_gain":0,"max_hp_loss":6,"event_name":"Golden Idol","floor":4,"gold_loss":0},{"damage_healed":15,"gold_gain":0,"player_choice":"Healed","damage_taken":0,"max_hp_gain":0,"max_hp_loss":0,"event_name":"The Cleric","floor":10,"gold_loss":35}],"is_beta":false,"boss_relics":[],"items_purged_floors":[],"is_endless":false,"potions_floor_spawned":[2,3],"killed_by":"Lagavulin","ascension_level":20}}