{"host":"g75gtovmj0ine2rf","time":1609840459,"event":{"mods":["2.2 Compatiblity","AchievementEnabler","Act Like it!","Aspiration","Astrologer","Bard","BaseMod","Better Match","BetterRewards","CapriCore","Challenge The Spire","ChefMod","Colored Map","Conspire","Elementarium","Energized Spire","Friendly Minions","Gensokyo","Halation","Hallownest","Hermit","HexUI Lib","Highlight Path","Hubris","Infinite Spire","Jedi Mod","Lobotomy","Menagerie","Minty Spire (QoL Compilation)","Puzzle Mod","Quick Restart","Rare Cards Sparkle","Relic Stats","Replay The Spire","Robot Space Explorer","Shade Mod","Shop Mod","Spicy Shops","StSLib","SuperFastMode","The Construct","The Cursed","The Dragon Tamer","The Factory","The Jungle","The Marked","The Runesmith","TheBandit","TheFirefly","TheSwordswoman","TheVacant","Transform Curses","Wandering Minibosses","thorton","vexMod"],"gold_per_floor":[13,13,29,29,29,70,70,101,154,170,170,27,45,61,61,180,180,203,77,2,22,37,37,37],"floor_reached":23,"playtime":1144,"items_purged":[],"score":276,"play_id":"f19a0bdf-8f9d-4395-a0d1-c5805497f597","local_time":"20210105205419","is_ascension_mode":false,"campfire_choices":[{"floor":7,"key":"REST"},{"floor":15,"key":"REST"}],"circlet_count":0,"master_deck":["conspire:GhostlyStrike","conspire:GhostlyStrike","conspire:GhostlyStrike","conspire:GhostlyDefend","conspire:GhostlyDefend","conspire:GhostlyDefend","conspire:GhostlyDefend","theMarked:SoldierOfQuellstein","theMarked:CreepingChasm","theMarked:RepellingDischarge","theMarked:StartUp","theMarked:UnarmedFury","theMarked:Generate+1","theMarked:SoldierForm"],"relics":["theMarked:ArtifactOfAir","Golden Idol","halation:PinkSoulGem","jedi:heavyjacket","jedi:bottledfury","Dream Catcher","theMarked:Winder","energizedSpire:OgreHead","hubris:Metronome"],"acts_visited":["Exordium","Exordium"],"potions_floor_usage":[16,16,23],"damage_taken":[{"damage":1,"enemies":"Jaw Worm","floor":1,"turns":4},{"damage":2,"enemies":"Small Slimes","floor":3,"turns":3},{"damage":30,"enemies":"3 Sentries","floor":6,"turns":7},{"damage":13,"enemies":"Lagavulin","floor":8,"turns":7},{"damage":0,"enemies":"2 Louse","floor":10,"turns":3},{"damage":0,"enemies":"Exordium Wildlife","floor":13,"turns":5},{"damage":7,"enemies":"Exordium Thugs","floor":14,"turns":7},{"damage":0,"enemies":"Slime Boss","floor":16,"turns":8},{"damage":26,"enemies":"Gensokyo:3_Dogs","floor":18,"turns":4},{"damage":5,"enemies":"Gensokyo:AngelMirror","floor":21,"turns":3},{"damage":18,"enemies":"Gensokyo:Chomper_and_Gloop","floor":22,"turns":5},{"damage":21,"enemies":"Gensokyo:Tenshi","floor":23,"turns":3}],"seed_played":"-5727167058736214484","potions_obtained":[{"floor":3,"key":"Weak Potion"},{"floor":8,"key":"DistilledChaos"},{"floor":14,"key":"Venom Potion"},{"floor":16,"key":"DuplicationPotion"},{"floor":21,"key":"EssenceOfSteel"}],"is_trial":false,"path_per_floor":["M","?","M","?","?","E","R","E","T","M","?","$","M","M","R","B",null,"M","$","?","M","M","E"],"character_chosen":"THE_DEFAULT","items_purchased":["theMarked:Winder","hubris:Metronome"],"campfire_rested":2,"item_purchase_floors":[12,19],"current_hp_per_floor":[69,52,50,50,50,20,41,28,28,28,28,28,28,21,42,42,70,44,44,44,39,21,0,0],"gold":37,"neow_bonus":"REMOVE_TWO","is_daily":false,"chose_seed":false,"campfire_upgraded":0,"win_rate":0.0,"timestamp":1609840459,"path_taken":["M","?","M","?","?","E","R","E","T","M","?","?","?","M","R","BOSS","M","$","?","M","M","E"],"items_purchased_type":["Relic","Relic"],"build_version":"2020-12-22","purchased_purges":0,"victory":false,"max_hp_per_floor":[70,70,70,70,70,70,70,70,70,70,70,70,70,70,70,70,70,70,70,70,70,70,70,70],"relic_stats":{"Dream Catcher":1,"counters":[12,58],"Golden Idol":63,"obtain_stats":[{"theMarked:ArtifactOfAir":0,"jedi:heavyjacket":6,"Dream Catcher":9,"hubris:Metronome":19,"Golden Idol":2,"energizedSpire:OgreHead":17,"jedi:bottledfury":8,"theMarked:Winder":12,"halation:PinkSoulGem":5},{"theMarked:ArtifactOfAir":0,"jedi:heavyjacket":3,"Dream Catcher":4,"hubris:Metronome":9,"Golden Idol":1,"energizedSpire:OgreHead":8,"jedi:bottledfury":4,"theMarked:Winder":5,"halation:PinkSoulGem":2},{"theMarked:ArtifactOfAir":0,"jedi:heavyjacket":14,"Dream Catcher":21,"hubris:Metronome":47,"Golden Idol":4,"energizedSpire:OgreHead":43,"jedi:bottledfury":21,"theMarked:Winder":24,"halation:PinkSoulGem":7}]},"card_choices":[{"not_picked":["theMarked:Seal","theMarked:GodGivenPower"],"picked":"theMarked:CreepingChasm","floor":1},{"not_picked":["theMarked:ChainLightning","theMarked:Improvise","theMarked:ResourceFulStrike"],"picked":"SKIP","floor":3},{"not_picked":["theMarked:SuspiciousRaven","theMarked:SelfDefenseTraining","theMarked:ResourceFulStrike"],"picked":"SKIP","floor":6},{"not_picked":["theMarked:SwordAndMagic","theMarked:GodGivenPower"],"picked":"theMarked:RepellingDischarge","floor":8},{"not_picked":["theMarked:Improvise","theMarked:Aftermath","theMarked:WastefulDefense"],"picked":"SKIP","floor":10},{"not_picked":["theMarked:WastefulDefense","theMarked:Aftermath","theMarked:Overthink"],"picked":"SKIP","floor":13},{"not_picked":["theMarked:ContemptForTheProud","theMarked:SwordAndMagic","theMarked:Static"],"picked":"SKIP","floor":14},{"not_picked":["theMarked:WastefulDefense","theMarked:Static"],"picked":"theMarked:StartUp","floor":15},{"not_picked":["theMarked:MuscleMemory","theMarked:FavorableWinds"],"picked":"theMarked:UnarmedFury","floor":16},{"not_picked":["theMarked:KeepCalmAndFightOn","theMarked:Opportunist"],"picked":"theMarked:Generate+1","floor":18},{"not_picked":["theMarked:WastefulDefense","theMarked:WastefulAttack"],"picked":"theMarked:SoldierForm","floor":21},{"not_picked":["theMarked:RepellingDischarge+1","theMarked:SwordAndMagic+1","theMarked:BanishingWave+1"],"picked":"SKIP","floor":22}],"player_experience":1383462,"relics_obtained":[{"floor":6,"key":"jedi:heavyjacket"},{"floor":8,"key":"jedi:bottledfury"},{"floor":9,"key":"Dream Catcher"}],"event_choices":[{"damage_healed":0,"gold_gain":0,"player_choice":"Take Damage","damage_taken":17,"relics_obtained":["Golden Idol"],"max_hp_gain":0,"max_hp_loss":0,"event_name":"Golden Idol","floor":2,"gold_loss":0},{"damage_healed":0,"gold_gain":0,"player_choice":"Agree","damage_taken":0,"max_hp_gain":0,"max_hp_loss":0,"event_name":"conspire:LoneGhost","floor":4,"gold_loss":0},{"damage_healed":0,"gold_gain":0,"player_choice":"2","damage_taken":0,"max_hp_gain":0,"max_hp_loss":0,"event_name":"betterMatch:BetterMatch","floor":20,"gold_loss":0,"cards_obtained":["betterMatch:UncommonCard"]}],"is_beta":false,"boss_relics":[{"not_picked":["Fusion Hammer","aspiration:SecretTechniqueScroll"],"picked":"energizedSpire:OgreHead"}],"items_purged_floors":[],"is_endless":false,"potions_floor_spawned":[3,8,14,16,21],"killed_by":"Gensokyo:Tenshi","ascension_level":0}}