{"host":"1a3cjta80tad0aqj","time":1609841310,"event":{"mods":["2.2 Compatiblity","AchievementEnabler","BaseMod","Colored Map","DeckTracker","KOR Keyword Fix","Keyboard Shortcuts","Minty Spire (QoL Compilation)","Permanent Neow","Quick Restart","Random Character Button","StSLib","SuperFastMode","everything is the same but u backflip on backflip"],"gold_per_floor":[364,376,150,168,168,243,262,287,342,342,362,362,379,399,399,503,503,520,520,538,294,294,325,325,325,325,341,358,358,358,377,377,482,482,494,494,520,395,395,395,395,110,110,121,121,73,73,73,73,73,73],"floor_reached":50,"playtime":3550,"items_purged":["Defend_G","Reflex","Sucker Punch","PiercingWail+1"],"score":533,"play_id":"cd725048-b598-4759-92e1-87e5bc01b818","local_time":"20210105190830","is_ascension_mode":true,"campfire_choices":[{"floor":10.0,"key":"REST"},{"floor":12.0,"key":"REST"},{"data":"Predator","floor":15.0,"key":"SMITH"},{"floor":24.0,"key":"REST"},{"floor":30.0,"key":"REST"},{"floor":32.0,"key":"REST"},{"floor":40.0,"key":"REST"},{"data":"Night Terror","floor":45.0,"key":"SMITH"},{"data":"Wraith Form v2","floor":47.0,"key":"SMITH"},{"floor":49.0,"key":"REST"}],"circlet_count":0,"master_deck":["Survivor+1","Neutralize+1","Deadly Poison+1","Poisoned Stab+1","Predator+1","Blade Dance+1","Underhanded Strike+1","Predator+1","Glass Knife+1","Bullet Time+1","Dash+1","Expertise+1","Bouncing Flask+1","After Image+1","Heel Hook+1","Storm of Steel+1","Backstab+1","Deadly Poison+1","Backflip+1","Crippling Poison+1","Wraith Form v2+1","Night Terror+1","CurseOfTheBell","Adrenaline+1","PanicButton+1","Backstab+1","Calculated Gamble+1"],"relics":["Ring of the Snake","HandDrill","Mercury Hourglass","Toy Ornithopter","Pandora\u0027s Box","Art of War","War Paint","Tiny Chest","Enchiridion","Question Card","Juzu Bracelet","Calling Bell","Strawberry","Gremlin Horn","Calipers","Anchor","Tough Bandages","Mark of the Bloom"],"acts_visited":["Exordium","TheCity","TheBeyond"],"potions_floor_usage":[50,50],"damage_taken":[{"damage":1.0,"enemies":"Small Slimes","floor":1.0,"turns":4.0},{"damage":4.0,"enemies":"Jaw Worm","floor":2.0,"turns":6.0},{"damage":0.0,"enemies":"Cultist","floor":4.0,"turns":4.0},{"damage":4.0,"enemies":"Large Slime","floor":7.0,"turns":6.0},{"damage":28.0,"enemies":"Gremlin Nob","floor":8.0,"turns":4.0},{"damage":0.0,"enemies":"Looter","floor":11.0,"turns":4.0},{"damage":0.0,"enemies":"2 Fungi Beasts","floor":13.0,"turns":3.0},{"damage":0.0,"enemies":"Gremlin Gang","floor":14.0,"turns":3.0},{"damage":41.0,"enemies":"The Guardian","floor":16.0,"turns":10.0},{"damage":2.0,"enemies":"Shell Parasite","floor":18.0,"turns":3.0},{"damage":2.0,"enemies":"3 Byrds","floor":20.0,"turns":3.0},{"damage":40.0,"enemies":"Slavers","floor":23.0,"turns":4.0},{"damage":8.0,"enemies":"Sentry and Sphere","floor":27.0,"turns":4.0},{"damage":0.0,"enemies":"3 Cultists","floor":28.0,"turns":4.0},{"damage":0.0,"enemies":"Cultist and Chosen","floor":31.0,"turns":4.0},{"damage":0.0,"enemies":"Champ","floor":33.0,"turns":7.0},{"damage":22.0,"enemies":"3 Shapes","floor":35.0,"turns":2.0},{"damage":4.0,"enemies":"3 Darklings","floor":44.0,"turns":6.0},{"damage":71,"enemies":"Time Eater","floor":50,"turns":11}],"seed_played":"2508665045988390853","potions_obtained":[{"floor":4.0,"key":"SpeedPotion"},{"floor":11.0,"key":"SkillPotion"},{"floor":16.0,"key":"SteroidPotion"},{"floor":20.0,"key":"Weak Potion"},{"floor":27.0,"key":"BlessingOfTheForge"},{"floor":31.0,"key":"DistilledChaos"},{"floor":35.0,"key":"CultistPotion"},{"floor":36.0,"key":"FairyPotion"},{"floor":36.0,"key":"Swift Potion"},{"floor":44.0,"key":"LiquidMemories"}],"is_trial":false,"path_per_floor":["M","M","$","M","?","?","M","E","T","R","M","R","M","M","R","B",null,"M","?","M","$","?","E","R","?","T","M","M","?","R","M","R","B",null,"M","?","T","$","?","R","?","$","T","M","R","$","R","?","R","B"],"character_chosen":"THE_SILENT","items_purchased":["HandDrill","War Paint","PanicButton","Backstab","SteroidPotion"],"campfire_rested":7,"item_purchase_floors":[3,21,42,42,46],"current_hp_per_floor":[62,58,58,58,45,34,30,2,2,20,20,38,38,38,38,7,63,61,61,59,59,59,19,37,21,21,13,13,13,31,31,49,63,70,48,48,48,48,48,69,66,66,66,62,62,62,62,62,62,0,0],"gold":73,"neow_bonus":"TWO_FIFTY_GOLD","is_daily":false,"chose_seed":false,"campfire_upgraded":3,"win_rate":0.0,"timestamp":1609841310,"path_taken":["M","M","$","M","?","?","M","E","T","R","M","R","M","M","R","BOSS","M","?","?","$","?","E","R","?","T","M","M","?","R","M","R","BOSS","M","?","?","$","?","R","?","$","T","M","R","$","R","?","R","BOSS"],"items_purchased_type":["Relic","Relic","Card","Card","Potion"],"build_version":"2020-12-22","purchased_purges":4,"victory":false,"max_hp_per_floor":[63,63,63,63,63,63,63,63,63,63,63,63,63,63,63,63,63,63,63,63,63,63,63,63,63,63,63,63,63,63,63,63,63,70,70,70,70,70,70,70,66,66,66,66,66,66,66,66,66,66,66],"card_choices":[{"not_picked":["Sucker Punch","Well Laid Plans"],"picked":"PiercingWail","floor":1.0},{"not_picked":["Endless Agony","Slice"],"picked":"Deadly Poison","floor":2.0},{"not_picked":["Bullet Time","Heel Hook"],"picked":"Poisoned Stab","floor":4.0},{"not_picked":["Cloak And Dagger","Acrobatics"],"picked":"Predator","floor":7.0},{"not_picked":["Underhanded Strike","Cloak And Dagger"],"picked":"Blade Dance","floor":8.0},{"not_picked":["Backflip","Poisoned Stab"],"picked":"Underhanded Strike","floor":11.0},{"not_picked":["Dodge and Roll","PiercingWail"],"picked":"Underhanded Strike","floor":13.0},{"not_picked":["Outmaneuver","Acrobatics"],"picked":"Predator","floor":14.0},{"not_picked":["Bullet Time","Venomology"],"picked":"Glass Knife","floor":16.0},{"not_picked":["Dagger Throw","Predator"],"picked":"Backstab","floor":18.0},{"not_picked":["Deflect","Prepared+1"],"picked":"Deadly Poison+1","floor":20.0},{"not_picked":["PiercingWail","Flying Knee"],"picked":"Backflip+1","floor":23.0},{"not_picked":["Outmaneuver","Envenom","Flying Knee","Quick Slash"],"picked":"SKIP","floor":27.0},{"not_picked":["Quick Slash","Outmaneuver","Dagger Spray"],"picked":"Crippling Poison","floor":28.0},{"not_picked":["Blade Dance","Deadly Poison","Riddle With Holes"],"picked":"Wraith Form v2","floor":31.0},{"not_picked":["Tools of the Trade","Storm of Steel","Wraith Form v2"],"picked":"Night Terror","floor":33.0},{"not_picked":["Dagger Throw","Bane","Underhanded Strike"],"picked":"Adrenaline","floor":35.0},{"not_picked":["Quick Slash+1","Skewer+1","Predator+1"],"picked":"Calculated Gamble+1","floor":44.0}],"player_experience":128627,"relics_obtained":[{"floor":8.0,"key":"Mercury Hourglass"},{"floor":9.0,"key":"Toy Ornithopter"},{"floor":23.0,"key":"Tiny Chest"},{"floor":25.0,"key":"Enchiridion"},{"floor":26.0,"key":"Question Card"},{"floor":34.0,"key":"Strawberry"},{"floor":34.0,"key":"Gremlin Horn"},{"floor":34.0,"key":"Calipers"},{"floor":37.0,"key":"Anchor"},{"floor":43.0,"key":"Tough Bandages"}],"event_choices":[{"damage_healed":0.0,"max_hp_gain":0.0,"max_hp_loss":0.0,"gold_gain":0.0,"event_name":"Shining Light","player_choice":"Entered Light","floor":5.0,"gold_loss":0.0,"damage_taken":13.0,"cards_upgraded":["Defend_G","Strike_G"]},{"damage_healed":0.0,"max_hp_gain":0.0,"max_hp_loss":0.0,"gold_gain":75.0,"event_name":"World of Goop","player_choice":"Gather Gold","floor":6.0,"gold_loss":0.0,"damage_taken":11.0},{"cards_removed":["Underhanded Strike"],"damage_healed":0.0,"max_hp_gain":0.0,"max_hp_loss":0.0,"gold_gain":0.0,"event_name":"WeMeetAgain","player_choice":"Gave Card","floor":19.0,"gold_loss":0.0,"damage_taken":0.0,"relics_obtained":["Art of War"]},{"damage_healed":0.0,"max_hp_gain":0.0,"max_hp_loss":0.0,"gold_gain":0.0,"event_name":"Vampires","player_choice":"Ignored","floor":22.0,"gold_loss":0.0,"damage_taken":0.0},{"damage_healed":0.0,"max_hp_gain":0.0,"max_hp_loss":0.0,"gold_gain":0.0,"event_name":"Cursed Tome","player_choice":"Obtained Book","floor":25.0,"gold_loss":0.0,"damage_taken":16.0},{"damage_healed":0.0,"max_hp_gain":0.0,"max_hp_loss":0.0,"gold_gain":0.0,"event_name":"The Mausoleum","player_choice":"Opened","floor":29.0,"gold_loss":0.0,"damage_taken":0.0,"relics_obtained":["Juzu Bracelet"]},{"damage_healed":0.0,"max_hp_gain":0.0,"max_hp_loss":0.0,"gold_gain":0.0,"event_name":"Lab","player_choice":"Got Potions","floor":36.0,"gold_loss":0.0,"damage_taken":0.0},{"damage_healed":0.0,"max_hp_gain":0.0,"max_hp_loss":0.0,"gold_gain":0.0,"event_name":"Mysterious Sphere","player_choice":"Ignored","floor":39.0,"gold_loss":0.0,"damage_taken":0.0},{"damage_healed":0.0,"max_hp_gain":0.0,"max_hp_loss":4.0,"gold_gain":0.0,"event_name":"Winding Halls","player_choice":"Max HP","floor":41.0,"gold_loss":0.0,"damage_taken":0.0},{"damage_healed":0.0,"max_hp_gain":0.0,"max_hp_loss":0.0,"gold_gain":0.0,"event_name":"MindBloom","player_choice":"Upgrade","floor":48.0,"gold_loss":0.0,"damage_taken":0.0,"cards_upgraded":["Survivor","Neutralize","Deadly Poison","Poisoned Stab","Blade Dance","Underhanded Strike","Predator","Glass Knife","Dash","Expertise","Bouncing Flask","After Image","Heel Hook","Storm of Steel","Backstab","Crippling Poison","Adrenaline","PanicButton","Backstab"],"relics_obtained":["Mark of the Bloom"]}],"is_beta":false,"boss_relics":[{"not_picked":["Ectoplasm","Coffee Dripper"],"picked":"Pandora\u0027s Box"},{"not_picked":["Sozu","Black Star"],"picked":"Calling Bell"}],"items_purged_floors":[3,21,38,42],"is_endless":false,"potions_floor_spawned":[4,11,16,20,27,31,35,44],"killed_by":"Time Eater","ascension_level":1}}