{"host":"dmdprxj8bosbz96f","time":1609888934,"event":{"mods":["AchievementEnabler","BaseMod","Colored Map","DeckTracker","Minty Spire (QoL Compilation)","Quick Restart","SuperFastMode","everything is the same but u backflip on backflip"],"gold_per_floor":[117,117,130,10,28,55,55,4,4,18,38,62,62,97,97,97,97],"floor_reached":16,"playtime":462,"items_purged":[],"score":127,"play_id":"ccaa0df5-e55e-42b2-80f0-e225741505ad","local_time":"20210106082214","is_ascension_mode":true,"campfire_choices":[{"floor":15.0,"key":"REST"}],"circlet_count":0,"master_deck":["Strike_R","Strike_R","Strike_R","Strike_R","Strike_R+1","Defend_R","Defend_R","Defend_R","Defend_R","Bash","CurseOfTheBell","Shrug It Off","Rage","Armaments","Good Instincts","Headbutt","Parasite","Pommel Strike","Intimidate","Headbutt+1","Flex"],"relics":["Calling Bell","Nunchaku","InkBottle","Torii","Letter Opener","Mummified Hand","Whetstone","Golden Idol","Matryoshka"],"acts_visited":["Exordium"],"potions_floor_usage":[],"damage_taken":[{"damage":0.0,"enemies":"Small Slimes","floor":1.0,"turns":3.0},{"damage":1.0,"enemies":"Cultist","floor":3.0,"turns":4.0},{"damage":2.0,"enemies":"2 Louse","floor":5.0,"turns":5.0},{"damage":32.0,"enemies":"3 Sentries","floor":6.0,"turns":12.0},{"damage":1.0,"enemies":"Blue Slaver","floor":10.0,"turns":4.0},{"damage":7.0,"enemies":"3 Louse","floor":11.0,"turns":3.0},{"damage":40.0,"enemies":"Lagavulin","floor":14.0,"turns":8.0},{"damage":0,"enemies":"The Guardian","floor":16,"turns":1}],"seed_played":"4870191648572462197","potions_obtained":[{"floor":1.0,"key":"SteroidPotion"},{"floor":2.0,"key":"FairyPotion"},{"floor":2.0,"key":"ColorlessPotion"},{"floor":2.0,"key":"LiquidBronze"}],"is_trial":false,"path_per_floor":["M","?","M","$","M","E","?","$","T","M","M","T","?","E","R","B"],"character_chosen":"IRONCLAD","items_purchased":["Armaments","Good Instincts","Pommel Strike"],"campfire_rested":1,"item_purchase_floors":[4,4,8],"current_hp_per_floor":[80,80,79,79,77,45,65,65,65,64,57,57,57,17,39,39,39],"gold":97,"neow_bonus":"BOSS_RELIC","is_daily":false,"chose_seed":false,"campfire_upgraded":0,"win_rate":0.0,"timestamp":1609888934,"path_taken":["M","?","?","?","M","E","?","$","T","M","M","?","?","E","R","BOSS"],"items_purchased_type":["Card","Card","Card"],"build_version":"2020-12-22","purchased_purges":0,"victory":false,"max_hp_per_floor":[80,80,80,80,80,80,80,80,80,80,80,80,74,74,74,74,74],"card_choices":[{"not_picked":["Rupture","Flex"],"picked":"Shrug It Off","floor":1.0},{"not_picked":["Body Slam","Carnage"],"picked":"Rage","floor":3.0},{"not_picked":["Body Slam","True Grit"],"picked":"Headbutt","floor":5.0},{"not_picked":["Dropkick","Searing Blow","Feed"],"picked":"SKIP","floor":6.0},{"not_picked":["Cleave","Wild Strike"],"picked":"Intimidate","floor":10.0},{"not_picked":["Cleave","Sword Boomerang"],"picked":"Headbutt","floor":11.0},{"not_picked":["Juggernaut","Clash"],"picked":"Flex","floor":14.0}],"player_experience":148011,"relics_obtained":[{"floor":0.0,"key":"Nunchaku"},{"floor":0.0,"key":"InkBottle"},{"floor":0.0,"key":"Torii"},{"floor":6.0,"key":"Letter Opener"},{"floor":9.0,"key":"Mummified Hand"},{"floor":12.0,"key":"Whetstone"},{"floor":14.0,"key":"Matryoshka"}],"event_choices":[{"damage_healed":0.0,"max_hp_gain":0.0,"max_hp_loss":0.0,"gold_gain":0.0,"event_name":"Lab","player_choice":"Got Potions","floor":2.0,"gold_loss":0.0,"damage_taken":0.0},{"damage_healed":20.0,"max_hp_gain":0.0,"max_hp_loss":0.0,"gold_gain":0.0,"event_name":"Mushrooms","player_choice":"Healed and dodged fight","floor":7.0,"gold_loss":0.0,"damage_taken":0.0,"cards_obtained":["Parasite"]},{"damage_healed":0.0,"max_hp_gain":0.0,"max_hp_loss":6.0,"gold_gain":0.0,"event_name":"Golden Idol","player_choice":"Lose Max HP","floor":13.0,"gold_loss":0.0,"damage_taken":0.0,"relics_obtained":["Golden Idol"]}],"is_beta":false,"boss_relics":[],"items_purged_floors":[],"is_endless":false,"potions_floor_spawned":[1,3],"killed_by":"The Guardian","ascension_level":3}}