{"host":"l60rmjjsfi0fipmi","time":1609810168,"event":{"mods":["BaseMod","Colored Map","DeckTracker","Highlight Path","Minty Spire (QoL Compilation)"],"gold_per_floor":[119,136,86,86,86,86,104,104,186,186,186,205,230,263,275,406,418,453,479,97,118,118,118,134,74,100,125,125,125,125,163,163,286,286,309,19,32,51,76,76,120,120,147,170,170,193,216,216,216,216],"floor_reached":51,"playtime":3139,"items_purged":["Strike_R","Strike_R"],"score":772,"play_id":"89719ba7-364d-4137-991e-09ce99c95527","local_time":"20210104202928","is_ascension_mode":false,"campfire_choices":[{"data":"Sentinel","floor":6,"key":"SMITH"},{"data":"Immolate","floor":8,"key":"SMITH"},{"data":"Inflame","floor":15,"key":"SMITH"},{"floor":23,"key":"REST"},{"floor":28,"key":"REST"},{"floor":30,"key":"REST"},{"floor":32,"key":"REST"},{"data":"Metallicize","floor":40,"key":"SMITH"},{"floor":42,"key":"REST"},{"floor":49,"key":"REST"}],"circlet_count":0,"master_deck":["Strike_R+1","Strike_R","Defend_R","Defend_R+1","Defend_R","Defend_R","Bash+1","Anger+1","Immolate+1","Pommel Strike","Inflame+1","Dropkick","Demon Form","Seeing Red+1","Shrug It Off+1","Uppercut+1","Infernal Blade","Headbutt","Sentinel+1","Metallicize+1","Spot Weakness","Disarm+1","Feed","Ghostly Armor+1","Rage","Mind Blast","Heavy Blade"],"relics":["Burning Blood","The Courier","Golden Idol","Odd Mushroom","MawBank","Philosopher\u0027s Stone","Orrery","Paper Frog","MealTicket","White Beast Statue","Runic Cube","Meat on the Bone","Pen Nib","Orichalcum"],"acts_visited":["Exordium","TheCity","TheBeyond"],"potions_floor_usage":[16,33,41,41,50,50],"damage_taken":[{"damage":8,"enemies":"2 Louse","floor":1,"turns":3},{"damage":2,"enemies":"Jaw Worm","floor":2,"turns":4},{"damage":0,"enemies":"Small Slimes","floor":7,"turns":3},{"damage":0,"enemies":"Exordium Wildlife","floor":12,"turns":2},{"damage":7,"enemies":"The Mushroom Lair","floor":13,"turns":2},{"damage":27,"enemies":"3 Sentries","floor":14,"turns":8},{"damage":49,"enemies":"The Guardian","floor":16,"turns":14},{"damage":9,"enemies":"Chosen","floor":18,"turns":5},{"damage":16,"enemies":"Spheric Guardian","floor":19,"turns":4},{"damage":38,"enemies":"Centurion and Healer","floor":21,"turns":7},{"damage":18,"enemies":"Snake Plant","floor":24,"turns":4},{"damage":15,"enemies":"3 Cultists","floor":27,"turns":6},{"damage":39,"enemies":"Slavers","floor":31,"turns":5},{"damage":14,"enemies":"Champ","floor":33,"turns":9},{"damage":21,"enemies":"3 Darklings","floor":35,"turns":6},{"damage":8,"enemies":"Orb Walker","floor":37,"turns":4},{"damage":45,"enemies":"Maw","floor":38,"turns":8},{"damage":22,"enemies":"Jaw Worm Horde","floor":39,"turns":5},{"damage":28,"enemies":"Nemesis","floor":41,"turns":9},{"damage":28,"enemies":"3 Darklings","floor":44,"turns":5},{"damage":50,"enemies":"Spire Growth","floor":46,"turns":6},{"damage":20,"enemies":"Jaw Worm Horde","floor":47,"turns":4},{"damage":23,"enemies":"Time Eater","floor":50,"turns":9}],"seed_played":"5646045071493987924","potions_obtained":[{"floor":1,"key":"Weak Potion"},{"floor":13,"key":"FairyPotion"},{"floor":18,"key":"EssenceOfSteel"},{"floor":19,"key":"Ancient Potion"},{"floor":31,"key":"PowerPotion"},{"floor":33,"key":"LiquidBronze"},{"floor":35,"key":"BlessingOfTheForge"},{"floor":41,"key":"Explosive Potion"},{"floor":44,"key":"BlessingOfTheForge"},{"floor":46,"key":"Block Potion"}],"is_trial":false,"path_per_floor":["M","M","?","?","?","R","M","R","T","?","?","M","?","E","R","B",null,"M","M","$","M","?","R","M","$","T","M","R","?","R","E","R","B",null,"M","$","M","M","M","R","E","R","T","M","?","M","M","?","R","B",null],"character_chosen":"IRONCLAD","items_purchased":["Orrery","Metallicize","Paper Frog","Meat on the Bone"],"campfire_rested":6,"item_purchase_floors":[20,20,20,36],"current_hp_per_floor":[78,80,80,64,64,64,70,70,70,70,70,74,73,52,52,9,74,71,61,61,29,29,51,39,39,39,30,52,45,67,34,56,48,74,59,74,72,45,41,41,31,53,53,43,43,35,33,33,55,50],"gold":216,"neow_bonus":"UPGRADE_CARD","is_daily":false,"chose_seed":false,"campfire_upgraded":4,"win_rate":0.0,"timestamp":1609810168,"path_taken":["M","M","?","?","?","R","?","R","T","?","?","M","?","E","R","BOSS","M","M","$","M","?","R","M","$","T","?","R","?","R","E","R","BOSS","M","$","?","M","M","R","E","R","T","M","?","M","M","?","R","BOSS"],"items_purchased_type":["Relic","Card","Relic","Relic"],"build_version":"2020-12-22","purchased_purges":2,"victory":true,"max_hp_per_floor":[80,80,80,80,80,80,80,80,80,74,74,74,74,74,74,74,74,74,74,74,74,74,74,74,74,74,74,74,74,74,74,74,74,74,74,74,74,74,74,74,74,74,74,74,74,74,74,74,74,74],"card_choices":[{"not_picked":["Evolve","Headbutt"],"picked":"Anger","floor":1},{"not_picked":["Iron Wave","Dark Embrace"],"picked":"Sentinel","floor":2},{"not_picked":["Shrug It Off","Cleave"],"picked":"Immolate","floor":7},{"not_picked":["Sword Boomerang","Flex"],"picked":"Pommel Strike","floor":12},{"not_picked":["Body Slam","Perfected Strike"],"picked":"Inflame","floor":13},{"not_picked":["Entrench","Flex"],"picked":"Dropkick","floor":14},{"not_picked":["Brutality","Barricade"],"picked":"Demon Form","floor":16},{"not_picked":["Rupture","Wild Strike+1"],"picked":"Seeing Red+1","floor":18},{"not_picked":["Bloodletting+1","Clash"],"picked":"Shrug It Off+1","floor":19},{"not_picked":["Clash","Warcry"],"picked":"Uppercut+1","floor":20},{"not_picked":["Flex","Bloodletting"],"picked":"Infernal Blade","floor":20},{"not_picked":["Dropkick","Reaper"],"picked":"Headbutt","floor":20},{"not_picked":["Cleave+1","Wild Strike"],"picked":"Sentinel+1","floor":20},{"not_picked":["Headbutt+1","Fire Breathing","Dual Wield+1"],"picked":"SKIP","floor":21},{"not_picked":["Uppercut","Perfected Strike"],"picked":"Spot Weakness","floor":24},{"not_picked":["Clash","Headbutt","Corruption"],"picked":"SKIP","floor":27},{"not_picked":["Intimidate","Twin Strike"],"picked":"Disarm+1","floor":31},{"not_picked":["Offering","Berserk"],"picked":"Feed","floor":33},{"not_picked":["Heavy Blade","Thunderclap","Cleave"],"picked":"SKIP","floor":35},{"not_picked":["Havoc+1","Twin Strike+1"],"picked":"Ghostly Armor+1","floor":37},{"not_picked":["Spot Weakness","Second Wind","Havoc"],"picked":"SKIP","floor":38},{"not_picked":["Heavy Blade+1","Anger"],"picked":"Rage","floor":39},{"not_picked":["Clash","Intimidate+1","Bloodletting+1"],"picked":"SKIP","floor":41},{"not_picked":["Perfected Strike","Flex+1","Intimidate+1"],"picked":"SKIP","floor":44},{"not_picked":["HandOfGreed","Flash of Steel"],"picked":"Mind Blast","floor":45},{"not_picked":["Intimidate","Thunderclap"],"picked":"Heavy Blade","floor":46},{"not_picked":["Reckless Charge","Pommel Strike+1","Seeing Red+1"],"picked":"SKIP","floor":47}],"player_experience":233019,"relics_obtained":[{"floor":9,"key":"The Courier"},{"floor":13,"key":"Odd Mushroom"},{"floor":14,"key":"MawBank"},{"floor":26,"key":"MealTicket"},{"floor":31,"key":"White Beast Statue"},{"floor":41,"key":"Pen Nib"},{"floor":43,"key":"Orichalcum"}],"event_choices":[{"cards_removed":["Strike_R"],"damage_healed":0,"gold_gain":0,"player_choice":"Card Removal","damage_taken":0,"max_hp_gain":0,"max_hp_loss":0,"event_name":"The Cleric","floor":3,"gold_loss":50},{"damage_healed":0,"gold_gain":0,"player_choice":"Entered Light","damage_taken":16,"max_hp_gain":0,"max_hp_loss":0,"event_name":"Shining Light","floor":4,"gold_loss":0,"cards_upgraded":["Strike_R","Defend_R"]},{"damage_healed":0,"gold_gain":0,"player_choice":"Ignored","damage_taken":0,"max_hp_gain":0,"max_hp_loss":0,"event_name":"Liars Game","floor":5,"gold_loss":0},{"damage_healed":0,"gold_gain":0,"player_choice":"Lose Max HP","damage_taken":0,"relics_obtained":["Golden Idol"],"max_hp_gain":0,"max_hp_loss":6,"event_name":"Golden Idol","floor":10,"gold_loss":0},{"damage_healed":0,"gold_gain":0,"player_choice":"Grow","damage_taken":0,"max_hp_gain":0,"max_hp_loss":0,"event_name":"Living Wall","floor":11,"gold_loss":0,"cards_upgraded":["Anger"]},{"damage_healed":0,"gold_gain":0,"player_choice":"Fought Mushrooms","damage_taken":0,"max_hp_gain":0,"max_hp_loss":0,"event_name":"Mushrooms","floor":13,"gold_loss":0},{"damage_healed":0,"gold_gain":0,"player_choice":"Bought 0 Potions","damage_taken":0,"max_hp_gain":0,"max_hp_loss":0,"event_name":"The Woman in Blue","floor":22,"gold_loss":0},{"damage_healed":0,"gold_gain":0,"player_choice":"Damaged","damage_taken":7,"max_hp_gain":0,"max_hp_loss":0,"event_name":"Wheel of Change","floor":29,"gold_loss":0},{"damage_healed":0,"gold_gain":0,"player_choice":"Memory 1","damage_taken":0,"max_hp_gain":0,"max_hp_loss":0,"event_name":"SensoryStone","floor":45,"gold_loss":0},{"cards_removed":["Sentinel"],"damage_healed":0,"gold_gain":0,"player_choice":"Removed Skill","damage_taken":0,"max_hp_gain":0,"max_hp_loss":0,"event_name":"Falling","floor":48,"gold_loss":0}],"is_beta":false,"boss_relics":[{"not_picked":["Ectoplasm","Coffee Dripper"],"picked":"Philosopher\u0027s Stone"},{"not_picked":["Cursed Key","Calling Bell"],"picked":"Runic Cube"}],"items_purged_floors":[25,36],"is_endless":false,"potions_floor_spawned":[1,13,18,19,27,31,33,35,37,38,39,41,44,46,47],"ascension_level":0}}