{"host":"rolltorest","time":1609832864,"event":{"mods":["BaseMod","Minty Spire (QoL Compilation)","Relic Stats","Slay the Relics Exporter","StSLib","The Servant 0.9.4"],"gold_per_floor":[119,119,130,149,74,74,86,120,144,144,174,174,209,221,221,298,298,313,313,2,21,21,50,62,109,121,133,145,157,181,193,205,217,217],"floor_reached":33,"playtime":885,"items_purged":["Strike_S","Strike_S"],"score":652,"play_id":"c7809d4e-6856-4c96-b922-25bff051516a","local_time":"20210104234744","is_ascension_mode":true,"campfire_choices":[{"data":"DoubleEdge","floor":6,"key":"SMITH"},{"floor":10,"key":"REST"},{"data":"Gouge","floor":15,"key":"SMITH"},{"floor":24,"key":"REST"},{"floor":27,"key":"REST"},{"data":"MurderousAura","floor":32,"key":"SMITH"}],"circlet_count":0,"master_deck":["AscendersBane","Strike_S","Defend_S","Defend_S","Defend_S","Defend_S","KidneyShot","Exchange","Finesse","Moonlight","DoubleEdge+1","Starlight","InstantArmor","TimeWarp","Gouge+1","Defy","Spin","Advance","MurderousAura+1","Alleviate","FlawlessForm","DoubleEdge","ShatteredReality+1","Alleviate","Decay","Barrier+1","Writhe"],"relics":["Uniform","Toy Ornithopter","Akabeko","Tiny Chest","Darkstone Periapt","SlaversCollar","Art of War","Membership Card","MawBank","Smiling Mask","Bottled Lightning","PreservedInsect","Juzu Bracelet"],"acts_visited":["Exordium","TheCity"],"potions_floor_usage":[7,16,33],"damage_taken":[{"damage":6,"enemies":"Small Slimes","floor":1,"turns":4},{"damage":1,"enemies":"2 Louse","floor":3,"turns":3},{"damage":0,"enemies":"Cultist","floor":4,"turns":2},{"damage":13,"enemies":"Exordium Wildlife","floor":7,"turns":3},{"damage":19,"enemies":"Lagavulin","floor":8,"turns":5},{"damage":0,"enemies":"Gremlin Nob","floor":11,"turns":2},{"damage":7,"enemies":"3 Sentries","floor":13,"turns":7},{"damage":0,"enemies":"Exordium Thugs","floor":14,"turns":2},{"damage":10,"enemies":"Hexaghost","floor":16,"turns":8},{"damage":0,"enemies":"Chosen","floor":18,"turns":3},{"damage":9,"enemies":"2 Thieves","floor":21,"turns":4},{"damage":19,"enemies":"Gremlin Leader","floor":23,"turns":6},{"damage":24,"enemies":"Book of Stabbing","floor":25,"turns":5},{"damage":12,"enemies":"Cultist and Chosen","floor":30,"turns":6},{"damage":24,"enemies":"Automaton","floor":33,"turns":8}],"seed_played":"-7476643920693067977","potions_obtained":[{"floor":3,"key":"GamblersBrew"},{"floor":4,"key":"Energy Potion"},{"floor":14,"key":"Weak Potion"},{"floor":16,"key":"SteroidPotion"},{"floor":23,"key":"Weak Potion"}],"is_trial":false,"path_per_floor":["M","?","M","M","$","R","M","E","T","R","E","?","E","M","R","B",null,"M","?","$","M","$","E","R","E","T","R","T","?","M","?","R","B"],"character_chosen":"THE_SERVANT","items_purchased":["Membership Card","FlawlessForm"],"campfire_rested":3,"item_purchase_floors":[20,20],"current_hp_per_floor":[48,41,40,40,40,40,27,8,8,26,26,26,19,19,19,14,49,49,49,49,40,40,21,39,15,15,33,33,39,27,33,33,14,14],"gold":217,"neow_bonus":"RANDOM_COLORLESS","is_daily":false,"chose_seed":false,"campfire_upgraded":3,"win_rate":0.0,"timestamp":1609832864,"path_taken":["M","?","M","M","$","R","M","E","T","R","E","?","E","?","R","BOSS","M","?","$","M","$","E","R","E","T","R","?","?","M","?","R","BOSS"],"items_purchased_type":["Relic","Card"],"build_version":"2020-12-18","purchased_purges":2,"victory":false,"max_hp_per_floor":[60,60,60,60,60,60,60,60,60,60,60,60,60,60,60,60,60,60,60,60,60,60,60,60,60,60,60,60,66,66,72,72,72,72],"relic_stats":{"Darkstone Periapt":12,"counters":[15,68],"Tiny Chest":1,"PreservedInsect":0,"Art of War":[5],"Juzu Bracelet":0,"MawBank":120,"Smiling Mask":0,"obtain_stats":[{"Darkstone Periapt":13,"PreservedInsect":28,"Uniform":0,"Juzu Bracelet":31,"MawBank":23,"Smiling Mask":25,"Akabeko":9,"SlaversCollar":17,"Tiny Chest":11,"Art of War":19,"Membership Card":20,"Bottled Lightning":26,"Toy Ornithopter":8},{"Darkstone Periapt":7,"PreservedInsect":13,"Uniform":0,"Juzu Bracelet":14,"MawBank":12,"Smiling Mask":13,"Akabeko":5,"SlaversCollar":9,"Tiny Chest":6,"Art of War":10,"Membership Card":10,"Bottled Lightning":13,"Toy Ornithopter":5},{"Darkstone Periapt":26,"PreservedInsect":54,"Uniform":0,"Juzu Bracelet":60,"MawBank":49,"Smiling Mask":54,"Akabeko":17,"SlaversCollar":36,"Tiny Chest":19,"Art of War":39,"Membership Card":39,"Bottled Lightning":54,"Toy Ornithopter":17}],"Toy Ornithopter":10},"card_choices":[{"not_picked":["Forethought","PanicButton"],"picked":"Finesse","floor":0},{"not_picked":["Rewind","WasteNot"],"picked":"Moonlight","floor":1},{"not_picked":["Rearm","Advance"],"picked":"DoubleEdge","floor":3},{"not_picked":["SpecialFormula","BottledTime"],"picked":"Starlight","floor":4},{"not_picked":["Deadline","ShatteredReality"],"picked":"InstantArmor","floor":7},{"not_picked":["FastForward","ShatteredReality"],"picked":"TimeWarp","floor":8},{"not_picked":["Replace","ReturningBlade"],"picked":"Gouge","floor":11},{"not_picked":["BestPractice","Reset"],"picked":"Spin","floor":13},{"not_picked":["Shuttle","Replace"],"picked":"Advance","floor":14},{"not_picked":["Duplication","Initiator"],"picked":"MurderousAura","floor":16},{"not_picked":["Spin","ShatteredReality"],"picked":"Alleviate","floor":18},{"not_picked":["Defy","Collapse"],"picked":"DoubleEdge","floor":21},{"not_picked":["FastForward+1","DoubleEdge"],"picked":"ShatteredReality+1","floor":23},{"not_picked":["TrueSight","Spin"],"picked":"Alleviate","floor":25},{"not_picked":["BottledTime","TimeWarp"],"picked":"Barrier+1","floor":30}],"player_experience":1917890,"relics_obtained":[{"floor":8,"key":"Toy Ornithopter"},{"floor":9,"key":"Akabeko"},{"floor":11,"key":"Tiny Chest"},{"floor":13,"key":"Darkstone Periapt"},{"floor":23,"key":"MawBank"},{"floor":25,"key":"Smiling Mask"},{"floor":26,"key":"Bottled Lightning"},{"floor":28,"key":"PreservedInsect"}],"event_choices":[{"cards_removed":["Strike_S"],"damage_healed":0,"gold_gain":0,"player_choice":"Card Removal","damage_taken":7,"max_hp_gain":0,"max_hp_loss":0,"event_name":"Golden Wing","floor":2,"gold_loss":0},{"damage_healed":0,"gold_gain":0,"player_choice":"1 cards matched","damage_taken":0,"max_hp_gain":0,"max_hp_loss":0,"event_name":"Match and Keep!","floor":12,"gold_loss":0,"cards_obtained":["Defy"]},{"damage_healed":0,"gold_gain":0,"player_choice":"Gave Potion","damage_taken":0,"relics_obtained":["Art of War"],"max_hp_gain":0,"max_hp_loss":0,"event_name":"WeMeetAgain","floor":19,"gold_loss":0},{"damage_healed":0,"gold_gain":0,"player_choice":"Smashed Altar","damage_taken":0,"max_hp_gain":0,"max_hp_loss":0,"event_name":"Forgotten Altar","floor":29,"gold_loss":0,"cards_obtained":["Decay"]},{"damage_healed":0,"gold_gain":0,"player_choice":"Opened","damage_taken":0,"relics_obtained":["Juzu Bracelet"],"max_hp_gain":0,"max_hp_loss":0,"event_name":"The Mausoleum","floor":31,"gold_loss":0,"cards_obtained":["Writhe"]}],"is_beta":true,"boss_relics":[{"not_picked":["Runic Dome","Calling Bell"],"picked":"SlaversCollar"}],"items_purged_floors":[5,20],"is_endless":false,"potions_floor_spawned":[3,4,14,16,23,25],"killed_by":"Automaton","ascension_level":20}}