{"host":"ewfe3cr33ktd9xzj","time":1609873193,"event":{"mods":["AchievementEnabler","BaseMod","Colored Map","Custom Start","DeckTracker","Minty Spire (QoL Compilation)","Permanent Neow","Rare Cards Sparkle","StSLib","everything is the same but u backflip on backflip"],"gold_per_floor":[109,120,45,56,56,97,111,111,134,159,194,194,194,194,194],"floor_reached":14,"playtime":424,"items_purged":["Clumsy"],"score":250,"play_id":"422c766c-7c86-4ca2-803c-cf781c4afc39","local_time":"20210106035953","is_ascension_mode":true,"campfire_choices":[{"floor":13,"key":"REST"}],"circlet_count":0,"master_deck":["AscendersBane","Strike_P","Strike_P","Strike_P","Strike_P","Defend_P","Defend_P","Defend_P","Defend_P+1","Eruption","Vigilance","Vault","FlurryOfBlows","PathToVictory+1","JustLucky","Evaluate"],"relics":["PureWater","Golden Idol","Oddly Smooth Stone","Omamori","Art of War"],"acts_visited":["Exordium"],"potions_floor_usage":[11,11],"damage_taken":[{"damage":2.0,"enemies":"Jaw Worm","floor":1.0,"turns":3.0},{"damage":2.0,"enemies":"2 Louse","floor":2.0,"turns":5.0},{"damage":0.0,"enemies":"Cultist","floor":4.0,"turns":3.0},{"damage":16.0,"enemies":"Gremlin Nob","floor":6.0,"turns":4.0},{"damage":19.0,"enemies":"Lots of Slimes","floor":7.0,"turns":5.0},{"damage":8.0,"enemies":"Red Slaver","floor":10.0,"turns":4.0},{"damage":0,"enemies":"Lagavulin","floor":11,"turns":2},{"damage":12,"enemies":"Gremlin Nob","floor":14,"turns":4}],"seed_played":"6903275586688811115","potions_obtained":[{"floor":6.0,"key":"SneckoOil"},{"floor":7.0,"key":"ColorlessPotion"}],"is_trial":false,"path_per_floor":["M","M","$","M","?","E","M","?","T","M","E","?","R","E"],"character_chosen":"WATCHER","items_purchased":[],"campfire_rested":1,"item_purchase_floors":[],"current_hp_per_floor":[59,57,57,57,57,41,22,42,42,34,34,15,33,21,21],"gold":194,"neow_bonus":"THREE_RARE_CARDS","is_daily":false,"chose_seed":false,"campfire_upgraded":0,"win_rate":0.0,"timestamp":1609873193,"path_taken":["M","M","$","M","?","E","M","?","T","M","E","?","R","E"],"items_purchased_type":[],"build_version":"2020-12-22","purchased_purges":1,"victory":false,"max_hp_per_floor":[68,68,68,68,62,62,62,62,62,62,62,62,62,62,62],"card_choices":[{"not_picked":["Judgement","ConjureBlade"],"picked":"Vault","floor":0.0},{"not_picked":["ThirdEye","Swivel"],"picked":"FlurryOfBlows","floor":1.0},{"not_picked":["SandsOfTime","Pray"],"picked":"PathToVictory","floor":2.0},{"not_picked":["Protect","Consecrate","Conclude"],"picked":"SKIP","floor":4.0},{"not_picked":["Swivel","Wireheading"],"picked":"JustLucky","floor":6.0},{"not_picked":["SandsOfTime","Consecrate"],"picked":"Evaluate","floor":7.0},{"not_picked":["Wallop","Establishment","Crescendo"],"picked":"SKIP","floor":10},{"not_picked":["Consecrate","Crescendo","BowlingBash"],"picked":"SKIP","floor":11}],"player_experience":28848,"relics_obtained":[{"floor":6.0,"key":"Oddly Smooth Stone"},{"floor":9.0,"key":"Omamori"},{"floor":11,"key":"Art of War"}],"event_choices":[{"damage_healed":0.0,"max_hp_gain":0.0,"max_hp_loss":6.0,"gold_gain":0.0,"event_name":"Golden Idol","player_choice":"Lose Max HP","floor":5.0,"gold_loss":0.0,"damage_taken":0.0,"relics_obtained":["Golden Idol"]},{"damage_healed":20.0,"max_hp_gain":0.0,"max_hp_loss":0.0,"gold_gain":0.0,"event_name":"Big Fish","player_choice":"Banana","floor":8.0,"gold_loss":0.0,"damage_taken":0.0},{"damage_healed":0,"gold_gain":0,"player_choice":"Entered Light","damage_taken":19,"max_hp_gain":0,"max_hp_loss":0,"event_name":"Shining Light","floor":12,"gold_loss":0,"cards_upgraded":["Defend_P","PathToVictory"]}],"is_beta":false,"boss_relics":[],"items_purged_floors":[3],"is_endless":false,"potions_floor_spawned":[6,7],"killed_by":"Gremlin Nob","ascension_level":20}}