{"host":"oiai0qxasotny765","time":1609837642,"event":{"mods":["2.2 Compatiblity","AchievementEnabler","BaseMod","Colored Map","Minty Spire (QoL Compilation)","Permanent Neow","Relic Stats","StSLib","SuperFastMode","everything is the same but u backflip on backflip"],"gold_per_floor":[113,132,152,170,245,245,264,264,264,276,276,289,307,307,307,381,381,401,401,148,158,172,172,172,172],"floor_reached":24,"playtime":819,"items_purged":[],"score":346,"play_id":"9c6250a3-a559-4038-a79e-d2bae7225293","local_time":"20210105180722","is_ascension_mode":true,"campfire_choices":[{"data":"Second Wind","floor":6,"key":"SMITH"},{"data":"Bash","floor":8,"key":"SMITH"},{"data":"Warcry","floor":11,"key":"SMITH"},{"data":"Disarm","floor":15,"key":"SMITH"},{"floor":23,"key":"REST"}],"circlet_count":0,"master_deck":["AscendersBane","Strike_R","Strike_R","Defend_R","Defend_R+1","Defend_R+1","Bash+1","Second Wind+1","Disarm+1","Blood for Blood+1","Warcry+1","Fire Breathing","Spot Weakness+1","Headbutt+1","Dual Wield+1","Shrug It Off","Twin Strike","Combust","Rupture","Immolate"],"relics":["Burning Blood","Pocketwatch","War Paint","Astrolabe","Orrery"],"acts_visited":["Exordium","TheCity"],"potions_floor_usage":[7,16,24],"damage_taken":[{"damage":5,"enemies":"2 Louse","floor":1,"turns":3},{"damage":12,"enemies":"Small Slimes","floor":2,"turns":6},{"damage":11,"enemies":"Cultist","floor":3,"turns":4},{"damage":20,"enemies":"Large Slime","floor":4,"turns":8},{"damage":4,"enemies":"Red Slaver","floor":7,"turns":6},{"damage":1,"enemies":"Blue Slaver","floor":10,"turns":6},{"damage":0,"enemies":"2 Fungi Beasts","floor":12,"turns":5},{"damage":17,"enemies":"Exordium Thugs","floor":13,"turns":6},{"damage":9,"enemies":"Hexaghost","floor":16,"turns":12},{"damage":32,"enemies":"Spheric Guardian","floor":18,"turns":6},{"damage":21,"enemies":"Shell Parasite","floor":21,"turns":6},{"damage":10,"enemies":"Centurion and Healer","floor":22,"turns":5},{"damage":15,"enemies":"Slavers","floor":24,"turns":3}],"seed_played":"4810705148726440424","potions_obtained":[{"floor":1,"key":"Weak Potion"},{"floor":3,"key":"Block Potion"},{"floor":16,"key":"Swift Potion"},{"floor":21,"key":"Weak Potion"}],"is_trial":false,"path_per_floor":["M","M","M","M","?","R","M","R","T","M","R","M","M","?","R","B",null,"M","?","$","M","M","R","E"],"character_chosen":"IRONCLAD","items_purchased":["Orrery","Combust"],"campfire_rested":1,"item_purchase_floors":[20,20],"current_hp_per_floor":[51,45,40,26,15,15,17,17,17,22,22,28,17,10,10,7,58,32,32,32,17,13,35,20,20],"gold":172,"neow_bonus":"ONE_RARE_RELIC","is_daily":false,"chose_seed":false,"campfire_upgraded":4,"win_rate":0.0,"timestamp":1609837642,"path_taken":["M","M","M","M","?","R","M","R","T","M","R","M","M","?","R","BOSS","M","?","$","M","M","R","E"],"items_purchased_type":["Relic","Card"],"build_version":"2020-12-22","purchased_purges":0,"victory":false,"max_hp_per_floor":[75,75,75,75,75,75,75,75,75,75,75,75,75,75,75,75,75,75,75,75,75,75,75,75,75],"relic_stats":{"counters":[13,76],"Astrolabe":["Spot Weakness","Headbutt","Dual Wield"],"War Paint":["Defend_R","Defend_R"],"obtain_stats":[{"Astrolabe":17,"Orrery":20,"War Paint":9,"Burning Blood":0,"Pocketwatch":0},{"Astrolabe":9,"Orrery":10,"War Paint":5,"Burning Blood":0,"Pocketwatch":0},{"Astrolabe":56,"Orrery":62,"War Paint":27,"Burning Blood":0,"Pocketwatch":0}],"Burning Blood":72,"Pocketwatch":[168]},"card_choices":[{"not_picked":["Havoc","Evolve"],"picked":"Second Wind","floor":1},{"not_picked":["Perfected Strike","True Grit","Anger"],"picked":"SKIP","floor":2},{"not_picked":["Flex","Headbutt"],"picked":"Disarm","floor":3},{"not_picked":["Sword Boomerang","Iron Wave","Rage"],"picked":"SKIP","floor":4},{"not_picked":["True Grit","Anger"],"picked":"Blood for Blood","floor":7},{"not_picked":["True Grit","Clothesline"],"picked":"Warcry","floor":10},{"not_picked":["True Grit","Shrug It Off"],"picked":"Fire Breathing","floor":12},{"not_picked":["Sever Soul","Corruption","Perfected Strike"],"picked":"SKIP","floor":13},{"not_picked":["Body Slam","Iron Wave","Bloodletting"],"picked":"SKIP","floor":18},{"not_picked":["Clash+1","Warcry"],"picked":"Shrug It Off","floor":20},{"not_picked":["Disarm","Armaments"],"picked":"Twin Strike","floor":20},{"not_picked":["Uppercut","Perfected Strike"],"picked":"Rupture","floor":21},{"not_picked":["Perfected Strike","Infernal Blade"],"picked":"Immolate","floor":22}],"player_experience":307653,"relics_obtained":[{"floor":9,"key":"War Paint"}],"event_choices":[{"damage_healed":0,"gold_gain":75,"player_choice":"Gather Gold","damage_taken":11,"max_hp_gain":0,"max_hp_loss":0,"event_name":"World of Goop","floor":5,"gold_loss":0},{"cards_removed":["Strike_R"],"damage_healed":0,"gold_gain":0,"player_choice":"Card Removal","damage_taken":7,"max_hp_gain":0,"max_hp_loss":0,"event_name":"Golden Wing","floor":14,"gold_loss":0},{"damage_healed":0,"gold_gain":0,"player_choice":"Forge","damage_taken":0,"max_hp_gain":0,"max_hp_loss":0,"event_name":"Accursed Blacksmith","floor":19,"gold_loss":0,"cards_upgraded":["Blood for Blood"]}],"is_beta":false,"boss_relics":[{"not_picked":["Runic Pyramid","Snecko Eye"],"picked":"Astrolabe"}],"items_purged_floors":[],"is_endless":false,"potions_floor_spawned":[1,3,16,21],"killed_by":"Slavers","ascension_level":16}}