{"host":"szp1d6dso4pv7ddl","time":1609818827,"event":{"mods":["AchievementEnabler","Alarm Clock","BaseMod","Bestiary","Block Reminder","Colored Map","Colored Powertips","Curses Come First","Displayed Cursed Tome","Highlight Path","Minty Spire (QoL Compilation)","Permanent Neow","Quick Restart","Relic Sorter","Relic Stats","StSLib","Synergy Search"],"gold_per_floor":[115,35,109,109,127,153,153,164,164,164,176,176,196,229,229,300,300,312,312,332,43,57,57,69,98,98,112,112,130,130,142,142,216,216,231,256,27,27,38,38,70,84,164,164,179,79,79,96,96,96],"floor_reached":51,"playtime":3202,"items_purged":["Limit Break","Parasite"],"score":1200,"play_id":"7a12da85-b02b-4bf3-a00c-d87ec6ec0c2f","local_time":"20210104195347","is_ascension_mode":true,"campfire_choices":[{"data":"Body Slam","floor":7,"key":"SMITH"},{"data":"Body Slam","floor":10,"key":"SMITH"},{"data":"Body Slam","floor":12,"key":"SMITH"},{"data":"Pommel Strike","floor":15,"key":"SMITH"},{"floor":23,"key":"REST"},{"floor":32,"key":"REST"},{"data":"Barricade","floor":40,"key":"SMITH"},{"data":"Armaments","floor":44,"key":"SMITH"},{"data":"Body Slam","floor":49,"key":"SMITH"}],"circlet_count":0,"master_deck":["AscendersBane","Strike_R","Strike_R","Strike_R","Strike_R","Defend_R","Defend_R","Defend_R","Defend_R","Bash","Clothesline","Combust","Battle Trance","Body Slam+1","Body Slam+1","Metallicize","Body Slam+1","Feel No Pain","Pommel Strike+1","Juggernaut","Entrench+1","Metallicize+1","Flame Barrier+1","Shockwave","Sword Boomerang+1","Twin Strike+1","Armaments+1","Armaments+1","Barricade+1","Shrug It Off+1","Flame Barrier","Wild Strike","Rage","Havoc+1","Iron Wave+1","Body Slam+1"],"relics":["Burning Blood","Blood Vial","Charon\u0027s Ashes","TungstenRod","Odd Mushroom","Strawberry","Runic Dome","Calipers","Eternal Feather","Red Skull","Paper Frog","Philosopher\u0027s Stone","FossilizedHelix","Mercury Hourglass","Pear"],"acts_visited":["Exordium","TheCity","TheBeyond"],"potions_floor_usage":[6,6,14,25,27,31,33,41,41],"damage_taken":[{"damage":10,"enemies":"Small Slimes","floor":1,"turns":4},{"damage":6,"enemies":"2 Louse","floor":5,"turns":3},{"damage":9,"enemies":"3 Sentries","floor":6,"turns":4},{"damage":3,"enemies":"Cultist","floor":8,"turns":3},{"damage":7,"enemies":"Exordium Wildlife","floor":11,"turns":6},{"damage":14,"enemies":"The Mushroom Lair","floor":13,"turns":3},{"damage":14,"enemies":"Lagavulin","floor":14,"turns":7},{"damage":71,"enemies":"Hexaghost","floor":16,"turns":12},{"damage":15,"enemies":"Shell Parasite","floor":18,"turns":5},{"damage":3,"enemies":"Chosen","floor":20,"turns":4},{"damage":39,"enemies":"Shelled Parasite and Fungi","floor":22,"turns":6},{"damage":23,"enemies":"Centurion and Healer","floor":24,"turns":7},{"damage":43,"enemies":"Gremlin Leader","floor":25,"turns":8},{"damage":2,"enemies":"Snake Plant","floor":27,"turns":3},{"damage":10,"enemies":"Cultist and Chosen","floor":29,"turns":6},{"damage":6,"enemies":"Sentry and Sphere","floor":31,"turns":3},{"damage":52,"enemies":"Collector","floor":33,"turns":9},{"damage":21,"enemies":"3 Shapes","floor":35,"turns":5},{"damage":13,"enemies":"Mind Bloom Boss Battle","floor":36,"turns":7},{"damage":0,"enemies":"Orb Walker","floor":39,"turns":3},{"damage":40,"enemies":"Reptomancer","floor":41,"turns":8},{"damage":18,"enemies":"Writhing Mass","floor":42,"turns":5},{"damage":0,"enemies":"4 Shapes","floor":45,"turns":5},{"damage":29,"enemies":"Sphere and 2 Shapes","floor":48,"turns":4},{"damage":30,"enemies":"Time Eater","floor":50,"turns":8}],"seed_played":"5536171074081910475","potions_obtained":[{"floor":1,"key":"AttackPotion"},{"floor":5,"key":"ColorlessPotion"},{"floor":13,"key":"Fire Potion"},{"floor":18,"key":"Energy Potion"},{"floor":22,"key":"SkillPotion"},{"floor":25,"key":"PowerPotion"},{"floor":31,"key":"DistilledChaos"},{"floor":36,"key":"LiquidBronze"},{"floor":41,"key":"EssenceOfSteel"},{"floor":45,"key":"Energy Potion"}],"is_trial":false,"path_per_floor":["M","$","?","?","M","E","R","M","T","R","M","R","?","E","R","B",null,"M","?","M","$","M","R","M","E","T","M","?","M","T","M","R","B",null,"M","?","$","?","M","R","E","M","T","R","M","$","?","M","R","B",null],"character_chosen":"IRONCLAD","items_purchased":["Combust","Calipers","Flame Barrier","DistilledChaos"],"campfire_rested":2,"item_purchase_floors":[2,21,37,37],"current_hp_per_floor":[70,70,70,70,72,71,71,76,76,76,77,77,71,72,72,9,68,61,61,66,66,35,61,46,11,11,17,17,15,15,17,61,17,70,57,52,52,52,60,78,46,36,46,67,75,75,75,54,75,53],"gold":96,"neow_bonus":"RANDOM_COMMON_RELIC","is_daily":false,"chose_seed":false,"campfire_upgraded":7,"win_rate":0.0,"timestamp":1609818827,"path_taken":["M","$","?","?","M","E","R","M","T","R","?","R","?","E","R","BOSS","M","?","M","$","M","R","M","E","T","M","?","?","?","M","R","BOSS","M","?","$","?","M","R","E","?","T","R","M","$","?","M","R","BOSS"],"items_purchased_type":["Card","Relic","Card","Potion"],"build_version":"2020-12-22","purchased_purges":2,"victory":true,"max_hp_per_floor":[80,80,80,80,80,80,80,80,80,80,80,80,80,87,87,87,87,87,87,87,87,87,87,87,87,87,87,87,87,87,87,87,87,87,87,87,87,87,87,87,87,87,97,97,97,94,94,94,94,94],"relic_stats":{"Blood Vial":50,"counters":[25,138],"Eternal Feather":78,"Charon\u0027s Ashes":[214],"obtain_stats":[{"Calipers":21,"Pear":43,"Eternal Feather":25,"Charon\u0027s Ashes":6,"Odd Mushroom":13,"Burning Blood":0,"Mercury Hourglass":41,"Blood Vial":0,"Runic Dome":17,"Strawberry":14,"Philosopher\u0027s Stone":34,"TungstenRod":9,"Red Skull":26,"FossilizedHelix":36,"Paper Frog":30},{"Calipers":10,"Pear":22,"Eternal Feather":13,"Charon\u0027s Ashes":3,"Odd Mushroom":6,"Burning Blood":0,"Mercury Hourglass":21,"Blood Vial":0,"Runic Dome":8,"Strawberry":7,"Philosopher\u0027s Stone":17,"TungstenRod":4,"Red Skull":13,"FossilizedHelix":19,"Paper Frog":15},{"Calipers":51,"Pear":121,"Eternal Feather":72,"Charon\u0027s Ashes":11,"Odd Mushroom":23,"Burning Blood":0,"Mercury Hourglass":116,"Blood Vial":0,"Runic Dome":42,"Strawberry":30,"Philosopher\u0027s Stone":93,"TungstenRod":14,"Red Skull":72,"FossilizedHelix":105,"Paper Frog":81}],"Burning Blood":150,"TungstenRod":142,"Mercury Hourglass":[96]},"card_choices":[{"not_picked":["Disarm","Heavy Blade"],"picked":"Clothesline","floor":1},{"not_picked":["Flame Barrier","Headbutt"],"picked":"Body Slam","floor":5},{"not_picked":["Sword Boomerang","Armaments"],"picked":"Metallicize","floor":6},{"not_picked":["Bludgeon","Searing Blow"],"picked":"Body Slam","floor":8},{"not_picked":["Second Wind","Body Slam"],"picked":"Feel No Pain","floor":11},{"not_picked":["Flex","Disarm"],"picked":"Pommel Strike","floor":14},{"not_picked":["Feed","Fiend Fire"],"picked":"Juggernaut","floor":16},{"not_picked":["Clash","Shockwave"],"picked":"Entrench","floor":18},{"not_picked":["Sword Boomerang+1","Cleave"],"picked":"Metallicize+1","floor":20},{"not_picked":["Pummel","Offering"],"picked":"Flame Barrier+1","floor":22},{"not_picked":["Feel No Pain","Blood for Blood"],"picked":"Shockwave","floor":24},{"not_picked":["Fiend Fire","Pommel Strike"],"picked":"Sword Boomerang+1","floor":25},{"not_picked":["Evolve","Thunderclap"],"picked":"Twin Strike+1","floor":27},{"not_picked":["Clothesline","Warcry"],"picked":"Armaments","floor":29},{"not_picked":["Thunderclap+1","Headbutt"],"picked":"Armaments+1","floor":31},{"not_picked":["Berserk","Limit Break"],"picked":"Barricade","floor":33},{"not_picked":["Rupture","Disarm","Searing Blow"],"picked":"SKIP","floor":35},{"not_picked":["Perfected Strike","Battle Trance"],"picked":"Shrug It Off+1","floor":36},{"not_picked":["Headbutt","Twin Strike+1"],"picked":"Rage","floor":39},{"not_picked":["Twin Strike","Shockwave"],"picked":"Havoc+1","floor":41},{"not_picked":["Havoc","Limit Break"],"picked":"Iron Wave+1","floor":42},{"not_picked":["Armaments+1","Infernal Blade"],"picked":"Body Slam","floor":45},{"not_picked":["Flex+1","Twin Strike+1","Whirlwind"],"picked":"SKIP","floor":48}],"player_experience":1120258,"relics_obtained":[{"floor":6,"key":"Charon\u0027s Ashes"},{"floor":9,"key":"TungstenRod"},{"floor":13,"key":"Odd Mushroom"},{"floor":14,"key":"Strawberry"},{"floor":25,"key":"Eternal Feather"},{"floor":26,"key":"Red Skull"},{"floor":30,"key":"Paper Frog"},{"floor":36,"key":"FossilizedHelix"},{"floor":41,"key":"Mercury Hourglass"},{"floor":43,"key":"Pear"}],"event_choices":[{"damage_healed":0,"gold_gain":74,"player_choice":"Gained Gold","damage_taken":0,"max_hp_gain":0,"max_hp_loss":0,"event_name":"Golden Wing","floor":3,"gold_loss":0},{"damage_healed":0,"gold_gain":0,"player_choice":"3 cards matched","damage_taken":0,"max_hp_gain":0,"max_hp_loss":0,"event_name":"Match and Keep!","floor":4,"gold_loss":0,"cards_obtained":["Battle Trance","Limit Break","Body Slam"]},{"damage_healed":0,"gold_gain":0,"player_choice":"Fought Mushrooms","damage_taken":0,"max_hp_gain":0,"max_hp_loss":0,"event_name":"Mushrooms","floor":13,"gold_loss":0},{"damage_healed":0,"gold_gain":0,"player_choice":"Ignored","damage_taken":0,"max_hp_gain":0,"max_hp_loss":0,"event_name":"Cursed Tome","floor":19,"gold_loss":0},{"damage_healed":0,"gold_gain":0,"player_choice":"Upgraded","damage_taken":0,"max_hp_gain":0,"max_hp_loss":0,"event_name":"Upgrade Shrine","floor":28,"gold_loss":0,"cards_upgraded":["Entrench"]},{"damage_healed":0,"gold_gain":0,"player_choice":"Fight","damage_taken":0,"max_hp_gain":0,"max_hp_loss":0,"event_name":"MindBloom","floor":36,"gold_loss":0},{"damage_healed":0,"gold_gain":0,"cards_transformed":["Strike_R"],"player_choice":"Transformed","damage_taken":0,"max_hp_gain":0,"max_hp_loss":0,"event_name":"Transmorgrifier","floor":38,"gold_loss":0,"cards_obtained":["Wild Strike"]},{"damage_healed":0,"gold_gain":0,"player_choice":"0 cards matched","damage_taken":0,"max_hp_gain":0,"max_hp_loss":0,"event_name":"Match and Keep!","floor":47,"gold_loss":0,"cards_obtained":[]}],"is_beta":false,"boss_relics":[{"not_picked":["Coffee Dripper","Runic Cube"],"picked":"Runic Dome"},{"not_picked":["SlaversCollar","Busted Crown"],"picked":"Philosopher\u0027s Stone"}],"items_purged_floors":[37,46],"is_endless":false,"potions_floor_spawned":[1,5,13,18,22,25,31,36,39,41,45],"ascension_level":13}}