{"host":"zzf13dk0jcen0ncv","time":1609825081,"event":{"mods":["AchievementEnabler","BaseMod","BetterRewards","Colored Map","Keyboard Shortcuts","Minty Spire (QoL Compilation)","Quick Restart","Shop Mod","StSLib","SuperFastMode","The Dragon Tamer","Waifu the Spire"],"gold_per_floor":[42,42,62,24,24,66,66,66,66,31,31,66,86,110,110,223,223,241,241,65,87,186,223,223,259,259,259,292,317,317,317,317],"floor_reached":30,"playtime":1292,"items_purged":["DTMod:Strike","DTMod:Strike"],"score":610,"play_id":"e626b66d-64a9-46e8-a72e-979cf145c849","local_time":"20210105143801","is_ascension_mode":true,"metric_token":799,"campfire_choices":[{"floor":11,"key":"REST"},{"floor":15,"key":"REST"},{"floor":24,"key":"REST"},{"floor":27,"key":"REST"}],"dtmod_dragon_data":[0,50,2,-1,4,0],"circlet_count":0,"master_deck":["DTMod:Strike","DTMod:Strike","DTMod:DoubleHit","DTMod:TargetDefense","DTMod:TargetDefense","DTMod:TargetDefense","DTMod:TargetDefense","DTMod:SwitchingTactic","Apotheosis","DTMod:WarmUp","DTMod:CalculatedDefense","Spot Weakness","DTMod:HeadStart","Evolve","Double Energy","DTMod:WarmUp","Demon Form","Heavy Blade","DTMod:PurifyingFlame","Cold Snap","Exhume","DTMod:WarmUp","Conserve Battery+1","Body Slam","DTMod:InvisibleFlame","DTMod:Dissolve+1"],"relics":["DTMod:PactStone","Pocketwatch","PrismaticShard","Toy Ornithopter","Potion Belt","Tiny Chest","Centennial Puzzle","Oddly Smooth Stone","Orrery","CeramicFish","Blue Candle","StrikeDummy","Dead Branch","SlaversCollar","Juzu Bracelet","DTMod:MindBender","Eternal Feather","Bird Faced Urn","Bottled Tornado","DTMod:TacticalNote"],"acts_visited":["Exordium","TheCity"],"potions_floor_usage":[16,16,25,28,30],"damage_taken":[{"damage":6,"enemies":"Jaw Worm","floor":1,"turns":4},{"damage":0,"enemies":"Cultist","floor":3,"turns":4},{"damage":14,"enemies":"Gremlin Nob","floor":6,"turns":6},{"damage":0,"enemies":"3 Sentries","floor":12,"turns":8},{"damage":0,"enemies":"2 Louse","floor":13,"turns":2},{"damage":5,"enemies":"Exordium Wildlife","floor":14,"turns":4},{"damage":15,"enemies":"The Guardian","floor":16,"turns":9},{"damage":17,"enemies":"3 Byrds","floor":18,"turns":5},{"damage":0,"enemies":"Chosen","floor":21,"turns":5},{"damage":0,"enemies":"Book of Stabbing","floor":23,"turns":7},{"damage":14,"enemies":"Gremlin Leader","floor":25,"turns":6},{"damage":28,"enemies":"Slavers","floor":28,"turns":9},{"damage":19,"enemies":"Snecko","floor":29,"turns":5},{"damage":65,"enemies":"Cultist and Chosen","floor":30,"turns":4}],"seed_played":"4389715387982103979","potions_obtained":[{"floor":5,"key":"ColorlessPotion"},{"floor":5,"key":"DuplicationPotion"},{"floor":5,"key":"FearPotion"},{"floor":13,"key":"PowerPotion"},{"floor":14,"key":"BlessingOfTheForge"},{"floor":16,"key":"LiquidBronze"},{"floor":21,"key":"PowerPotion"},{"floor":23,"key":"SkillPotion"},{"floor":29,"key":"AttackPotion"}],"is_trial":false,"path_per_floor":["M","?","M","$","?","E","T","$","T","?","R","E","M","M","R","B",null,"M","T","$","M","?","E","R","E","T","R","E","M","M"],"character_chosen":"THE_DT","items_purchased":["Apotheosis","DTMod:WarmUp","Pocketwatch","PrismaticShard","Toy Ornithopter","Potion Belt","Tiny Chest","DTMod:CalculatedDefense","Centennial Puzzle","Oddly Smooth Stone","Orrery","DTMod:WarmUp","DTMod:MindBender","DTMod:WarmUp"],"campfire_rested":4,"item_purchase_floors":[0,0,0,0,0,0,0,0,0,0,0,4,20,20],"current_hp_per_floor":[35,35,35,35,35,21,21,21,21,32,45,45,45,40,45,30,41,24,24,24,24,24,24,45,31,31,45,29,22,0,0,0],"gold":317,"neow_bonus":"","is_daily":false,"chose_seed":false,"campfire_upgraded":0,"win_rate":0.0,"timestamp":1609825081,"path_taken":["M","?","?","$","?","E","?","?","T","?","R","E","?","M","R","BOSS","M","?","$","M","?","E","R","E","T","R","E","M","M"],"items_purchased_type":["Card","Card","Relic","Relic","Relic","Relic","Relic","Card","Relic","Relic","Relic","Card","Relic","Card"],"build_version":"2020-12-22","purchased_purges":2,"victory":false,"max_hp_per_floor":[45,45,45,45,45,45,45,45,45,45,45,45,45,45,45,45,45,45,45,45,45,45,45,45,45,45,45,45,45,45,45,45],"card_choices":[{"not_picked":["Consecrate","Disarm"],"picked":"Spot Weakness","floor":0.0},{"not_picked":["DTMod:FlameSlash","DTMod:BreakAttack"],"picked":"DTMod:HeadStart","floor":0.0},{"not_picked":["DTMod:RunningTactic","Blasphemy"],"picked":"Evolve","floor":0.0},{"not_picked":["Distraction","ClearTheMind"],"picked":"Double Energy","floor":1},{"not_picked":["Anger","DTMod:Punisher","Halt"],"picked":"SKIP","floor":3},{"not_picked":["Compile Driver","DTMod:MagicField"],"picked":"Demon Form","floor":6},{"not_picked":["EmptyFist","Slice"],"picked":"Heavy Blade","floor":12},{"not_picked":["Tempest","Twin Strike"],"picked":"DTMod:PurifyingFlame","floor":13},{"not_picked":["DTMod:InvisibleFlame","Aggregate"],"picked":"Cold Snap","floor":14},{"not_picked":["Tools of the Trade","Juggernaut"],"picked":"Exhume","floor":16},{"not_picked":["Anger+1","Bane","True Grit"],"picked":"SKIP","floor":18},{"not_picked":["DTMod:Astonish","ClearTheMind"],"picked":"Conserve Battery+1","floor":21},{"not_picked":["Wallop","Meditate+1"],"picked":"Body Slam","floor":23},{"not_picked":["WindmillStrike","EmptyFist"],"picked":"DTMod:InvisibleFlame","floor":25},{"not_picked":["FollowUp","Wallop","DTMod:Training"],"picked":"SKIP","floor":28},{"not_picked":["DTMod:FlameSlash","BowlingBash+1"],"picked":"DTMod:Dissolve+1","floor":29}],"player_experience":932710,"relics_obtained":[{"floor":6,"key":"CeramicFish"},{"floor":7,"key":"Blue Candle"},{"floor":9,"key":"StrikeDummy"},{"floor":12,"key":"Dead Branch"},{"floor":19,"key":"Juzu Bracelet"},{"floor":23,"key":"Eternal Feather"},{"floor":25,"key":"Bird Faced Urn"},{"floor":26,"key":"Bottled Tornado"},{"floor":28,"key":"DTMod:TacticalNote"}],"event_choices":[{"damage_healed":0,"gold_gain":0,"player_choice":"Leave","damage_taken":0,"max_hp_gain":0,"max_hp_loss":0,"event_name":"FaceTrader","floor":2,"gold_loss":0},{"damage_healed":0,"gold_gain":0,"player_choice":"Got Potions","damage_taken":0,"max_hp_gain":0,"max_hp_loss":0,"event_name":"Lab","floor":5,"gold_loss":0},{"damage_healed":11,"gold_gain":0,"player_choice":"Healed","damage_taken":0,"max_hp_gain":0,"max_hp_loss":0,"event_name":"The Cleric","floor":10,"gold_loss":35},{"damage_healed":0,"gold_gain":99,"player_choice":"Stole From Cult","damage_taken":0,"max_hp_gain":0,"max_hp_loss":0,"event_name":"Nest","floor":22,"gold_loss":0}],"is_beta":false,"boss_relics":[{"not_picked":["Velvet Choker","Ectoplasm"],"picked":"SlaversCollar"}],"items_purged_floors":[0,0],"is_endless":false,"potions_floor_spawned":[13,14,16,21,23,29],"killed_by":"Cultist and Chosen","ascension_level":6}}