{"host":"313mh4uoe5sucao3","time":1609843657,"event":{"mods":["Arknights The Spire","BaseMod","Dota2Spire","Downfall","Hero for Fun","Lobotomy","Minty Spire (QoL Compilation)","Quick Restart","Shop Mod","StSLib","The Bladedancer","UnlockEverythingMod"],"gold_per_floor":[113,11,23,23,37,67,67,95,118,3,15,0,0,14,14,112,112,127,141,160,160,36,65,79,79,132,132,92,42,52,52,52],"floor_reached":31,"playtime":2550,"items_purged":["Parasite","ats:Strike G"],"score":265,"play_id":"c0b1fb61-b020-4b42-be96-034fc15ed866","local_time":"20210105184737","is_ascension_mode":false,"campfire_choices":[{"floor":7,"key":"REST"},{"floor":15,"key":"REST"},{"floor":27,"key":"REST"}],"circlet_count":0,"master_deck":["ats:Strike C","ats:Strike V","ats:Armor Crushing Shot","ats:Defend","ats:Defend","ats:Defend+1","ats:Emotion Absorption","ats:Cat Scratch","ats:Burning Ground","ats:Apocalypse+1","ats:Steam Pump","ats:Mental Burst","ats:Hook Shot","ats:Guardian Obelisk","ats:Powerful Strike","ats:Shell Defense","ats:Rat Pack","ats:Automatic Cover","ats:Mental Burst","ats:Charging Defense","ats:Ignite","ats:Automatic Cover","ats:Leaping Hammer"],"relics":["ats:Sanity","ats:Originium","War Paint","Dream Catcher","Girya","Bag of Marbles","Smiling Mask"],"acts_visited":["Exordium","TheCity"],"potions_floor_usage":[6,16,20,23,23,23,24,30,30,30],"damage_taken":[{"damage":12,"enemies":"Small Slimes","floor":1,"turns":5},{"damage":1,"enemies":"Jaw Worm","floor":3,"turns":4},{"damage":0,"enemies":"2 Louse","floor":5,"turns":2},{"damage":26,"enemies":"Lagavulin","floor":6,"turns":8},{"damage":32,"enemies":"3 Sentries","floor":8,"turns":7},{"damage":0,"enemies":"Large Slime","floor":11,"turns":4},{"damage":27,"enemies":"Gremlin Gang","floor":14,"turns":4},{"damage":24,"enemies":"Slime Boss","floor":16,"turns":9},{"damage":6,"enemies":"Spheric Guardian","floor":18,"turns":5},{"damage":3,"enemies":"3 Byrds","floor":19,"turns":5},{"damage":26,"enemies":"Shelled Parasite and Fungi","floor":20,"turns":6},{"damage":19,"enemies":"Slavers","floor":23,"turns":3},{"damage":30,"enemies":"Centurion and Healer","floor":24,"turns":10},{"damage":12,"enemies":"Snake Plant","floor":30,"turns":4},{"damage":13,"enemies":"3 Cultists","floor":31,"turns":2}],"seed_played":"-4774942572647451938","potions_obtained":[{"floor":5,"key":"DuplicationPotion"},{"floor":11,"key":"FearPotion"},{"floor":16,"key":"Guardian:BlockOnCardUsePotion"},{"floor":18,"key":"SteroidPotion"},{"floor":23,"key":"Fire Potion"},{"floor":28,"key":"Fire Potion"},{"floor":28,"key":"Strength Potion"},{"floor":28,"key":"Ancient Potion"}],"is_trial":false,"path_per_floor":["M","$","M","?","M","E","R","E","T","$","M","?","?","M","R","B",null,"M","M","M","?","$","E","M","?","T","R","?","$","M","M"],"character_chosen":"DOCTOR_CLASS","items_purchased":["ats:Burning Ground","ats:Apocalypse","ats:Guardian Obelisk","Fire Potion","BlessingOfTheForge"],"campfire_rested":3,"item_purchase_floors":[2,2,10,10,22],"current_hp_per_floor":[60,60,63,56,56,38,59,32,32,32,32,32,50,23,44,30,72,71,68,42,42,42,23,3,3,3,23,23,23,11,0,0],"gold":52,"neow_bonus":"REMOVE_CARD","is_daily":false,"chose_seed":false,"campfire_upgraded":0,"win_rate":0.0,"timestamp":1609843657,"path_taken":["M","$","M","?","M","E","R","E","T","$","M","?","?","M","R","BOSS","M","M","M","?","$","E","M","?","T","R","?","$","?","M"],"items_purchased_type":["Card","Card","Card","Potion","Potion"],"build_version":"2020-12-22","purchased_purges":2,"victory":false,"max_hp_per_floor":[72,72,72,72,72,72,72,72,72,72,72,72,72,72,72,72,72,72,72,72,72,69,69,69,69,69,69,69,69,69,69,69],"card_choices":[{"not_picked":["ats:Flame Of Heaven","ats:Explosion Area Strengthen"],"picked":"ats:Cat Scratch","floor":1},{"not_picked":["ats:Beaten Up","ats:Overload"],"picked":"ats:Steam Pump","floor":3},{"not_picked":["ats:Curse Doll","ats:Steam Pump","ats:Directed Diagnosis"],"picked":"SKIP","floor":5},{"not_picked":["ats:Apocalypse","ats:Flame Of Heaven"],"picked":"ats:Mental Burst","floor":6},{"not_picked":["ats:Childhood Dance","ats:Neurotoxin"],"picked":"ats:Hook Shot","floor":8},{"not_picked":["ats:Cat Scratch","ats:Steam Pump","ats:Flexible Camouflage"],"picked":"SKIP","floor":11},{"not_picked":["ats:Assault Order","ats:Hammer On"],"picked":"ats:Powerful Strike","floor":14},{"not_picked":["ats:Sword Rain","ats:Poison Spread"],"picked":"ats:Shell Defense","floor":15},{"not_picked":["ats:Shadow Assault","ats:Soul Rend"],"picked":"ats:Rat Pack","floor":16},{"not_picked":["ats:Shell Defense","ats:Powerful Strike"],"picked":"ats:Automatic Cover","floor":18},{"not_picked":["ats:Guardian Obelisk","ats:Charging Defense"],"picked":"ats:Mental Burst","floor":19},{"not_picked":["ats:Poison Spread","ats:Assault Order"],"picked":"ats:Charging Defense","floor":20},{"not_picked":["ats:Flexible Camouflage","ats:Leaping Hammer"],"picked":"ats:Ignite","floor":23},{"not_picked":["ats:Defend Order","ats:Shadow Raid","ats:Directed Diagnosis"],"picked":"SKIP","floor":24},{"not_picked":["ats:Charging Defense+1","ats:Song Of Battle"],"picked":"ats:Automatic Cover","floor":27},{"not_picked":["ats:Hook Shot","ats:Poison Spread+1"],"picked":"ats:Leaping Hammer","floor":30}],"player_experience":14972,"relics_obtained":[{"floor":6,"key":"ats:Originium"},{"floor":6,"key":"War Paint"},{"floor":8,"key":"ats:Originium"},{"floor":8,"key":"Dream Catcher"},{"floor":23,"key":"ats:Originium"},{"floor":23,"key":"Girya"},{"floor":26,"key":"Smiling Mask"}],"event_choices":[{"cards_removed":["ats:Defend"],"damage_healed":0,"gold_gain":0,"player_choice":"Card Removal","damage_taken":7,"max_hp_gain":0,"max_hp_loss":0,"event_name":"Golden Wing","floor":4,"gold_loss":0},{"damage_healed":0,"gold_gain":0,"player_choice":"Left Gold","damage_taken":0,"max_hp_gain":0,"max_hp_loss":0,"event_name":"World of Goop","floor":12,"gold_loss":15},{"damage_healed":18,"gold_gain":0,"player_choice":"Healed and dodged fight","damage_taken":0,"max_hp_gain":0,"max_hp_loss":0,"event_name":"Mushrooms","floor":13,"gold_loss":0,"cards_obtained":["Parasite"]},{"damage_healed":0,"gold_gain":0,"player_choice":"Opened","damage_taken":0,"relics_obtained":["Bag of Marbles"],"max_hp_gain":0,"max_hp_loss":0,"event_name":"The Mausoleum","floor":25,"gold_loss":0},{"damage_healed":0,"gold_gain":0,"player_choice":"Bought 3 Potions","damage_taken":0,"max_hp_gain":0,"max_hp_loss":0,"event_name":"The Woman in Blue","floor":28,"gold_loss":0}],"is_beta":false,"boss_relics":[{"not_picked":["Ectoplasm","Busted Crown","Velvet Choker"]}],"items_purged_floors":[22,29],"is_endless":false,"potions_floor_spawned":[5,11,16,18,19,23],"killed_by":"3 Cultists","ascension_level":0}}