{"host":"65bhxfoqsqjg61le","time":1609830809,"event":{"mods":["2.2 Compatiblity","AchievementEnabler","BaseMod","Better Third Choice","Colored Powertips","Conspire","DeckTracker","Downfall","Energized Spire","GifTheSpireLib","Googly Eyes","Hubris","Infinite Spire","Minty Spire (QoL Compilation)","Quick Restart","RRrroohrrRGHHhhh!!","Random Character Button","Rare Cards Sparkle","Replay The Spire","Shade Mod","StSLib","Stuff the Spire","The IronCluck","Wandering Minibosses","egg","everything is the same but u backflip on backflip","slay the spire mod where everything is the same but ironclad has a cowboy hat","thorton"],"gold_per_floor":[110,110,110,110,110,140,155,155,155,10,41,41,57,77,77,174,174,174,174],"floor_reached":18,"playtime":6420,"items_purged":[],"score":227,"play_id":"8d2536d1-f879-45b3-a6d1-51039f6f28c6","local_time":"20210105021329","is_ascension_mode":true,"campfire_choices":[{"floor":8.0,"key":"REST"},{"floor":12.0,"key":"REST"},{"data":"Hemogenesis","floor":15.0,"key":"SMITH"}],"circlet_count":0,"master_deck":["Strike_R","Strike_R","Strike_R","Strike_R","Defend_R","Defend_R","Defend_R","Bash","Shrug It Off","Hemogenesis+1"],"relics":["Burning Blood","infinitespire:Beetle Shell","hubris:EmptyBottle","infinitespire:Lucky Rock","Black Star"],"acts_visited":["Exordium","TheCity"],"potions_floor_usage":[],"damage_taken":[{"damage":18.0,"enemies":"Jaw Worm","floor":1.0,"turns":4.0},{"damage":56.0,"enemies":"Gremlin Nob","floor":6.0,"turns":6.0},{"damage":8.0,"enemies":"Small Slimes","floor":7.0,"turns":3.0},{"damage":56.0,"enemies":"3 Sentries","floor":11.0,"turns":13.0},{"damage":6.0,"enemies":"Cultist","floor":13.0,"turns":5.0},{"damage":8.0,"enemies":"Exordium Thugs","floor":14.0,"turns":5.0},{"damage":28.0,"enemies":"Fading Forest","floor":16.0,"turns":11.0},{"damage":0,"enemies":"3 Byrds","floor":18,"turns":1}],"seed_played":"8449967274492796265","potions_obtained":[{"floor":0.0,"key":"Ancient Potion"},{"floor":0.0,"key":"BloodPotion"},{"floor":0.0,"key":"BlessingOfTheForge"},{"floor":11.0,"key":"ColorlessPotion"},{"floor":13.0,"key":"FearPotion"},{"floor":16.0,"key":"FearPotion"}],"is_trial":false,"path_per_floor":["M","?","?","$","?","E","M","R","T","$","E","R","M","M","R","B",null,"M"],"character_chosen":"IRONCLAD","items_purchased":["hubris:EmptyBottle"],"campfire_rested":2,"item_purchase_floors":[10],"current_hp_per_floor":[60,60,60,60,60,15,13,37,37,37,19,43,48,46,46,54,74,74,74],"gold":174,"neow_bonus":"THREE_SMALL_POTIONS","is_daily":false,"chose_seed":false,"campfire_upgraded":1,"win_rate":0.0,"timestamp":1609830809,"path_taken":["M","?","?","$","?","E","M","R","T","$","E","R","M","?","R","BOSS","M"],"items_purchased_type":["Relic"],"build_version":"2020-12-22","purchased_purges":0,"victory":false,"max_hp_per_floor":[80,80,80,80,80,80,80,80,80,80,80,80,80,80,80,80,80,80,80],"card_choices":[{"not_picked":["Cleave","Dual Wield"],"picked":"Shrug It Off","floor":1.0},{"not_picked":["hubris:ReadiedAction","ReplayReversal","Havoc"],"picked":"SKIP","floor":6.0},{"not_picked":["Wild Strike","True Grit","Cleave"],"picked":"SKIP","floor":7.0},{"not_picked":["Clash","Wild Strike","Offering"],"picked":"SKIP","floor":11.0},{"not_picked":["Hemokinesis","Dark Embrace","Fire Breathing"],"picked":"SKIP","floor":13.0},{"not_picked":["StuffTheSpire:Incineration","Havoc","Perfected Strike"],"picked":"SKIP","floor":14.0}],"player_experience":1055863,"relics_obtained":[{"floor":6.0,"key":"infinitespire:Beetle Shell"},{"floor":11.0,"key":"infinitespire:Lucky Rock"}],"event_choices":[{"damage_healed":0.0,"max_hp_gain":0.0,"max_hp_loss":0.0,"gold_gain":0.0,"event_name":"conspire:LoneGhost","player_choice":"Disagree","floor":2.0,"gold_loss":0.0,"damage_taken":0.0},{"damage_healed":0.0,"max_hp_gain":0.0,"max_hp_loss":0.0,"gold_gain":0.0,"cards_transformed":["Strike_R"],"event_name":"Transmorgrifier","player_choice":"Transformed","floor":5.0,"gold_loss":0.0,"damage_taken":0.0,"cards_obtained":["Hemogenesis"]}],"is_beta":false,"boss_relics":[{"not_picked":["Philosopher\u0027s Stone","Painkiller Herb"],"picked":"Black Star"}],"items_purged_floors":[],"is_endless":false,"potions_floor_spawned":[11,13,14,16],"killed_by":"3 Byrds","ascension_level":7}}