{"host":"g01l53quoe6lrer0","time":1609861532,"event":{"mods":["2.2 Compatiblity","AchievementEnabler","BaseMod","Colored Map","Highlight Path","Keyboard Shortcuts","Minty Spire (QoL Compilation)","Permanent Neow","Quick Restart","StSLib","SuperFastMode","everything is the same but u backflip on backflip"],"gold_per_floor":[16,16,31,31,49,49,72,72,72,106,106,120,120,135,135,263,263,282,557,573,302,317,353,353,374,397,397,496,511,530,554,554,554,554],"floor_reached":33,"playtime":1823,"items_purged":["Regret"],"score":391,"play_id":"363b81e0-202c-4276-8df8-c06c8bdfdeb5","local_time":"20210106004532","is_ascension_mode":true,"campfire_choices":[{"data":"Bash","floor":6.0,"key":"SMITH"},{"data":"Evolve","floor":8.0,"key":"SMITH"},{"floor":13.0,"key":"REST"},{"data":"True Grit","floor":15.0,"key":"SMITH"},{"data":"Sever Soul","floor":24,"key":"SMITH"},{"data":"Double Tap","floor":27,"key":"SMITH"},{"floor":32,"key":"REST"}],"circlet_count":0,"master_deck":["Strike_R","Strike_R","Strike_R","Strike_R","Strike_R","Defend_R","Defend_R","Defend_R","Defend_R","Bash+1","Clash","Evolve+1","Shrug It Off","Thunderclap","True Grit+1","Wild Strike","Double Tap+1","Shrug It Off","Sever Soul+1","Trip","Sentinel","Battle Trance","Warcry"],"relics":["Burning Blood","Calipers","Golden Idol","Champion Belt","Magic Flower","Shuriken","Mark of Pain","Mango","Centennial Puzzle"],"acts_visited":["Exordium","TheCity"],"potions_floor_usage":[22,23,23,23,23,23,31],"damage_taken":[{"damage":8.0,"enemies":"2 Louse","floor":1.0,"turns":4.0},{"damage":7.0,"enemies":"Small Slimes","floor":3.0,"turns":3.0},{"damage":0.0,"enemies":"Cultist","floor":5.0,"turns":3.0},{"damage":13.0,"enemies":"2 Fungi Beasts","floor":7.0,"turns":4.0},{"damage":25.0,"enemies":"Gremlin Nob","floor":10.0,"turns":4.0},{"damage":19.0,"enemies":"Exordium Thugs","floor":12.0,"turns":6.0},{"damage":1.0,"enemies":"Blue Slaver","floor":14.0,"turns":4.0},{"damage":34.0,"enemies":"The Guardian","floor":16.0,"turns":16.0},{"damage":16.0,"enemies":"3 Byrds","floor":18.0,"turns":7.0},{"damage":5.0,"enemies":"Chosen","floor":20.0,"turns":4.0},{"damage":15,"enemies":"Centurion and Healer","floor":22,"turns":6},{"damage":36,"enemies":"Slavers","floor":23,"turns":8},{"damage":34,"enemies":"3 Cultists","floor":25,"turns":6},{"damage":0,"enemies":"Chosen and Byrds","floor":29,"turns":4},{"damage":57,"enemies":"Sentry and Sphere","floor":30,"turns":8},{"damage":19,"enemies":"3 Cultists","floor":31,"turns":6},{"damage":0,"enemies":"Automaton","floor":33,"turns":1}],"seed_played":"1619443685778291696","potions_obtained":[{"floor":5.0,"key":"SkillPotion"},{"floor":14.0,"key":"SkillPotion"},{"floor":20.0,"key":"Fire Potion"},{"floor":22,"key":"Regen Potion"},{"floor":25,"key":"BlessingOfTheForge"}],"is_trial":false,"path_per_floor":["M","?","M","?","M","R","M","R","T","E","?","M","R","M","R","B",null,"M","?","M","$","M","E","R","M","T","R","?","M","M","M","R","B"],"character_chosen":"IRONCLAD","items_purchased":["EntropicBrew","Trip"],"campfire_rested":2,"item_purchase_floors":[21,21],"current_hp_per_floor":[70,50,49,54,60,60,53,53,53,34,27,17,42,50,50,25,70,63,63,67,67,61,98,98,73,73,73,73,82,34,24,53,53,53],"gold":554,"neow_bonus":"ONE_RARE_RELIC","is_daily":false,"chose_seed":false,"campfire_upgraded":5,"win_rate":0.0,"timestamp":1609861532,"path_taken":["M","?","M","?","M","R","M","R","T","E","?","M","R","M","R","BOSS","M","?","?","$","M","E","R","M","T","R","?","M","M","M","R","BOSS"],"items_purchased_type":["Potion","Card"],"build_version":"2020-12-22","purchased_purges":1,"victory":false,"max_hp_per_floor":[80,80,80,85,85,85,85,85,85,85,85,85,85,85,85,85,85,85,85,85,85,85,99,99,99,99,99,99,99,99,99,99,99,99],"card_choices":[{"not_picked":["Heavy Blade","Pommel Strike"],"picked":"Clash","floor":1.0},{"not_picked":["Hemokinesis","Reckless Charge","Clash"],"picked":"SKIP","floor":3.0},{"not_picked":["Sword Boomerang","Thunderclap"],"picked":"Evolve","floor":5.0},{"not_picked":["Sever Soul","Uppercut"],"picked":"Shrug It Off","floor":7.0},{"not_picked":["Iron Wave","Bludgeon"],"picked":"Thunderclap","floor":10.0},{"not_picked":["Infernal Blade","Anger"],"picked":"True Grit","floor":12.0},{"not_picked":["Rage","Carnage"],"picked":"Wild Strike","floor":14.0},{"not_picked":["Immolate","Brutality"],"picked":"Double Tap","floor":16.0},{"not_picked":["Wild Strike","Flex"],"picked":"Shrug It Off","floor":18.0},{"not_picked":["Carnage+1","Bloodletting"],"picked":"Sever Soul","floor":20.0},{"not_picked":["Searing Blow+1","True Grit"],"picked":"Sentinel","floor":22},{"not_picked":["Perfected Strike","Dual Wield","Anger+1"],"picked":"SKIP","floor":23},{"not_picked":["Warcry","Sword Boomerang","Twin Strike"],"picked":"SKIP","floor":25},{"not_picked":["True Grit","Twin Strike","Rampage"],"picked":"SKIP","floor":29},{"not_picked":["Fire Breathing","Burning Pact+1"],"picked":"Battle Trance","floor":30},{"not_picked":["Carnage","Pommel Strike"],"picked":"Warcry","floor":31}],"player_experience":78599,"relics_obtained":[{"floor":9.0,"key":"Champion Belt"},{"floor":10.0,"key":"Magic Flower"},{"floor":23,"key":"Mango"},{"floor":26,"key":"Centennial Puzzle"}],"event_choices":[{"damage_healed":0.0,"max_hp_gain":0.0,"max_hp_loss":0.0,"gold_gain":0.0,"event_name":"Golden Idol","player_choice":"Take Damage","floor":2.0,"gold_loss":0.0,"damage_taken":20.0,"relics_obtained":["Golden Idol"]},{"damage_healed":0.0,"max_hp_gain":5.0,"max_hp_loss":0.0,"gold_gain":0.0,"event_name":"Big Fish","player_choice":"Donut","floor":4.0,"gold_loss":0.0,"damage_taken":0.0},{"damage_healed":0.0,"max_hp_gain":0.0,"max_hp_loss":0.0,"gold_gain":0.0,"event_name":"Scrap Ooze","player_choice":"Success","floor":11.0,"gold_loss":0.0,"damage_taken":7.0,"relics_obtained":["Shuriken"]},{"damage_healed":0.0,"max_hp_gain":0.0,"max_hp_loss":0.0,"gold_gain":275.0,"event_name":"Golden Shrine","player_choice":"Desecrate","floor":19.0,"gold_loss":0.0,"damage_taken":0.0,"cards_obtained":["Regret"]},{"damage_healed":0,"gold_gain":99,"player_choice":"Stole From Cult","damage_taken":0,"max_hp_gain":0,"max_hp_loss":0,"event_name":"Nest","floor":28,"gold_loss":0}],"is_beta":false,"boss_relics":[{"not_picked":["Tiny House","Fusion Hammer"],"picked":"Mark of Pain"}],"items_purged_floors":[21],"is_endless":false,"potions_floor_spawned":[5,14,20,22,25],"killed_by":"Automaton","ascension_level":7}}