{"host":"Qube","time":1609835248,"event":{"mods":["AchievementEnabler","BaseMod","Colored Map","Colored Powertips","Minty Spire (QoL Compilation)","Quick Restart","Random Character Button","StSLib"],"gold_per_floor":[20,38,53,63,82,82,109,109,136,152,186,202,202,236,236,308,308,318,318,33,65,78,78,112,37,37,56,56,56,56],"floor_reached":29,"playtime":1202,"items_purged":["Strike_G"],"score":522,"play_id":"14e4f62f-c47c-4462-8d18-fb59cb179ca7","local_time":"20210105002728","is_ascension_mode":true,"campfire_choices":[{"floor":6.0,"key":"REST"},{"floor":8.0,"key":"REST"},{"floor":13.0,"key":"REST"},{"data":"Glass Knife","floor":15.0,"key":"SMITH"},{"floor":23.0,"key":"REST"}],"circlet_count":0,"master_deck":["AscendersBane","Strike_G","Defend_G","Defend_G","Survivor","Neutralize","Poisoned Stab","Bane","Slice","Deadly Poison","Glass Knife+1","Corpse Explosion","Deflect","Dodge and Roll","Envenom","Footwork+1","All Out Attack+1","Cloak And Dagger+1","Leg Sweep","Doppelganger","Crippling Poison"],"relics":["Ring of the Snake","Pantograph","Snake Skull","Pen Nib","Bronze Scales","Astrolabe","Juzu Bracelet","Red Mask","Potion Belt","Ornamental Fan"],"acts_visited":["Exordium","TheCity"],"potions_floor_usage":[29,29],"damage_taken":[{"damage":8.0,"enemies":"Jaw Worm","floor":1.0,"turns":8.0},{"damage":0.0,"enemies":"2 Louse","floor":2.0,"turns":3.0},{"damage":0.0,"enemies":"Small Slimes","floor":3.0,"turns":2.0},{"damage":2.0,"enemies":"3 Louse","floor":4.0,"turns":4.0},{"damage":25.0,"enemies":"Gremlin Gang","floor":5.0,"turns":6.0},{"damage":30.0,"enemies":"Lagavulin","floor":7.0,"turns":6.0},{"damage":4.0,"enemies":"Blue Slaver","floor":10.0,"turns":2.0},{"damage":30.0,"enemies":"3 Sentries","floor":11.0,"turns":10.0},{"damage":1.0,"enemies":"2 Fungi Beasts","floor":12.0,"turns":2.0},{"damage":0.0,"enemies":"Gremlin Nob","floor":14.0,"turns":3.0},{"damage":35.0,"enemies":"Hexaghost","floor":16.0,"turns":8.0},{"damage":0.0,"enemies":"3 Byrds","floor":18.0,"turns":2.0},{"damage":0.0,"enemies":"Masked Bandits","floor":21.0,"turns":2.0},{"damage":9.0,"enemies":"Spheric Guardian","floor":22.0,"turns":4.0},{"damage":41.0,"enemies":"Book of Stabbing","floor":24.0,"turns":7.0},{"damage":6.0,"enemies":"Centurion and Healer","floor":27.0,"turns":5.0},{"damage":13,"enemies":"Gremlin Leader","floor":29,"turns":5}],"seed_played":"-3429720941438267621","potions_obtained":[{"floor":2.0,"key":"FearPotion"},{"floor":5.0,"key":"Explosive Potion"},{"floor":7.0,"key":"Poison Potion"},{"floor":11.0,"key":"Block Potion"},{"floor":12.0,"key":"SteroidPotion"},{"floor":18.0,"key":"SteroidPotion"},{"floor":24.0,"key":"SpeedPotion"},{"floor":27.0,"key":"DuplicationPotion"}],"is_trial":false,"path_per_floor":["M","M","M","M","M","R","E","R","T","M","E","M","R","E","R","B",null,"M","?","$","?","M","R","E","?","T","M","?","E"],"character_chosen":"THE_SILENT","items_purchased":["Leg Sweep","Juzu Bracelet"],"campfire_rested":4,"item_purchase_floors":[20,20],"current_hp_per_floor":[63,63,63,61,36,59,29,52,52,48,18,17,40,40,40,30,66,66,44,44,44,35,59,18,18,18,12,12,0,0],"gold":56,"neow_bonus":"TWENTY_PERCENT_HP_BONUS","is_daily":false,"chose_seed":false,"campfire_upgraded":1,"win_rate":0.0,"timestamp":1609835248,"path_taken":["M","M","M","M","M","R","E","R","T","M","E","M","R","E","R","BOSS","M","?","$","?","M","R","E","?","T","M","?","E"],"items_purchased_type":["Card","Relic"],"build_version":"2020-12-18","purchased_purges":1,"victory":false,"max_hp_per_floor":[78,78,78,78,78,78,78,78,78,78,78,78,78,78,78,78,78,78,83,83,83,83,83,83,83,83,83,83,83,83],"card_choices":[{"not_picked":["Dodge and Roll","Flying Knee"],"picked":"Poisoned Stab","floor":1.0},{"not_picked":["Heel Hook","Crippling Poison"],"picked":"Bane","floor":2.0},{"not_picked":["Quick Slash","Masterful Stab"],"picked":"Slice","floor":3.0},{"not_picked":["Flechettes","Backstab"],"picked":"Deadly Poison","floor":4.0},{"not_picked":["Backflip","Flying Knee"],"picked":"Glass Knife","floor":5.0},{"not_picked":["Reflex","Bouncing Flask"],"picked":"Corpse Explosion","floor":7.0},{"not_picked":["All Out Attack","Dagger Throw","Underhanded Strike"],"picked":"SKIP","floor":10.0},{"not_picked":["Heel Hook","Acrobatics"],"picked":"Deflect","floor":11.0},{"not_picked":["Underhanded Strike","PiercingWail"],"picked":"Dodge and Roll","floor":12.0},{"not_picked":["Wraith Form v2","Acrobatics","All Out Attack"],"picked":"SKIP","floor":14.0},{"not_picked":["Night Terror","A Thousand Cuts"],"picked":"Envenom","floor":16.0},{"not_picked":["Concentrate","Prepared","Dagger Throw+1"],"picked":"SKIP","floor":18.0},{"not_picked":["Riddle With Holes","Cloak And Dagger","PiercingWail"],"picked":"SKIP","floor":22.0},{"not_picked":["Backstab","Slice","Outmaneuver"],"picked":"SKIP","floor":24.0},{"not_picked":["Dagger Throw","Heel Hook","Expertise"],"picked":"SKIP","floor":27.0}],"player_experience":775870,"relics_obtained":[{"floor":7.0,"key":"Pantograph"},{"floor":9.0,"key":"Snake Skull"},{"floor":11.0,"key":"Pen Nib"},{"floor":14.0,"key":"Bronze Scales"},{"floor":21.0,"key":"Red Mask"},{"floor":24.0,"key":"Potion Belt"},{"floor":26.0,"key":"Ornamental Fan"}],"event_choices":[{"damage_healed":0.0,"max_hp_gain":5.0,"max_hp_loss":0.0,"gold_gain":0.0,"event_name":"Forgotten Altar","player_choice":"Shed Blood","floor":19.0,"gold_loss":0.0,"damage_taken":27.0},{"damage_healed":0.0,"max_hp_gain":0.0,"max_hp_loss":0.0,"gold_gain":0.0,"event_name":"Masked Bandits","player_choice":"Fought Bandits","floor":21.0,"gold_loss":0.0,"damage_taken":0.0},{"cards_removed":["Strike_G"],"damage_healed":0.0,"max_hp_gain":0.0,"max_hp_loss":0.0,"gold_gain":0.0,"event_name":"Beggar","player_choice":"Gave Gold","floor":25.0,"gold_loss":75.0,"damage_taken":0.0},{"damage_healed":0.0,"max_hp_gain":0.0,"max_hp_loss":0.0,"gold_gain":0.0,"cards_transformed":["Strike_G","Defend_G"],"event_name":"Drug Dealer","player_choice":"Became Test Subject","floor":28.0,"gold_loss":0.0,"damage_taken":0.0,"cards_obtained":["Doppelganger","Crippling Poison"]}],"is_beta":true,"boss_relics":[{"not_picked":["Tiny House","Snecko Eye"],"picked":"Astrolabe"}],"items_purged_floors":[20],"is_endless":false,"potions_floor_spawned":[2,5,7,11,12,18,24,27],"killed_by":"Gremlin Leader","ascension_level":16}}