{"host":"ta9mufxydm4vkknf","time":1609862889,"event":{"mods":["AchievementEnabler","BaseMod","Minty Spire (QoL Compilation)","Quick Restart"],"gold_per_floor":[119,119,130,305,155,181,181,214,214,289,289,308,337,350,350,350,350],"floor_reached":16,"playtime":704,"items_purged":["Doubt"],"score":157,"play_id":"0c7d55d9-9de7-49b9-9d9a-577b0bceb1c3","local_time":"20210105170809","is_ascension_mode":true,"campfire_choices":[{"data":"Strike_G","floor":7,"key":"PURGE"},{"data":"Backflip","floor":11,"key":"SMITH"},{"floor":15,"key":"REST"}],"circlet_count":0,"master_deck":["Strike_G","Strike_G","Strike_G","Strike_G","Defend_G","Defend_G","Defend_G","Defend_G","Defend_G","Survivor","Neutralize","Acrobatics","Quick Slash","Well Laid Plans","Sucker Punch","Backflip+1","Footwork","Tactician","Backflip"],"relics":["Ring of the Snake","NeowsBlessing","Matryoshka","Peace Pipe","Tingsha","Boot","Snake Skull","Omamori"],"acts_visited":["Exordium"],"potions_floor_usage":[8,16,16],"damage_taken":[{"damage":0,"enemies":"2 Louse","floor":1,"turns":1},{"damage":0,"enemies":"Jaw Worm","floor":3,"turns":1},{"damage":0,"enemies":"Lagavulin","floor":6,"turns":1},{"damage":13,"enemies":"Gremlin Nob","floor":8,"turns":5},{"damage":0,"enemies":"Small Slimes","floor":12,"turns":3},{"damage":20,"enemies":"3 Sentries","floor":13,"turns":10},{"damage":0,"enemies":"3 Louse","floor":14,"turns":4},{"damage":38,"enemies":"Hexaghost","floor":16,"turns":17}],"seed_played":"-7808024296509839016","potions_obtained":[{"floor":1,"key":"Explosive Potion"},{"floor":6,"key":"AttackPotion"},{"floor":14,"key":"GhostInAJar"}],"is_trial":false,"path_per_floor":["M","?","M","?","$","E","R","E","T","?","R","M","E","M","R","B"],"character_chosen":"THE_SILENT","items_purchased":["Well Laid Plans"],"campfire_rested":1,"item_purchase_floors":[5],"current_hp_per_floor":[70,58,58,58,58,58,58,45,45,34,34,34,14,14,35,0,0],"gold":350,"neow_bonus":"THREE_ENEMY_KILL","is_daily":false,"chose_seed":false,"campfire_upgraded":1,"win_rate":0.0,"timestamp":1609862889,"path_taken":["M","?","M","?","$","E","R","E","T","?","R","M","E","M","R","BOSS"],"items_purchased_type":["Card"],"build_version":"2020-12-22","purchased_purges":1,"victory":false,"max_hp_per_floor":[70,70,70,70,70,70,70,70,70,70,70,70,70,70,70,70,70],"card_choices":[{"not_picked":["Deadly Poison","Dodge and Roll"],"picked":"Acrobatics","floor":1},{"not_picked":["Cloak And Dagger","Backflip"],"picked":"Quick Slash","floor":3},{"not_picked":["Infinite Blades","Catalyst"],"picked":"Sucker Punch","floor":6},{"not_picked":["Endless Agony","Distraction"],"picked":"Backflip","floor":8},{"not_picked":["Leg Sweep","Infinite Blades"],"picked":"Footwork","floor":12},{"not_picked":["PiercingWail","Noxious Fumes"],"picked":"Tactician","floor":13},{"not_picked":["Deadly Poison","Sucker Punch"],"picked":"Backflip","floor":14}],"player_experience":229617,"relics_obtained":[{"floor":6,"key":"Peace Pipe"},{"floor":8,"key":"Tingsha"},{"floor":9,"key":"Boot"},{"floor":9,"key":"Snake Skull"},{"floor":13,"key":"Omamori"}],"event_choices":[{"damage_healed":0,"gold_gain":0,"player_choice":"Success","damage_taken":12,"relics_obtained":["Matryoshka"],"max_hp_gain":0,"max_hp_loss":0,"event_name":"Scrap Ooze","floor":2,"gold_loss":0},{"damage_healed":0,"gold_gain":175,"player_choice":"AGREE","damage_taken":0,"max_hp_gain":0,"max_hp_loss":0,"event_name":"Liars Game","floor":4,"gold_loss":0,"cards_obtained":["Doubt"]},{"damage_healed":0,"gold_gain":75,"player_choice":"Gather Gold","damage_taken":11,"max_hp_gain":0,"max_hp_loss":0,"event_name":"World of Goop","floor":10,"gold_loss":0}],"is_beta":false,"boss_relics":[],"items_purged_floors":[5],"is_endless":false,"potions_floor_spawned":[1,6,14],"killed_by":"Hexaghost","ascension_level":2}}