{"host":"cv77zuuuekizn3ic","time":1609846717,"event":{"mods":["AchievementEnabler","BaseMod","Marisa£®ÏF”Í°°ƒß¿Ì…≥£©","Minty Spire (QoL Compilation)","StSLib","Waifu the Spire","everything is the same but u backflip on backflip","slay the spire mod where everything is the same but ironclad has a cowboy hat"],"gold_per_floor":[111,111,111,111,129,129,159,40,65,91,166,195,215,225,225,302,302,320,330,429,429,429,429,456,475,501,426,426,32,32,42,42,113,113,131,81,81,101,116,116,147,164,213,240,286,309,321,333,345,357,369,381,36,67,67],"floor_reached":56,"playtime":5773,"items_purged":["Strike_B","Strike_B+1","Defend_B","Defend_B"],"score":1913,"play_id":"1de7a5e2-a2f2-4b29-87cf-c5e6c953f7de","local_time":"20210105193837","is_ascension_mode":true,"campfire_choices":[{"data":"Heatsinks","floor":6.0,"key":"SMITH"},{"data":"Defragment","floor":15.0,"key":"SMITH"},{"data":"Zap","floor":23.0,"key":"SMITH"},{"floor":28.0,"key":"REST"},{"floor":30.0,"key":"DIG"},{"data":"Dualcast","floor":32.0,"key":"SMITH"},{"data":"Heatsinks","floor":40.0,"key":"SMITH"},{"floor":47,"key":"RECALL"},{"floor":49,"key":"DIG"},{"data":"Amplify","floor":52,"key":"SMITH"}],"circlet_count":0,"master_deck":["AscendersBane","Zap+1","Dualcast+1","Heatsinks+1","Chill","Cold Snap","Heatsinks+1","Defragment+1","Force Field","Compile Driver","Hologram","Biased Cognition","Steam Power+1","Tempest","Loop","Defragment+1","Scrape","Amplify+1","Coolheaded","Barrage","Rainbow","Hello World","White Noise","Capacitor","Force Field"],"relics":["Cracked Core","NeowsBlessing","Smiling Mask","Question Card","Shovel","Mummified Hand","Nuclear Battery","Nilry\u0027s Codex","Bottled Flame","Whetstone","Anchor","DollysMirror","Matryoshka","Coffee Dripper","MealTicket","Orichalcum","MawBank","FossilizedHelix","Toy Ornithopter","Bag of Preparation","Akabeko"],"acts_visited":["Exordium","TheCity","TheBeyond","TheEnding"],"potions_floor_usage":[55,55],"damage_taken":[{"damage":0.0,"enemies":"Cultist","floor":1.0,"turns":1.0},{"damage":0.0,"enemies":"Jaw Worm","floor":5.0,"turns":1.0},{"damage":0.0,"enemies":"3 Sentries","floor":7.0,"turns":1.0},{"damage":9.0,"enemies":"Gremlin Nob","floor":10.0,"turns":5.0},{"damage":12.0,"enemies":"Lagavulin","floor":12.0,"turns":9.0},{"damage":0.0,"enemies":"2 Louse","floor":13.0,"turns":2.0},{"damage":7.0,"enemies":"Large Slime","floor":14.0,"turns":7.0},{"damage":5.0,"enemies":"The Guardian","floor":16.0,"turns":14.0},{"damage":12.0,"enemies":"2 Thieves","floor":18.0,"turns":4.0},{"damage":0.0,"enemies":"Chosen","floor":19.0,"turns":4.0},{"damage":24.0,"enemies":"Slavers","floor":24.0,"turns":4.0},{"damage":12.0,"enemies":"Snake Plant","floor":25.0,"turns":3.0},{"damage":0.0,"enemies":"Sentry and Sphere","floor":31.0,"turns":2.0},{"damage":22.0,"enemies":"Champ","floor":33.0,"turns":9.0},{"damage":0.0,"enemies":"Orb Walker","floor":35.0,"turns":2.0},{"damage":8.0,"enemies":"3 Darklings","floor":38.0,"turns":4.0},{"damage":0.0,"enemies":"Jaw Worm Horde","floor":39.0,"turns":2.0},{"damage":14.0,"enemies":"Reptomancer","floor":41.0,"turns":4.0},{"damage":0.0,"enemies":"Writhing Mass","floor":42.0,"turns":3.0},{"damage":0.0,"enemies":"Sphere and 2 Shapes","floor":44.0,"turns":3.0},{"damage":0,"enemies":"Nemesis","floor":45,"turns":5},{"damage":0,"enemies":"4 Shapes","floor":46,"turns":2},{"damage":23,"enemies":"Time Eater","floor":50,"turns":10},{"damage":12,"enemies":"Shield and Spear","floor":54,"turns":5},{"damage":38,"enemies":"The Heart","floor":55,"turns":11}],"seed_played":"-8939705068136831493","potions_obtained":[{"floor":1.0,"key":"EssenceOfSteel"},{"floor":14.0,"key":"PowerPotion"},{"floor":16.0,"key":"ColorlessPotion"},{"floor":18.0,"key":"FocusPotion"},{"floor":19.0,"key":"Fire Potion"},{"floor":25.0,"key":"PotionOfCapacity"},{"floor":38.0,"key":"SpeedPotion"},{"floor":42.0,"key":"Regen Potion"},{"floor":44.0,"key":"EssenceOfSteel"}],"is_trial":false,"path_per_floor":["M","?","?","?","M","R","E","$","T","E","?","E","M","M","R","B",null,"M","M","?","?","?","R","E","M","T","?","R","$","R","M","R","B",null,"M","$","?","M","M","R","E","M","T","M","E","M","R","?","R","B",null,"R","$","E","B",null],"character_chosen":"DEFECT","items_purchased":["Defragment","Loop","Anchor","DollysMirror","Bag of Preparation","Capacitor","Force Field"],"campfire_rested":1,"item_purchase_floors":[8,29,29,29,53,53,53],"current_hp_per_floor":[68,68,73,61,61,61,61,61,61,52,44,32,32,25,25,20,65,53,53,53,53,37,37,13,1,1,1,25,25,25,25,25,3,61,61,61,61,53,53,53,39,39,39,39,39,39,39,39,39,16,64,64,79,67,39],"gold":67,"neow_bonus":"THREE_ENEMY_KILL","is_daily":false,"chose_seed":false,"campfire_upgraded":6,"win_rate":0.0,"timestamp":1609846717,"path_taken":["M","?","?","?","M","R","E","$","T","E","?","E","?","M","R","BOSS","M","M","?","?","?","R","E","M","T","?","R","$","R","M","R","BOSS","M","$","?","?","M","R","E","M","T","M","E","M","R","?","R","BOSS","R","$","E","BOSS"],"items_purchased_type":["Card","Card","Relic","Relic","Relic","Card","Card"],"build_version":"2020-12-22","purchased_purges":4,"victory":true,"max_hp_per_floor":[75,75,80,80,80,80,80,80,80,80,80,80,80,80,80,80,80,80,80,80,80,80,80,80,80,80,80,80,80,80,80,80,80,80,80,80,80,80,80,80,80,80,80,80,80,80,80,80,80,80,80,80,80,80,80],"card_choices":[{"not_picked":["Scrape","Conserve Battery"],"picked":"Heatsinks","floor":1.0},{"not_picked":["Double Energy","Hologram"],"picked":"Cold Snap","floor":5.0},{"not_picked":["White Noise","Streamline"],"picked":"Heatsinks","floor":7.0},{"not_picked":["Stack","Darkness","Blizzard"],"picked":"Force Field","floor":10.0},{"not_picked":["Barrage","Aggregate","Rebound"],"picked":"Compile Driver","floor":12.0},{"not_picked":["Melter","Doom and Gloom","Steam"],"picked":"Hologram","floor":13.0},{"not_picked":["Leap","Conserve Battery","Hologram","Rebound"],"picked":"SKIP","floor":14.0},{"not_picked":["Hyperbeam","Meteor Strike","Fission"],"picked":"Biased Cognition","floor":16.0},{"not_picked":["Aggregate","Go for the Eyes","Double Energy"],"picked":"Steam Power+1","floor":18.0},{"not_picked":["Auto Shields","Conserve Battery","Redo"],"picked":"Tempest","floor":19.0},{"not_picked":["Scrape","Undo","Rebound","Leap"],"picked":"SKIP","floor":24.0},{"not_picked":["Compile Driver","Aggregate","Rip and Tear+1","Rebound"],"picked":"SKIP","floor":25.0},{"not_picked":["Rebound","Leap","Chill"],"picked":"Scrape","floor":31.0},{"not_picked":["All For One","Machine Learning","Thunder Strike"],"picked":"Amplify","floor":33.0},{"not_picked":["Compile Driver","Static Discharge","Reprogram"],"picked":"Coolheaded","floor":35.0},{"not_picked":["Hologram+1","Sweeping Beam","Leap","Tempest"],"picked":"SKIP","floor":38.0},{"not_picked":["Static Discharge","Streamline","Rebound","Melter"],"picked":"SKIP","floor":39.0},{"not_picked":["Static Discharge","Consume","Steam"],"picked":"Rainbow","floor":41.0},{"not_picked":["Hello World","Auto Shields","Rebound","Go for the Eyes+1"],"picked":"SKIP","floor":42.0},{"not_picked":["Consume+1","Aggregate","Leap","Sweeping Beam+1"],"picked":"SKIP","floor":44.0},{"not_picked":["Steam","Fusion+1","Lockon"],"picked":"Hello World","floor":45},{"not_picked":["Compile Driver+1","Defragment","Barrage+1"],"picked":"White Noise","floor":46},{"not_picked":["Barrage","Chill+1","Force Field+1","Gash"],"picked":"SKIP","floor":54}],"player_experience":742958,"relics_obtained":[{"floor":7.0,"key":"Question Card"},{"floor":10.0,"key":"Shovel"},{"floor":12.0,"key":"Mummified Hand"},{"floor":22.0,"key":"Nilry\u0027s Codex"},{"floor":24.0,"key":"Bottled Flame"},{"floor":26.0,"key":"Whetstone"},{"floor":30.0,"key":"Matryoshka"},{"floor":41.0,"key":"MealTicket"},{"floor":43.0,"key":"Orichalcum"},{"floor":43.0,"key":"MawBank"},{"floor":45,"key":"FossilizedHelix"},{"floor":49,"key":"Toy Ornithopter"},{"floor":54,"key":"Akabeko"}],"event_choices":[{"damage_healed":0.0,"max_hp_gain":0.0,"max_hp_loss":0.0,"gold_gain":0.0,"cards_transformed":["Strike_B"],"event_name":"Living Wall","player_choice":"Change","floor":2.0,"gold_loss":0.0,"damage_taken":0.0,"cards_obtained":["Chill"]},{"damage_healed":0.0,"max_hp_gain":5.0,"max_hp_loss":0.0,"gold_gain":0.0,"event_name":"Big Fish","player_choice":"Donut","floor":3.0,"gold_loss":0.0,"damage_taken":0.0},{"damage_healed":0.0,"max_hp_gain":0.0,"max_hp_loss":0.0,"gold_gain":0.0,"event_name":"Scrap Ooze","player_choice":"Success","floor":4.0,"gold_loss":0.0,"damage_taken":12.0,"relics_obtained":["Smiling Mask"]},{"damage_healed":0.0,"max_hp_gain":0.0,"max_hp_loss":0.0,"gold_gain":75.0,"event_name":"FaceTrader","player_choice":"Touch","floor":11.0,"gold_loss":0.0,"damage_taken":8.0},{"damage_healed":0.0,"max_hp_gain":0.0,"max_hp_loss":0.0,"gold_gain":99.0,"event_name":"Nest","player_choice":"Stole From Cult","floor":20.0,"gold_loss":0.0,"damage_taken":0.0},{"damage_healed":0.0,"max_hp_gain":0.0,"max_hp_loss":0.0,"gold_gain":0.0,"event_name":"Vampires","player_choice":"Ignored","floor":21.0,"gold_loss":0.0,"damage_taken":0.0},{"damage_healed":0.0,"max_hp_gain":0.0,"max_hp_loss":0.0,"gold_gain":0.0,"event_name":"Cursed Tome","player_choice":"Obtained Book","floor":22.0,"gold_loss":0.0,"damage_taken":16.0},{"cards_removed":["Strike_B"],"damage_healed":0.0,"max_hp_gain":0.0,"max_hp_loss":0.0,"gold_gain":0.0,"event_name":"Beggar","player_choice":"Gave Gold","floor":27.0,"gold_loss":75.0,"damage_taken":0.0},{"damage_healed":0.0,"max_hp_gain":0.0,"max_hp_loss":0.0,"gold_gain":0.0,"cards_transformed":["Defend_B"],"event_name":"Transmorgrifier","player_choice":"Transformed","floor":37.0,"gold_loss":0.0,"damage_taken":0.0,"cards_obtained":["Barrage"]},{"cards_removed":["Defend_B"],"damage_healed":0,"gold_gain":0,"player_choice":"Purged","damage_taken":0,"max_hp_gain":0,"max_hp_loss":0,"event_name":"Purifier","floor":48,"gold_loss":0}],"is_beta":false,"boss_relics":[{"not_picked":["Fusion Hammer","Cursed Key"],"picked":"Nuclear Battery"},{"not_picked":["Runic Dome","Snecko Eye"],"picked":"Coffee Dripper"}],"items_purged_floors":[8,29,36,53],"is_endless":false,"potions_floor_spawned":[1,14,16,18,19,25,38,41,42,44,54],"ascension_level":13}}