{"host":"sav7uxregyirlf69","time":1609852416,"event":{"mods":["AchievementEnabler","BaseMod","Colored Map","DeckTracker","Keyboard Shortcuts","Minty Spire (QoL Compilation)","READ ME - Guardian Mod","StSLib","SuperFastMode"],"gold_per_floor":[119,137,62,62,79,79,106,118,118,144,91,106,106,122,122,201,201,219,15,32,49,67,67,81,107,107,135,135,135,145,160,160,236,236,247,247,247,261,271,306,306,332,332,23,35,64,83,99,99,99,99,99],"floor_reached":51,"playtime":1566,"items_purged":["Strike_R"],"score":1711,"play_id":"77798d1b-a393-4265-894b-ec893b0e9136","local_time":"20210105221336","is_ascension_mode":true,"campfire_choices":[{"data":"Uppercut","floor":6.0,"key":"SMITH"},{"data":"Flame Barrier","floor":15.0,"key":"SMITH"},{"data":"Bludgeon","floor":23.0,"key":"SMITH"},{"data":"Perfected Strike","floor":32.0,"key":"SMITH"},{"floor":41,"key":"REST"},{"floor":49,"key":"RECALL"}],"circlet_count":0,"master_deck":["AscendersBane","Strike_R","Strike_R","Strike_R","Strike_R","Defend_R","Defend_R+1","Defend_R+1","Bash","Uppercut+1","Flame Barrier+1","Wild Strike","Pommel Strike","Second Wind","Shrug It Off","Corruption","Shrug It Off","Dark Embrace","Shrug It Off","Flame Barrier","Bludgeon+1","Perfected Strike+1","Wild Strike","Perfected Strike+1","Sentinel+1","Blood for Blood","Perfected Strike","Shrug It Off+1","Wild Strike","Wild Strike","Feel No Pain+1","Shockwave+1","Reckless Charge","Pommel Strike","Feel No Pain+1","Sentinel+1","Shrug It Off+1"],"relics":["Burning Blood","Art of War","War Paint","White Beast Statue","Snecko Eye","Orrery","Toxic Egg 2","Lizard Tail","Frozen Egg 2","Runic Cube","Gambling Chip","MealTicket","Bottled Tornado","Du-Vu Doll","Darkstone Periapt"],"acts_visited":["Exordium","TheCity","TheBeyond"],"potions_floor_usage":[51],"damage_taken":[{"damage":6.0,"enemies":"2 Louse","floor":1.0,"turns":3.0},{"damage":7.0,"enemies":"Jaw Worm","floor":2.0,"turns":4.0},{"damage":4.0,"enemies":"Cultist","floor":5.0,"turns":3.0},{"damage":24.0,"enemies":"Gremlin Nob","floor":7.0,"turns":4.0},{"damage":6.0,"enemies":"Red Slaver","floor":8.0,"turns":3.0},{"damage":44.0,"enemies":"3 Sentries","floor":10.0,"turns":10.0},{"damage":0.0,"enemies":"Lots of Slimes","floor":12.0,"turns":2.0},{"damage":0.0,"enemies":"Large Slime","floor":14.0,"turns":4.0},{"damage":40.0,"enemies":"The Guardian","floor":16.0,"turns":17.0},{"damage":0.0,"enemies":"Chosen","floor":18.0,"turns":4.0},{"damage":1.0,"enemies":"2 Thieves","floor":20.0,"turns":4.0},{"damage":13.0,"enemies":"Sentry and Sphere","floor":21.0,"turns":4.0},{"damage":7.0,"enemies":"Centurion and Healer","floor":22.0,"turns":4.0},{"damage":0.0,"enemies":"3 Cultists","floor":24.0,"turns":4.0},{"damage":0.0,"enemies":"Gremlin Leader","floor":25.0,"turns":3.0},{"damage":0.0,"enemies":"Book of Stabbing","floor":27.0,"turns":3.0},{"damage":0.0,"enemies":"Snecko","floor":30.0,"turns":3.0},{"damage":0.0,"enemies":"Centurion and Healer","floor":31.0,"turns":2.0},{"damage":76.0,"enemies":"Collector","floor":33.0,"turns":9.0},{"damage":0.0,"enemies":"3 Darklings","floor":35.0,"turns":3.0},{"damage":0.0,"enemies":"3 Shapes","floor":38.0,"turns":3.0},{"damage":0.0,"enemies":"Sphere and 2 Shapes","floor":39.0,"turns":3.0},{"damage":56,"enemies":"Reptomancer","floor":40,"turns":7},{"damage":33,"enemies":"Giant Head","floor":42,"turns":7},{"damage":16,"enemies":"4 Shapes","floor":45,"turns":7},{"damage":0,"enemies":"Nemesis","floor":46,"turns":7},{"damage":3,"enemies":"Spire Growth","floor":47,"turns":4},{"damage":0,"enemies":"Maw","floor":48,"turns":5},{"damage":43,"enemies":"Donu and Deca","floor":50,"turns":8},{"damage":119,"enemies":"Awakened One","floor":51,"turns":10}],"seed_played":"6015066248064519100","potions_obtained":[{"floor":1.0,"key":"SkillPotion"},{"floor":2.0,"key":"FearPotion"},{"floor":10.0,"key":"Explosive Potion"},{"floor":12.0,"key":"HeartOfIron"},{"floor":13.0,"key":"Regen Potion"},{"floor":16.0,"key":"BloodPotion"},{"floor":18.0,"key":"ColorlessPotion"},{"floor":20.0,"key":"Fruit Juice"},{"floor":21.0,"key":"Fire Potion"},{"floor":30.0,"key":"BloodPotion"},{"floor":33.0,"key":"FearPotion"},{"floor":35.0,"key":"FairyPotion"},{"floor":40,"key":"Swift Potion"},{"floor":45,"key":"DuplicationPotion"}],"is_trial":false,"path_per_floor":["M","M","$","?","M","R","E","M","T","E","$","M","?","M","R","B",null,"M","$","M","M","M","R","M","E","T","E","$","T","M","M","R","B",null,"M","T","?","M","M","E","R","E","T","$","M","E","M","M","R","B","B"],"character_chosen":"IRONCLAD","items_purchased":["Shrug It Off","Dark Embrace","Orrery","Feel No Pain+1","Shockwave+1","Reckless Charge","Pommel Strike"],"campfire_rested":1,"item_purchase_floors":[11,19,19,44,44,44,44],"current_hp_per_floor":[75,74,74,74,76,76,58,58,58,20,20,26,26,32,32,13,65,71,71,82,80,79,79,85,87,87,87,87,87,87,87,87,17,70,87,87,87,87,87,37,63,36,36,51,41,47,50,56,56,19,0,0],"gold":99,"neow_bonus":"TEN_PERCENT_HP_BONUS","is_daily":false,"chose_seed":false,"campfire_upgraded":4,"win_rate":0.0,"timestamp":1609852416,"path_taken":["M","M","$","?","M","R","E","M","T","E","?","M","?","?","R","BOSS","M","?","M","M","?","R","M","E","T","E","$","?","?","M","R","BOSS","M","?","?","M","M","E","R","E","T","$","?","E","M","M","R","BOSS","BOSS"],"items_purchased_type":["Card","Card","Relic","Card","Card","Card","Card"],"build_version":"2020-12-22","purchased_purges":1,"victory":false,"max_hp_per_floor":[82,82,82,82,82,82,82,82,82,82,82,82,82,82,82,82,82,82,82,82,87,87,87,87,87,87,87,87,87,87,87,87,87,87,87,87,87,87,87,87,87,87,87,87,87,87,87,87,87,87,87,87],"card_choices":[{"not_picked":["Bloodletting","Sword Boomerang"],"picked":"Uppercut","floor":1.0},{"not_picked":["Heavy Blade","Clothesline"],"picked":"Flame Barrier","floor":2.0},{"not_picked":["Body Slam","Burning Pact"],"picked":"Wild Strike","floor":5.0},{"not_picked":["Clothesline","Ghostly Armor"],"picked":"Pommel Strike","floor":7.0},{"not_picked":["Headbutt","Twin Strike","Demon Form"],"picked":"SKIP","floor":8.0},{"not_picked":["Intimidate","Seeing Red"],"picked":"Second Wind","floor":10.0},{"not_picked":["Anger","Spot Weakness","Sword Boomerang"],"picked":"SKIP","floor":12.0},{"not_picked":["Uppercut","Heavy Blade","Anger"],"picked":"SKIP","floor":14.0},{"not_picked":["Impervious","Brutality"],"picked":"Corruption","floor":16.0},{"not_picked":["Flex","Anger"],"picked":"Shrug It Off","floor":18.0},{"not_picked":["Sentinel","Rupture+1"],"picked":"Shrug It Off","floor":19.0},{"not_picked":["Thunderclap","Flex"],"picked":"Flame Barrier","floor":19.0},{"not_picked":["Sword Boomerang","Rage"],"picked":"Bludgeon","floor":19.0},{"not_picked":["Shrug It Off","Reckless Charge"],"picked":"Perfected Strike","floor":19.0},{"not_picked":["Ghostly Armor","Bloodletting+1"],"picked":"Wild Strike","floor":19.0},{"not_picked":["Body Slam","Reckless Charge"],"picked":"Perfected Strike+1","floor":20.0},{"not_picked":["Warcry","Havoc+1","Anger"],"picked":"SKIP","floor":21.0},{"not_picked":["Flex","Anger","Clash"],"picked":"SKIP","floor":22.0},{"not_picked":["Exhume","Body Slam+1","Clash+1"],"picked":"SKIP","floor":24.0},{"not_picked":["Power Through+1","Clothesline"],"picked":"Sentinel+1","floor":25.0},{"not_picked":["Body Slam+1","Intimidate+1"],"picked":"Blood for Blood","floor":27.0},{"not_picked":["Heavy Blade","Dropkick","Hemokinesis"],"picked":"SKIP","floor":30.0},{"not_picked":["Clash","Seeing Red+1","Clothesline+1"],"picked":"SKIP","floor":31.0},{"not_picked":["Pommel Strike","Carnage+1"],"picked":"Perfected Strike","floor":35.0},{"not_picked":["Thunderclap+1","Cleave+1"],"picked":"Shrug It Off+1","floor":38.0},{"not_picked":["Clothesline","Metallicize+1"],"picked":"Wild Strike","floor":39.0},{"not_picked":["Anger+1","Limit Break+1","Dropkick+1"],"picked":"SKIP","floor":40},{"not_picked":["Cleave+1","Exhume+1"],"picked":"Wild Strike","floor":42},{"not_picked":["Shrug It Off+1","Heavy Blade"],"picked":"Feel No Pain+1","floor":45},{"not_picked":["Clash","Rampage+1"],"picked":"Sentinel+1","floor":46},{"not_picked":["Flex+1","Sever Soul","Whirlwind"],"picked":"SKIP","floor":47},{"not_picked":["Body Slam","Pommel Strike"],"picked":"Shrug It Off+1","floor":48}],"player_experience":1148386,"relics_obtained":[{"floor":7.0,"key":"Art of War"},{"floor":9.0,"key":"War Paint"},{"floor":10.0,"key":"White Beast Statue"},{"floor":25.0,"key":"Toxic Egg 2"},{"floor":27.0,"key":"Lizard Tail"},{"floor":29.0,"key":"Frozen Egg 2"},{"floor":36.0,"key":"Gambling Chip"},{"floor":40,"key":"MealTicket"},{"floor":42,"key":"Bottled Tornado"},{"floor":43,"key":"Du-Vu Doll"},{"floor":46,"key":"Darkstone Periapt"}],"event_choices":[{"damage_healed":0.0,"max_hp_gain":0.0,"max_hp_loss":0.0,"gold_gain":0.0,"event_name":"Liars Game","player_choice":"Ignored","floor":4.0,"gold_loss":0.0,"damage_taken":0.0},{"damage_healed":0.0,"max_hp_gain":0.0,"max_hp_loss":0.0,"gold_gain":0.0,"event_name":"Lab","player_choice":"Got Potions","floor":13.0,"gold_loss":0.0,"damage_taken":0.0},{"cards_removed":["Defend_R"],"damage_healed":0.0,"max_hp_gain":0.0,"max_hp_loss":0.0,"gold_gain":0.0,"event_name":"Purifier","player_choice":"Purged","floor":37.0,"gold_loss":0.0,"damage_taken":0.0}],"is_beta":false,"boss_relics":[{"not_picked":["Coffee Dripper","Runic Pyramid"],"picked":"Snecko Eye"},{"not_picked":["Pandora\u0027s Box","Busted Crown"],"picked":"Runic Cube"}],"items_purged_floors":[3],"is_endless":false,"potions_floor_spawned":[1,2,10,12,14,16,18,20,21,22,24,25,27,30,31,33,35,38,39,40,42,45,46,47,48],"killed_by":"Awakened One","ascension_level":20}}