{"host":"za51qju8r56bcr85","time":1609829327,"event":{"mods":["Act Like it!","BaseMod","Block Reminder","Googly Eyes","Minty Spire (QoL Compilation)","Quick Restart","Relic Sorter","Relic Stats","Shop Mod","StSLib","SuperFastMode"],"gold_per_floor":[17,31,31,47,66,66,66,66,66,78,78,108,127,162,162,245,245,267,278,278,287,167,167,189,189,243,293,310,325,336,65,65,141,141,152,427,446,464,229,229,251,285,339,357,383,383,401,436,436,436,436,436,436,1,41,41],"floor_reached":57,"playtime":2020,"items_purged":["Strike_R","Strike_R","Strike_R","Bash"],"score":2923,"play_id":"39a16898-6158-4f17-9d47-cafd3a6e17e0","local_time":"20210105144847","is_ascension_mode":true,"campfire_choices":[{"data":"Apotheosis","floor":6.0,"key":"SMITH"},{"floor":8.0,"key":"RECALL"},{"data":"Second Wind","floor":11.0,"key":"SMITH"},{"data":"Disarm","floor":15.0,"key":"SMITH"},{"data":"Burning Pact","floor":23.0,"key":"SMITH"},{"data":"Body Slam","floor":25.0,"key":"SMITH"},{"data":"Feel No Pain","floor":32,"key":"SMITH"},{"floor":40,"key":"REST"},{"data":"1","floor":46,"key":"LIFT"},{"data":"2","floor":49,"key":"LIFT"},{"data":"3","floor":53,"key":"LIFT"}],"circlet_count":0,"master_deck":["AscendersBane","Strike_R","Defend_R","Defend_R+1","Defend_R","Defend_R","Apotheosis+1","Shrug It Off+1","Reckless Charge","Disarm+1","Second Wind+1","Brutality","Dual Wield","Power Through","Burning Pact+1","Body Slam+1","Feel No Pain+1","Impervious+1","Dark Embrace","Deep Breath","Impatience","Rage+1"],"relics":["Burning Blood","Frozen Eye","The Courier","Pen Nib","CeramicFish","Runic Pyramid","Nilry\u0027s Codex","Omamori","Fusion Hammer","Medical Kit","Girya","War Paint","Boot","Akabeko","Lee\u0027s Waffle","Bag of Marbles","Bronze Scales"],"acts_visited":["Exordium","TheCity","TheBeyond","TheEnding"],"potions_floor_usage":[35,37,41,56,56],"damage_taken":[{"damage":2.0,"enemies":"Small Slimes","floor":1.0,"turns":5.0},{"damage":0.0,"enemies":"Cultist","floor":2.0,"turns":3.0},{"damage":0.0,"enemies":"2 Louse","floor":4.0,"turns":4.0},{"damage":14.0,"enemies":"Exordium Wildlife","floor":5.0,"turns":4.0},{"damage":0.0,"enemies":"2 Fungi Beasts","floor":10.0,"turns":4.0},{"damage":7.0,"enemies":"3 Sentries","floor":12.0,"turns":8.0},{"damage":4.0,"enemies":"Red Slaver","floor":13.0,"turns":4.0},{"damage":22.0,"enemies":"Lagavulin","floor":14.0,"turns":7.0},{"damage":20.0,"enemies":"The Guardian","floor":16.0,"turns":11.0},{"damage":5.0,"enemies":"Chosen","floor":18.0,"turns":6.0},{"damage":11.0,"enemies":"2 Thieves","floor":19.0,"turns":4.0},{"damage":5.0,"enemies":"Snecko","floor":24.0,"turns":3.0},{"damage":4,"enemies":"3 Cultists","floor":28,"turns":4},{"damage":0,"enemies":"Chosen and Byrds","floor":29,"turns":7},{"damage":16,"enemies":"Shelled Parasite and Fungi","floor":30,"turns":6},{"damage":16,"enemies":"Champ","floor":33,"turns":14},{"damage":0,"enemies":"3 Darklings","floor":35,"turns":10},{"damage":0,"enemies":"3 Shapes","floor":37,"turns":9},{"damage":7,"enemies":"Spire Growth","floor":38,"turns":6},{"damage":19,"enemies":"Transient","floor":41,"turns":6},{"damage":0,"enemies":"Mind Bloom Boss Battle","floor":42,"turns":8},{"damage":0,"enemies":"Giant Head","floor":45,"turns":4},{"damage":0,"enemies":"3 Darklings","floor":47,"turns":1},{"damage":0,"enemies":"Nemesis","floor":48,"turns":1},{"damage":25,"enemies":"Awakened One","floor":50,"turns":8},{"damage":5,"enemies":"Donu and Deca","floor":51,"turns":3},{"damage":2,"enemies":"Shield and Spear","floor":55,"turns":4},{"damage":8,"enemies":"The Heart","floor":56,"turns":7}],"seed_played":"-7640782204200239455","potions_obtained":[{"floor":1.0,"key":"Regen Potion"},{"floor":2.0,"key":"Swift Potion"},{"floor":10.0,"key":"PowerPotion"},{"floor":12.0,"key":"AttackPotion"},{"floor":29,"key":"SkillPotion"},{"floor":38,"key":"Explosive Potion"},{"floor":42,"key":"ColorlessPotion"}],"is_trial":false,"path_per_floor":["M","M","?","M","M","R","?","R","T","M","R","E","M","E","R","B",null,"M","M","?","?","$","R","M","R","T","?","M","M","M","$","R","B",null,"M","?","M","M","$","R","M","?","T","?","E","R","M","E","R","B","B",null,"R","$","E","B",null],"character_chosen":"IRONCLAD","items_purchased":["Burning Pact","Feel No Pain","Omamori","Medical Kit","Block Potion","Lee\u0027s Waffle","Bag of Marbles"],"campfire_rested":1,"item_purchase_floors":[22,31,31,39,54,54,54],"current_hp_per_floor":[72,75,75,75,67,67,67,67,67,73,73,72,74,58,58,44,67,68,63,42,42,42,42,43,43,43,36,38,44,34,34,34,24,62,68,68,74,73,73,75,62,68,68,58,64,64,70,75,75,56,57,71,71,82,82,80],"gold":41,"neow_bonus":"RANDOM_COLORLESS_2","is_daily":false,"chose_seed":false,"campfire_upgraded":6,"win_rate":0.0,"timestamp":1609829327,"path_taken":["M","M","?","M","M","R","?","R","T","M","R","E","M","E","R","BOSS","M","M","?","?","?","R","?","R","T","?","M","?","M","$","R","BOSS","M","?","?","M","$","R","M","?","T","?","E","R","M","E","R","BOSS","BOSS","R","$","E","BOSS"],"items_purchased_type":["Card","Card","Relic","Relic","Potion","Relic","Relic"],"build_version":"2020-12-22","purchased_purges":4,"victory":true,"max_hp_per_floor":[75,75,75,75,75,75,75,75,75,75,75,75,75,75,75,75,75,75,75,75,75,75,75,75,75,75,75,75,75,75,75,75,75,75,75,75,75,75,75,75,75,75,75,75,75,75,75,75,75,75,75,75,75,82,82,82],"relic_stats":{"Lee\u0027s Waffle":11,"counters":[28,161],"CeramicFish":99,"Bronze Scales":[96],"Pen Nib":[22],"War Paint":["Defend_R","Impervious"],"Medical Kit":[50],"Boot":[4],"obtain_stats":[{"Girya":42,"Lee\u0027s Waffle":54,"Nilry\u0027s Codex":20,"CeramicFish":14,"The Courier":9,"Pen Nib":12,"Omamori":31,"War Paint":43,"Medical Kit":39,"Boot":45,"Burning Blood":0,"Akabeko":48,"Frozen Eye":1,"Bronze Scales":55,"Fusion Hammer":34,"Bag of Marbles":54,"Runic Pyramid":17},{"Girya":21,"Lee\u0027s Waffle":26,"Nilry\u0027s Codex":11,"CeramicFish":8,"The Courier":4,"Pen Nib":6,"Omamori":15,"War Paint":21,"Medical Kit":19,"Boot":22,"Burning Blood":0,"Akabeko":24,"Frozen Eye":1,"Bronze Scales":27,"Fusion Hammer":16,"Bag of Marbles":26,"Runic Pyramid":9},{"Girya":133,"Lee\u0027s Waffle":150,"Nilry\u0027s Codex":60,"CeramicFish":39,"The Courier":16,"Pen Nib":28,"Omamori":80,"War Paint":133,"Medical Kit":119,"Boot":137,"Burning Blood":0,"Akabeko":139,"Frozen Eye":1,"Bronze Scales":154,"Fusion Hammer":94,"Bag of Marbles":150,"Runic Pyramid":50}],"Burning Blood":154},"card_choices":[{"not_picked":["The Bomb","Thinking Ahead"],"picked":"Apotheosis","floor":0.0},{"not_picked":["Anger","Sever Soul","Twin Strike"],"picked":"SKIP","floor":1.0},{"not_picked":["Iron Wave","Cleave"],"picked":"Shrug It Off","floor":2.0},{"not_picked":["Pummel","Shrug It Off"],"picked":"Reckless Charge","floor":4.0},{"not_picked":["Armaments","Heavy Blade"],"picked":"Disarm","floor":5.0},{"not_picked":["Feel No Pain","Seeing Red"],"picked":"Second Wind","floor":10.0},{"not_picked":["Flex","Spot Weakness","Bludgeon"],"picked":"SKIP","floor":12.0},{"not_picked":["Flame Barrier","Warcry","Thunderclap"],"picked":"SKIP","floor":13.0},{"not_picked":["Headbutt","Ghostly Armor","Entrench"],"picked":"SKIP","floor":14.0},{"not_picked":["Impervious","Bludgeon"],"picked":"Brutality","floor":16.0},{"not_picked":["Clothesline","Havoc"],"picked":"Dual Wield","floor":18.0},{"not_picked":["Twin Strike+1","Disarm","Combust"],"picked":"SKIP","floor":19.0},{"not_picked":["Havoc+1","Carnage"],"picked":"Body Slam","floor":24.0},{"not_picked":["Cleave","Clothesline","Whirlwind"],"picked":"SKIP","floor":28},{"not_picked":["Anger","Warcry","Immolate"],"picked":"SKIP","floor":29},{"not_picked":["Sword Boomerang","Body Slam","Intimidate"],"picked":"SKIP","floor":30},{"not_picked":["Shrug It Off+1","Cleave","Rage"],"picked":"SKIP","floor":35},{"not_picked":["Cleave","Headbutt","Metallicize+1"],"picked":"SKIP","floor":37},{"not_picked":["Clash+1","Combust","Cleave"],"picked":"SKIP","floor":38},{"not_picked":["Hemokinesis","Wild Strike+1"],"picked":"Impervious","floor":41},{"not_picked":["Cleave+1","Twin Strike+1"],"picked":"Dark Embrace","floor":42},{"not_picked":["Jack Of All Trades","Trip"],"picked":"Deep Breath","floor":44},{"not_picked":["Dark Shackles","Finesse"],"picked":"Impatience","floor":44},{"not_picked":["Clash","Thunderclap+1","Whirlwind"],"picked":"SKIP","floor":45},{"not_picked":["Headbutt","Cleave+1","Inflame"],"picked":"SKIP","floor":47},{"not_picked":["Flex","Armaments","Battle Trance"],"picked":"SKIP","floor":48},{"not_picked":["Thunderclap","Pommel Strike"],"picked":"Rage+1","floor":55}],"player_experience":1328779,"relics_obtained":[{"floor":9.0,"key":"The Courier"},{"floor":12.0,"key":"Pen Nib"},{"floor":14.0,"key":"CeramicFish"},{"floor":20.0,"key":"Nilry\u0027s Codex"},{"floor":42,"key":"Girya"},{"floor":43,"key":"War Paint"},{"floor":45,"key":"Boot"},{"floor":48,"key":"Akabeko"},{"floor":55,"key":"Bronze Scales"}],"event_choices":[{"cards_removed":["Strike_R"],"damage_healed":0.0,"max_hp_gain":0.0,"max_hp_loss":0.0,"gold_gain":0.0,"event_name":"Living Wall","player_choice":"Forget","floor":3.0,"gold_loss":0.0,"damage_taken":0.0},{"damage_healed":0.0,"max_hp_gain":0.0,"max_hp_loss":0.0,"gold_gain":0.0,"event_name":"Accursed Blacksmith","player_choice":"Forge","floor":7.0,"gold_loss":0.0,"damage_taken":0.0,"cards_upgraded":["Shrug It Off"]},{"damage_healed":0.0,"max_hp_gain":0.0,"max_hp_loss":0.0,"gold_gain":0.0,"event_name":"Cursed Tome","player_choice":"Obtained Book","floor":20.0,"gold_loss":0.0,"damage_taken":21.0},{"damage_healed":0.0,"max_hp_gain":0.0,"max_hp_loss":0.0,"gold_gain":0.0,"event_name":"The Library","player_choice":"Read","floor":21.0,"gold_loss":0.0,"damage_taken":0.0,"cards_obtained":["Power Through"]},{"damage_healed":0.0,"max_hp_gain":0.0,"max_hp_loss":0.0,"gold_gain":50.0,"event_name":"FaceTrader","player_choice":"Touch","floor":27.0,"gold_loss":0.0,"damage_taken":7.0},{"damage_healed":0,"gold_gain":275,"player_choice":"Desecrate","damage_taken":0,"max_hp_gain":0,"max_hp_loss":0,"event_name":"Golden Shrine","floor":36,"gold_loss":0,"cards_obtained":["Regret"]},{"damage_healed":0,"gold_gain":0,"player_choice":"Fight","damage_taken":0,"max_hp_gain":0,"max_hp_loss":0,"event_name":"MindBloom","floor":42,"gold_loss":0},{"damage_healed":0,"gold_gain":0,"player_choice":"Memory 3","damage_taken":10,"max_hp_gain":0,"max_hp_loss":0,"event_name":"SensoryStone","floor":44,"gold_loss":0}],"is_beta":false,"boss_relics":[{"not_picked":["Mark of Pain","Busted Crown"],"picked":"Runic Pyramid"},{"not_picked":["Runic Dome","Velvet Choker"],"picked":"Fusion Hammer"}],"items_purged_floors":[22,31,39,54],"is_endless":false,"potions_floor_spawned":[1,2,10,12,18,29,38,42,55],"ascension_level":20}}