{"host":"39tyozym5sxfdumj","time":1609885473,"event":{"mods":["AchievementEnabler","BaseMod","Bestiary","Block Reminder","Colored Powertips","Minty Spire (QoL Compilation)"],"gold_per_floor":[110,110,10,10,23,23,38,38,38,50,81,81,112,125,125,223,223,237,253,253,265,281,281,313,313,313,313,331,331,348,374,374,374,374],"floor_reached":33,"playtime":1912,"items_purged":["Defend_B"],"score":312,"play_id":"0e9e13cf-31a1-4c77-a6c1-08ec77d7b5a1","local_time":"20210105232433","is_ascension_mode":true,"campfire_choices":[{"data":"Zap","floor":6,"key":"SMITH"},{"floor":12,"key":"REST"},{"floor":15,"key":"REST"},{"floor":23,"key":"REST"},{"floor":25,"key":"REST"},{"floor":27,"key":"REST"},{"floor":32,"key":"REST"}],"circlet_count":0,"master_deck":["Strike_B","Defend_B+1","Defend_B+1","Zap+1","Dualcast","Go for the Eyes","Redo+1","Rebound","Regret","Ball Lightning","Capacitor","Self Repair","Cold Snap","Chaos+1","Coolheaded","CurseOfTheBell","Lockon","BootSequence","Streamline","Rainbow","Static Discharge+1","Melter","Lockon"],"relics":["Cracked Core","Bird Faced Urn","Shuriken","Mercury Hourglass","Sundial","Blue Candle","Calling Bell","War Paint","White Beast Statue","TungstenRod","Incense Burner","Molten Egg 2"],"acts_visited":["Exordium","TheCity"],"potions_floor_usage":[22,24,24],"damage_taken":[{"damage":0,"enemies":"Jaw Worm","floor":1,"turns":3},{"damage":8,"enemies":"2 Louse","floor":5,"turns":2},{"damage":7,"enemies":"Small Slimes","floor":7,"turns":2},{"damage":8,"enemies":"3 Louse","floor":10,"turns":2},{"damage":24,"enemies":"3 Sentries","floor":11,"turns":5},{"damage":23,"enemies":"Gremlin Nob","floor":13,"turns":4},{"damage":9,"enemies":"Exordium Thugs","floor":14,"turns":3},{"damage":27,"enemies":"Hexaghost","floor":16,"turns":10},{"damage":6,"enemies":"3 Byrds","floor":18,"turns":3},{"damage":16,"enemies":"Spheric Guardian","floor":19,"turns":4},{"damage":45,"enemies":"Cultist and Chosen","floor":21,"turns":6},{"damage":35,"enemies":"3 Cultists","floor":22,"turns":6},{"damage":28,"enemies":"Slavers","floor":24,"turns":4},{"damage":24,"enemies":"Shelled Parasite and Fungi","floor":28,"turns":5},{"damage":4,"enemies":"Chosen and Byrds","floor":30,"turns":4},{"damage":23,"enemies":"Book of Stabbing","floor":31,"turns":5},{"damage":69,"enemies":"Collector","floor":33,"turns":5}],"seed_played":"5741537860993129381","potions_obtained":[{"floor":7,"key":"CultistPotion"},{"floor":10,"key":"PowerPotion"},{"floor":13,"key":"EssenceOfSteel"},{"floor":18,"key":"BlessingOfTheForge"},{"floor":19,"key":"Explosive Potion"},{"floor":22,"key":"Dexterity Potion"},{"floor":24,"key":"Strength Potion"},{"floor":28,"key":"Swift Potion"},{"floor":30,"key":"SteroidPotion"}],"is_trial":false,"path_per_floor":["M","?","$","?","M","R","M","?","T","M","E","R","E","M","R","B",null,"M","M","?","M","M","R","E","R","T","R","M","?","M","E","R","B"],"character_chosen":"DEFECT","items_purchased":["Rebound"],"campfire_rested":6,"item_purchase_floors":[3],"current_hp_per_floor":[75,60,60,60,52,52,45,42,42,34,19,41,29,31,53,28,75,75,68,68,34,12,34,15,37,37,59,46,46,55,43,65,0,0],"gold":374,"neow_bonus":"TRANSFORM_CARD","is_daily":false,"chose_seed":false,"campfire_upgraded":1,"win_rate":0.0,"timestamp":1609885473,"path_taken":["M","?","$","?","M","R","M","?","T","M","E","R","E","M","R","BOSS","M","M","?","M","?","R","E","R","T","R","M","?","M","E","R","BOSS"],"items_purchased_type":["Card"],"build_version":"2020-12-22","purchased_purges":1,"victory":false,"max_hp_per_floor":[75,75,75,75,75,75,75,75,75,75,75,75,75,75,75,75,75,75,75,75,75,75,75,75,75,75,75,75,75,75,75,75,75,75],"card_choices":[{"not_picked":["Leap","Stack"],"picked":"Redo","floor":1},{"not_picked":["Steam","Gash"],"picked":"Ball Lightning","floor":5},{"not_picked":["Conserve Battery","Compile Driver"],"picked":"Capacitor","floor":7},{"not_picked":["Undo","Compile Driver"],"picked":"Self Repair","floor":10},{"not_picked":["Streamline","Scrape"],"picked":"Cold Snap","floor":11},{"not_picked":["Steam Power","Rebound"],"picked":"Chaos","floor":13},{"not_picked":["Go for the Eyes","Sunder"],"picked":"Coolheaded","floor":14},{"not_picked":["Cold Snap","Steam+1","Compile Driver"],"picked":"SKIP","floor":18},{"not_picked":["BootSequence+1","Tempest"],"picked":"Lockon","floor":19},{"not_picked":["Coolheaded","BootSequence"],"picked":"Streamline","floor":21},{"not_picked":["Go for the Eyes","Steam","Rebound+1"],"picked":"SKIP","floor":22},{"not_picked":["Compile Driver","Turbo"],"picked":"Rainbow","floor":24},{"not_picked":["Leap","Redo"],"picked":"Static Discharge+1","floor":28},{"not_picked":["Sweeping Beam","Go for the Eyes+1","Ball Lightning"],"picked":"SKIP","floor":30},{"not_picked":["Capacitor","Chill","Hologram"],"picked":"SKIP","floor":31}],"player_experience":202218,"relics_obtained":[{"floor":9,"key":"Mercury Hourglass"},{"floor":11,"key":"Sundial"},{"floor":13,"key":"Blue Candle"},{"floor":17,"key":"War Paint"},{"floor":17,"key":"White Beast Statue"},{"floor":17,"key":"TungstenRod"},{"floor":24,"key":"Incense Burner"},{"floor":31,"key":"Molten Egg 2"}],"event_choices":[{"damage_healed":0,"gold_gain":0,"player_choice":"Entered Light","damage_taken":15,"max_hp_gain":0,"max_hp_loss":0,"event_name":"Shining Light","floor":2,"gold_loss":0,"cards_upgraded":["Redo","Defend_B"]},{"damage_healed":0,"gold_gain":0,"player_choice":"Box","damage_taken":0,"relics_obtained":["Bird Faced Urn"],"max_hp_gain":0,"max_hp_loss":0,"event_name":"Big Fish","floor":4,"gold_loss":0,"cards_obtained":["Regret"]},{"damage_healed":0,"gold_gain":0,"player_choice":"Success","damage_taken":3,"relics_obtained":["Shuriken"],"max_hp_gain":0,"max_hp_loss":0,"event_name":"Scrap Ooze","floor":8,"gold_loss":0},{"damage_healed":0,"gold_gain":0,"cards_transformed":["Strike_B"],"player_choice":"Transformed","damage_taken":0,"max_hp_gain":0,"max_hp_loss":0,"event_name":"Transmorgrifier","floor":20,"gold_loss":0,"cards_obtained":["BootSequence"]},{"damage_healed":0,"gold_gain":0,"cards_transformed":["Defend_B","Strike_B"],"player_choice":"Became Test Subject","damage_taken":0,"max_hp_gain":0,"max_hp_loss":0,"event_name":"Drug Dealer","floor":29,"gold_loss":0,"cards_obtained":["Melter","Lockon"]}],"is_beta":false,"boss_relics":[{"not_picked":["Runic Dome","Tiny House"],"picked":"Calling Bell"}],"items_purged_floors":[3],"is_endless":false,"potions_floor_spawned":[7,10,13,18,19,21,22,24,28,30,31],"killed_by":"Collector","ascension_level":1}}