{"host":"egwexuw5uvnxf11j","time":1609814074,"event":{"mods":["2.2 Compatiblity","Aspiration","BaseMod","Better Altar","Better Note","Better Sensory Stone","Better Third Choice","Displayed Cursed Tome","Downfall","Hermit","Key Reminder","Koishi","Marisa????????","Minty Spire (QoL Compilation)","Quick Restart","Shade Mod","Spicy Shops","StSLib","The Construct","The Cursed","The Hierophant","The Runesmith","The Senshi","The Servant 0.9.4","Transform Curses"],"gold_per_floor":[212,223,48,0,19,19,59,59,59,93,118,118,83,117,117,229,229,256,265,364,289,289],"floor_reached":21,"playtime":834,"items_purged":["Defend_B"],"score":224,"play_id":"b9a420e5-098c-42ba-979c-5a99aedd235d","local_time":"20210104213434","is_ascension_mode":true,"campfire_choices":[{"data":"Sweeping Beam","floor":6,"key":"SMITH"},{"floor":8,"key":"REST"},{"floor":15,"key":"REST"}],"circlet_count":0,"master_deck":["Strike_B","Strike_B","Strike_B","Strike_B","Defend_B","Defend_B","Defend_B","Zap","Dualcast","Barrage","Conserve Battery","Sweeping Beam+1","Conserve Battery","Gash","Coolheaded","Melter","Rainbow","Fusion","Chaos","Creative AI","Leap","Echo Form"],"relics":["Cracked Core","CeramicFish","keyreminder:keyreminder","theSenshi:FeatherClipsRelic","aspiration:HatOfInfinitePower","aspiration:FaultyCoupler","aspiration:Stellarator"],"acts_visited":["Exordium","TheCity"],"potions_floor_usage":[7,10,16],"damage_taken":[{"damage":6,"enemies":"Cultist","floor":1,"turns":3},{"damage":0,"enemies":"2 Louse","floor":2,"turns":2},{"damage":0,"enemies":"Jaw Worm","floor":5,"turns":3},{"damage":17,"enemies":"3 Sentries","floor":7,"turns":5},{"damage":24,"enemies":"Gremlin Nob","floor":10,"turns":4},{"damage":17,"enemies":"3 Louse","floor":11,"turns":2},{"damage":20,"enemies":"3 Sentries","floor":14,"turns":5},{"damage":37,"enemies":"Hexaghost","floor":16,"turns":8},{"damage":29,"enemies":"Shell Parasite","floor":18,"turns":5},{"damage":45,"enemies":"2 Thieves","floor":21,"turns":3}],"seed_played":"-7170881536686215614","potions_obtained":[{"floor":2,"key":"Weak Potion"},{"floor":5,"key":"PowerPotion"},{"floor":14,"key":"AttackPotion"},{"floor":16,"key":"BlessingOfTheForge"}],"is_trial":false,"path_per_floor":["M","M","$","$","M","R","E","R","T","E","M","?","?","E","R","B",null,"M","?","?","M"],"character_chosen":"DEFECT","items_purchased":["Sweeping Beam","Conserve Battery","Gash"],"campfire_rested":2,"item_purchase_floors":[3,3,4],"current_hp_per_floor":[69,69,69,69,69,69,52,74,74,56,45,53,71,57,75,44,75,52,37,37,0,0],"gold":289,"neow_bonus":"HUNDRED_GOLD","is_daily":false,"chose_seed":false,"campfire_upgraded":1,"win_rate":0.0,"timestamp":1609814074,"path_taken":["M","M","?","$","M","R","E","R","T","E","M","?","?","E","R","BOSS","M","?","?","M"],"items_purchased_type":["Card","Card","Card"],"build_version":"2020-12-22","purchased_purges":1,"victory":false,"max_hp_per_floor":[75,75,75,75,75,75,75,75,75,75,75,75,75,75,75,75,75,75,75,75,75,75],"card_choices":[{"not_picked":["Turbo","Compile Driver"],"picked":"Barrage","floor":1},{"not_picked":["Steam","Melter"],"picked":"Conserve Battery","floor":2},{"not_picked":["Compile Driver","Aggregate"],"picked":"Coolheaded","floor":5},{"not_picked":["Conserve Battery","Capacitor"],"picked":"Melter","floor":7},{"not_picked":["Chaos","Coolheaded"],"picked":"Rainbow","floor":10},{"not_picked":["Consume","Double Energy"],"picked":"Fusion","floor":11},{"not_picked":["Leap","FTL"],"picked":"Chaos","floor":14},{"not_picked":["Core Surge","Thunder Strike"],"picked":"Creative AI","floor":16},{"not_picked":["Compile Driver","Steam"],"picked":"Leap","floor":18}],"player_experience":2141179,"relics_obtained":[{"floor":7,"key":"CeramicFish"},{"floor":9,"key":"theSenshi:FeatherClipsRelic"},{"floor":10,"key":"aspiration:HatOfInfinitePower"},{"floor":14,"key":"aspiration:FaultyCoupler"}],"event_choices":[{"damage_healed":18,"gold_gain":0,"player_choice":"Healed","damage_taken":0,"max_hp_gain":0,"max_hp_loss":0,"event_name":"The Cleric","floor":13,"gold_loss":35},{"damage_healed":0,"gold_gain":2,"player_choice":"2","damage_taken":0,"max_hp_gain":0,"max_hp_loss":15,"event_name":"betterStone:BetterStone","floor":19,"gold_loss":0},{"damage_healed":0,"gold_gain":99,"player_choice":"Steal","damage_taken":0,"max_hp_gain":0,"max_hp_loss":0,"event_name":"betterThird:BetterNest","floor":20,"gold_loss":0}],"is_beta":false,"boss_relics":[{"not_picked":["Empty Cage","Philosopher\u0027s Stone"],"picked":"aspiration:Stellarator"}],"items_purged_floors":[3],"is_endless":false,"potions_floor_spawned":[2,5,14,16],"killed_by":"2 Thieves","ascension_level":3}}