{"host":"4xbhwjx2nm97byac","time":1609887997,"event":{"mods":["BaseMod","Minty Spire (QoL Compilation)","Replay The Spire","Robot Space Explorer","StSLib"],"gold_per_floor":[111,111,129,148,17,17,17,17,17,44,66,66,98,137,137,249,249,277,74,74,74,111,111,154,186,186,201,201,55,55,261,261,376,376,406,429,651,131,159,198,198,198,198,232,232,50,83,117,117,133],"floor_reached":51,"playtime":4695,"items_purged":["RobotSpaceExplorer:Strike","RobotSpaceExplorer:Strike"],"score":568,"play_id":"b8d97962-b449-4a7f-acab-8a85309b0bb5","local_time":"20210105170637","is_ascension_mode":false,"campfire_choices":[{"data":"RobotSpaceExplorer:PlasmaMissile","floor":6.0,"key":"SMITH"},{"data":"RobotSpaceExplorer:Fix","floor":12.0,"key":"SMITH"},{"data":"RobotSpaceExplorer:ExhaustFan","floor":15.0,"key":"SMITH"},{"data":"RobotSpaceExplorer:GearShield","floor":23.0,"key":"SMITH"},{"data":"RobotSpaceExplorer:Fix","floor":30,"key":"SMITH"},{"floor":32,"key":"DIG"},{"data":"RobotSpaceExplorer:StarLightning","floor":41,"key":"SMITH"},{"data":"RobotSpaceExplorer:TurboDodge","floor":45,"key":"SMITH"},{"floor":49,"key":"REST"}],"circlet_count":0,"master_deck":["RobotSpaceExplorer:Strike","RobotSpaceExplorer:Strike","RobotSpaceExplorer:Defend","RobotSpaceExplorer:Defend","RobotSpaceExplorer:Defend","RobotSpaceExplorer:Defend","RobotSpaceExplorer:Scan","RobotSpaceExplorer:MiniLasers","RobotSpaceExplorer:FrostMissile+1","RobotSpaceExplorer:SurgingStrike","RobotSpaceExplorer:PlasmaMissile+1","Finesse+1","RobotSpaceExplorer:Fix+1","RobotSpaceExplorer:ExhaustFan+1","RobotSpaceExplorer:TurboDodge+1","RobotSpaceExplorer:Autoloader+1","RobotSpaceExplorer:StunGrenade","RobotSpaceExplorer:PowerGlove","RobotSpaceExplorer:PowerGlove","RobotSpaceExplorer:SlimeMissile","RobotSpaceExplorer:GearShield+1","RobotSpaceExplorer:Fix+1","RobotSpaceExplorer:StarLightning+1","RobotSpaceExplorer:TrailblazerForm","RobotSpaceExplorer:StarLightning"],"relics":["RobotSpaceExplorer:TurboCore","Replay:Bandana","Mercury Hourglass","Replay:Rubber Ducky","Lantern","RobotSpaceExplorer:SlideRule","Red Mask","Dream Catcher","Bottled Lightning","Replay:Bottled Flurry","Guide Book","Orichalcum","Sozu","Replay:Multitool","Sling","Replay:Kaleidoscope","Ring of Searing","Ring of Fangs","Letter Opener"],"acts_visited":["Exordium","TheCity","TheBeyond"],"potions_floor_usage":[33,50,50,50],"damage_taken":[{"damage":0.0,"enemies":"2 Louse","floor":1.0,"turns":3.0},{"damage":0.0,"enemies":"Small Slimes","floor":3.0,"turns":2.0},{"damage":1.0,"enemies":"Jaw Worm","floor":4.0,"turns":3.0},{"damage":0.0,"enemies":"Exordium Wildlife","floor":11.0,"turns":2.0},{"damage":10.0,"enemies":"Exordium Thugs","floor":13.0,"turns":4.0},{"damage":13.0,"enemies":"Lagavulin","floor":14.0,"turns":5.0},{"damage":23.0,"enemies":"Slime Boss","floor":16.0,"turns":8.0},{"damage":11.0,"enemies":"2 Thieves","floor":18.0,"turns":4.0},{"damage":19.0,"enemies":"Masked Bandits","floor":22.0,"turns":4.0},{"damage":0.0,"enemies":"Replay:Snechameleon","floor":24.0,"turns":5.0},{"damage":0.0,"enemies":"Shell Parasite","floor":25.0,"turns":4.0},{"damage":1.0,"enemies":"Centurion and Healer","floor":27.0,"turns":5.0},{"damage":34,"enemies":"Collector","floor":33,"turns":8},{"damage":0,"enemies":"3 Shapes","floor":35,"turns":5},{"damage":0,"enemies":"Orb Walker","floor":36,"turns":4},{"damage":16,"enemies":"Writhing Mass","floor":39,"turns":6},{"damage":0,"enemies":"R_Hoarder","floor":40,"turns":8},{"damage":20,"enemies":"3 Darklings","floor":44,"turns":5},{"damage":15,"enemies":"Sphere and 2 Shapes","floor":47,"turns":5},{"damage":12,"enemies":"Writhing Mass","floor":48,"turns":6},{"damage":28,"enemies":"Replay:Hell Engine","floor":50,"turns":17}],"seed_played":"-1915122112349004701","potions_obtained":[{"floor":11.0,"key":"Languid Potion"},{"floor":13.0,"key":"Strength Potion"},{"floor":14.0,"key":"Strength Potion"},{"floor":16.0,"key":"Reflective Coating"},{"floor":33,"key":"SpeedPotion"}],"is_trial":false,"path_per_floor":["M","?","M","M","$","R","$","?","T","T","M","R","M","E","R","B",null,"M","$","?","$","?","R","E","M","T","M","T","$","R","?","R","B",null,"M","M","?","$","M","E","R","?","T","M","R","$","M","M","R","B",null],"character_chosen":"RobotSpaceExplorer","items_purchased":["RobotSpaceExplorer:PlasmaMissile","Finesse","RobotSpaceExplorer:SlideRule","RobotSpaceExplorer:PowerGlove","Guide Book","Replay:Multitool","Sling","RobotSpaceExplorer:StarLightning"],"campfire_rested":1,"item_purchase_floors":[5,5,19,19,29,38,38,46],"current_hp_per_floor":[82,82,82,81,81,81,81,81,81,81,81,81,77,69,69,52,82,71,71,71,71,58,58,64,74,74,82,82,82,82,50,50,22,82,82,82,82,82,72,82,82,82,82,62,62,62,59,59,82,60],"gold":133,"neow_bonus":"TEN_PERCENT_HP_BONUS","is_daily":false,"chose_seed":false,"campfire_upgraded":7,"win_rate":0.0,"timestamp":1609887997,"path_taken":["M","?","M","M","$","R","$","?","T","?","M","R","M","E","R","BOSS","M","$","?","?","?","R","E","M","T","M","?","$","R","?","R","BOSS","M","M","?","$","M","E","R","?","T","M","R","$","M","M","R","BOSS"],"items_purchased_type":["Card","Card","Relic","Card","Relic","Relic","Relic","Card"],"build_version":"2020-12-22","purchased_purges":2,"victory":true,"max_hp_per_floor":[82,82,82,82,82,82,82,82,82,82,82,82,82,82,82,82,82,82,82,82,82,82,82,82,82,82,82,82,82,82,82,82,82,82,82,82,82,82,82,82,82,82,82,82,82,82,82,82,82,82],"card_choices":[{"not_picked":["RobotSpaceExplorer:SurgingStrike","RobotSpaceExplorer:IronShell"],"picked":"RobotSpaceExplorer:FrostMissile","floor":1.0},{"not_picked":["RobotSpaceExplorer:ImprovisedAttack","RobotSpaceExplorer:Reload"],"picked":"RobotSpaceExplorer:SurgingStrike","floor":3.0},{"not_picked":["RobotSpaceExplorer:JunkDive","RobotSpaceExplorer:Electroshield","RobotSpaceExplorer:ShockKick"],"picked":"SKIP","floor":4.0},{"not_picked":["RobotSpaceExplorer:Ammunition","RobotSpaceExplorer:Electroshield"],"picked":"RobotSpaceExplorer:Fix","floor":11.0},{"not_picked":["RobotSpaceExplorer:Discharger","RobotSpaceExplorer:FrostMissile"],"picked":"RobotSpaceExplorer:ExhaustFan","floor":13.0},{"not_picked":["RobotSpaceExplorer:Ammunition","RobotSpaceExplorer:ImprovisedAttack"],"picked":"RobotSpaceExplorer:TurboDodge","floor":14.0},{"not_picked":["RobotSpaceExplorer:Accelerator","RobotSpaceExplorer:Blaster"],"picked":"RobotSpaceExplorer:Autoloader","floor":16.0},{"not_picked":["RobotSpaceExplorer:GlueSpray","RobotSpaceExplorer:SwiftStep"],"picked":"RobotSpaceExplorer:StunGrenade","floor":18.0},{"not_picked":["RobotSpaceExplorer:ShovelStrike+1","RobotSpaceExplorer:BlastShield"],"picked":"RobotSpaceExplorer:Fix","floor":24.0},{"not_picked":["RobotSpaceExplorer:MetalStrike","RobotSpaceExplorer:FranticSearch+1","RobotSpaceExplorer:BigMissile"],"picked":"SKIP","floor":25.0},{"not_picked":["RobotSpaceExplorer:StarDust","RobotSpaceExplorer:Ammunition+1","RobotSpaceExplorer:Probe"],"picked":"SKIP","floor":27.0},{"not_picked":["RobotSpaceExplorer:RigExplosive","RobotSpaceExplorer:StunGrenade"],"picked":"RobotSpaceExplorer:StarLightning","floor":31},{"not_picked":["RobotSpaceExplorer:Accelerator","RobotSpaceExplorer:HighVoltage"],"picked":"RobotSpaceExplorer:TrailblazerForm","floor":33},{"not_picked":["RobotSpaceExplorer:ScrapMissile+1","RobotSpaceExplorer:ShockKick","RobotSpaceExplorer:PlasmaMissile+1"],"picked":"SKIP","floor":35},{"not_picked":["RobotSpaceExplorer:BigMissile","RobotSpaceExplorer:ShovelStrike+1","RobotSpaceExplorer:Fix"],"picked":"SKIP","floor":36},{"not_picked":["RobotSpaceExplorer:LaserBurst","RobotSpaceExplorer:FreezeRay","RobotSpaceExplorer:SurgingStrike"],"picked":"SKIP","floor":39},{"not_picked":["RobotSpaceExplorer:ShockKick","RobotSpaceExplorer:SurgingStrike+1","RobotSpaceExplorer:ToxicBomb+1"],"picked":"SKIP","floor":40},{"not_picked":["RobotSpaceExplorer:ChargingLaser","RobotSpaceExplorer:SelfCleaning","RobotSpaceExplorer:Probe+1"],"picked":"SKIP","floor":44},{"not_picked":["RobotSpaceExplorer:SlimeMissile+1","RobotSpaceExplorer:SurgingShield","RobotSpaceExplorer:ExhaustFan"],"picked":"SKIP","floor":47},{"not_picked":["RobotSpaceExplorer:Ammunition","RobotSpaceExplorer:ScrapMissile+1","RobotSpaceExplorer:Pulsar+1"],"picked":"SKIP","floor":48}],"player_experience":451534,"relics_obtained":[{"floor":9.0,"key":"Mercury Hourglass"},{"floor":10.0,"key":"Replay:Rubber Ducky"},{"floor":14.0,"key":"Lantern"},{"floor":22.0,"key":"Red Mask"},{"floor":24.0,"key":"Dream Catcher"},{"floor":26.0,"key":"Bottled Lightning"},{"floor":28.0,"key":"Replay:Bottled Flurry"},{"floor":32,"key":"Orichalcum"},{"floor":40,"key":"Replay:Kaleidoscope"},{"floor":42,"key":"Ring of Searing"},{"floor":42,"key":"Ring of Fangs"},{"floor":43,"key":"Letter Opener"}],"event_choices":[{"damage_healed":0.0,"max_hp_gain":0.0,"max_hp_loss":0.0,"gold_gain":0.0,"event_name":"Living Wall","player_choice":"Grow","floor":2.0,"gold_loss":0.0,"damage_taken":0.0,"cards_upgraded":["RobotSpaceExplorer:FrostMissile"]},{"damage_healed":0.0,"max_hp_gain":0.0,"max_hp_loss":0.0,"gold_gain":0.0,"event_name":"Dead Adventurer","player_choice":"Searched \u00271\u0027 times","floor":8.0,"gold_loss":0.0,"damage_taken":0.0,"relics_obtained":["Replay:Bandana"]},{"damage_healed":0.0,"max_hp_gain":0.0,"max_hp_loss":0.0,"gold_gain":0.0,"event_name":"Match and Keep!","player_choice":"2 cards matched","floor":20.0,"gold_loss":0.0,"damage_taken":0.0,"cards_obtained":["RobotSpaceExplorer:SlimeMissile","RobotSpaceExplorer:GearShield"]},{"damage_healed":0.0,"max_hp_gain":0.0,"max_hp_loss":0.0,"gold_gain":0.0,"event_name":"Masked Bandits","player_choice":"Fought Bandits","floor":22.0,"gold_loss":0.0,"damage_taken":0.0},{"damage_healed":0,"gold_gain":222,"player_choice":"Wore Mask","damage_taken":0,"max_hp_gain":0,"max_hp_loss":0,"event_name":"Tomb of Lord Red Mask","floor":37,"gold_loss":0}],"is_beta":false,"boss_relics":[{"not_picked":["Replay:Bronze Core","Ectoplasm"],"picked":"RobotSpaceExplorer:TurboCore"},{"not_picked":["Tiny House","Empty Cage"],"picked":"Sozu"}],"items_purged_floors":[38,46],"is_endless":false,"potions_floor_spawned":[11,13,14,16,33,36,44,47,48],"ascension_level":0}}