{"host":"ig7tc0uedzltt2sr","time":1609825865,"event":{"mods":["BaseMod","Better Twitch Integration","Block Reminder","Colored Map","Colored Powertips","Communication Mod","Current Relic Mod","GifTheSpireLib","HexUI Lib","Minty Spire (QoL Compilation)","Quick Restart","Random Character Button","Rare Cards Sparkle","Relic Sorter","Relic Stats","Slay the Relics Exporter","StSLib","SuperFastMode","Synergy Search","Twitch Decklist","Twitch Utils","everything is the same but u backflip on backflip","slay the spire mod where everything is the same but ironclad has a cowboy hat"],"gold_per_floor":[109,109,109,122,140,140,140,140,190,202,219,99,99,127,127,127,127],"floor_reached":16,"playtime":106,"items_purged":[],"score":100,"play_id":"8fa570d6-0ddd-4634-86a6-434db373ebb8","local_time":"20210104215105","is_ascension_mode":false,"campfire_choices":[{"data":"Strike_R","floor":6,"key":"SMITH"},{"floor":15,"key":"REST"}],"circlet_count":0,"master_deck":["Strike_R+1","Strike_R+1","Strike_R","Strike_R","Strike_R","Defend_R","Defend_R","Defend_R","Defend_R","Bash","Spot Weakness","Rage","Clash","Headbutt","Limit Break","Rampage","Perfected Strike","Parasite","Rupture","Dropkick"],"relics":["Burning Blood","Smiling Mask","Dream Catcher"],"acts_visited":["Exordium"],"potions_floor_usage":[],"damage_taken":[{"damage":13,"enemies":"Small Slimes","floor":1,"turns":6},{"damage":6,"enemies":"2 Louse","floor":4,"turns":5},{"damage":25,"enemies":"Cultist","floor":5,"turns":7},{"damage":5,"enemies":"Looter","floor":10,"turns":4},{"damage":14,"enemies":"Large Slime","floor":11,"turns":8},{"damage":67,"enemies":"Lagavulin","floor":14,"turns":9},{"damage":49,"enemies":"Slime Boss","floor":16,"turns":9}],"seed_played":"-4876278079664320743","potions_obtained":[{"floor":4,"key":"SteroidPotion"},{"floor":14,"key":"Dexterity Potion"}],"is_trial":false,"path_per_floor":["M","$","?","M","M","R","?","$","T","M","M","$","?","E","R","B"],"character_chosen":"IRONCLAD","items_purchased":["Rampage","Perfected Strike"],"campfire_rested":1,"item_purchase_floors":[12,12],"current_hp_per_floor":[81,81,81,81,62,62,62,62,62,63,55,55,77,16,42,0,0],"gold":127,"neow_bonus":"TEN_PERCENT_HP_BONUS","is_daily":false,"chose_seed":false,"campfire_upgraded":1,"win_rate":0.0,"timestamp":1609825865,"path_taken":["M","$","?","M","M","R","?","$","T","M","M","$","?","E","R","BOSS"],"items_purchased_type":["Card","Card"],"build_version":"2020-12-22","purchased_purges":0,"victory":false,"max_hp_per_floor":[88,88,88,88,88,88,88,88,88,88,88,88,88,88,88,88,88],"relic_stats":{"Dream Catcher":1,"counters":[7,48],"Smiling Mask":0,"obtain_stats":[{"Dream Catcher":14,"Smiling Mask":9,"Burning Blood":0},{"Dream Catcher":6,"Smiling Mask":3,"Burning Blood":0},{"Dream Catcher":39,"Smiling Mask":18,"Burning Blood":0}],"Burning Blood":36},"card_choices":[{"not_picked":["Shrug It Off","Carnage"],"picked":"Spot Weakness","floor":1},{"not_picked":["Flame Barrier","True Grit"],"picked":"Rage","floor":4},{"not_picked":["Body Slam","Headbutt"],"picked":"Clash","floor":5},{"not_picked":["Body Slam","True Grit"],"picked":"Headbutt","floor":10},{"not_picked":["Dropkick","Shrug It Off"],"picked":"Limit Break","floor":11},{"not_picked":["Havoc","Iron Wave"],"picked":"Rupture","floor":14},{"not_picked":["Warcry","Evolve"],"picked":"Dropkick","floor":15}],"player_experience":1426355,"relics_obtained":[{"floor":9,"key":"Smiling Mask"},{"floor":14,"key":"Dream Catcher"}],"event_choices":[{"damage_healed":0,"gold_gain":0,"player_choice":"Grow","damage_taken":0,"max_hp_gain":0,"max_hp_loss":0,"event_name":"Living Wall","floor":3,"gold_loss":0,"cards_upgraded":["Strike_R"]},{"damage_healed":0,"gold_gain":0,"player_choice":"Ignored","damage_taken":0,"max_hp_gain":0,"max_hp_loss":0,"event_name":"Golden Wing","floor":7,"gold_loss":0},{"damage_healed":22,"gold_gain":0,"player_choice":"Healed and dodged fight","damage_taken":0,"max_hp_gain":0,"max_hp_loss":0,"event_name":"Mushrooms","floor":13,"gold_loss":0,"cards_obtained":["Parasite"]}],"is_beta":false,"boss_relics":[],"items_purged_floors":[],"is_endless":false,"potions_floor_spawned":[4,14],"killed_by":"Slime Boss","ascension_level":0}}