{"host":"vsdszi3rnxsdp24p","time":1609882473,"event":{"mods":["AchievementEnabler","BaseMod","Bestiary","Colored Map","Colored Powertips","Curses Come First","DeckTracker","Hermit","Highlight Path","Ironclad Rager","Minty Spire (QoL Compilation)","Quick Restart","Relic Sorter","Relic Stats","StSLib","SuperFastMode","Synergy Search","The Cursed","The Mystic"],"gold_per_floor":[14,14,24,24,24,24,37,37,37,37,1,15,34,34,34,162,162,162,162],"floor_reached":18,"playtime":329,"items_purged":[],"score":202,"play_id":"3a5111ad-3c6f-4334-a808-7251d4bfcd19","local_time":"20210105223433","is_ascension_mode":false,"campfire_choices":[{"data":"Fire Breathing","floor":6,"key":"SMITH"},{"data":"Twin Strike","floor":10,"key":"SMITH"},{"data":"Seeing Red","floor":15,"key":"SMITH"}],"circlet_count":0,"master_deck":["Bash","Normality","Twin Strike","Twin Strike","Twin Strike","Twin Strike","Twin Strike","Iron Wave","Iron Wave","Iron Wave","Iron Wave","Regret","Fire Breathing+1","Twin Strike+1","Injury","Sentinel","Seeing Red+1","Twin Strike","Corruption"],"relics":["Burning Blood","Happy Flower","Golden Idol","Bag of Preparation","SacredBark"],"acts_visited":["Exordium","TheCity"],"potions_floor_usage":[16],"damage_taken":[{"damage":7,"enemies":"2 Louse","floor":1,"turns":2},{"damage":8,"enemies":"Jaw Worm","floor":3,"turns":3},{"damage":1,"enemies":"Cultist","floor":7,"turns":3},{"damage":5,"enemies":"3 Louse","floor":12,"turns":2},{"damage":16,"enemies":"Exordium Wildlife","floor":13,"turns":4},{"damage":4,"enemies":"2 Fungi Beasts","floor":14,"turns":2},{"damage":2,"enemies":"Slime Boss","floor":16,"turns":5},{"damage":72,"enemies":"3 Byrds","floor":18,"turns":4}],"seed_played":"7334921541657352301","potions_obtained":[{"floor":3,"key":"BlessingOfTheForge"},{"floor":12,"key":"ElixirPotion"},{"floor":16,"key":"GamblersBrew"}],"is_trial":false,"path_per_floor":["M","?","M","?","$","R","M","?","T","R","$","M","M","M","R","B",null,"M"],"character_chosen":"IRONCLAD","items_purchased":["Sentinel"],"campfire_rested":0,"item_purchase_floors":[11],"current_hp_per_floor":[50,50,48,72,72,72,72,72,72,72,72,72,62,64,64,68,72,0,0],"gold":162,"neow_bonus":"IRONCLAD_BERSERKER","is_daily":false,"chose_seed":false,"campfire_upgraded":3,"win_rate":0.0,"timestamp":1609882473,"path_taken":["M","?","M","?","$","R","?","?","T","R","?","M","M","M","R","BOSS","M"],"items_purchased_type":["Card"],"build_version":"2020-12-22","purchased_purges":0,"victory":false,"max_hp_per_floor":[72,72,72,72,72,72,72,72,72,72,72,72,72,72,72,72,72,72,72],"relic_stats":{"Happy Flower":[7],"counters":[8,25],"Golden Idol":37,"Bag of Preparation":[10],"obtain_stats":[{"Happy Flower":2,"Golden Idol":8,"SacredBark":17,"Bag of Preparation":9,"Burning Blood":0},{"Happy Flower":1,"Golden Idol":3,"SacredBark":7,"Bag of Preparation":3,"Burning Blood":0},{"Happy Flower":2,"Golden Idol":8,"SacredBark":21,"Bag of Preparation":8,"Burning Blood":0}],"Burning Blood":36},"card_choices":[{"not_picked":["Body Slam","Shockwave"],"picked":"Entrench","floor":1},{"not_picked":["Perfected Strike","Heavy Blade"],"picked":"Fire Breathing","floor":3},{"not_picked":["Clash","Body Slam"],"picked":"Twin Strike","floor":7},{"not_picked":["Evolve","Twin Strike"],"picked":"Seeing Red","floor":12},{"not_picked":["Pommel Strike","Warcry"],"picked":"Twin Strike","floor":13},{"not_picked":["Sword Boomerang","Infernal Blade","Clothesline"],"picked":"SKIP","floor":14},{"not_picked":["Fiend Fire","Exhume"],"picked":"Corruption","floor":16}],"player_experience":147610,"relics_obtained":[{"floor":9,"key":"Bag of Preparation"}],"event_choices":[{"damage_healed":0,"gold_gain":0,"player_choice":"Box","damage_taken":0,"relics_obtained":["Happy Flower"],"max_hp_gain":0,"max_hp_loss":0,"event_name":"Big Fish","floor":2,"gold_loss":0,"cards_obtained":["Regret"]},{"cards_removed":["Entrench"],"damage_healed":24,"gold_gain":0,"player_choice":"Offered Uncommon","damage_taken":0,"max_hp_gain":0,"max_hp_loss":0,"event_name":"Bonfire Elementals","floor":4,"gold_loss":0},{"damage_healed":0,"gold_gain":0,"player_choice":"Take Wound","damage_taken":0,"relics_obtained":["Golden Idol"],"max_hp_gain":0,"max_hp_loss":0,"event_name":"Golden Idol","floor":8,"gold_loss":0,"cards_obtained":["Injury"]}],"is_beta":false,"boss_relics":[{"not_picked":["Ectoplasm","Velvet Choker"],"picked":"SacredBark"}],"items_purged_floors":[],"is_endless":false,"potions_floor_spawned":[3,12,16],"killed_by":"3 Byrds","ascension_level":0}}