{"host":"56ghxnzsglgdq727","time":1609806491,"event":{"mods":["AchievementEnabler","BaseMod","Downfall","Minty Spire (QoL Compilation)","StSLib"],"gold_per_floor":[99,99,99,549,549,549,549,65,65,80,100,100,432,446,460,563,563,488,499,12,27,27,68,68,86,86,96,108,131,147,157,178,178,178,178],"floor_reached":33,"playtime":2693,"items_purged":["Slimebound:Icky"],"score":296,"play_id":"54076e12-412a-4c51-a146-2fa1123f2dcc","local_time":"20210104192811","is_ascension_mode":false,"campfire_choices":[{"data":"hexamod:Float","floor":1,"key":"SMITH"},{"data":"hexamod:Sear","floor":6,"key":"SMITH"},{"floor":9,"key":"RECALL"},{"data":"hexamod:VolcanoVisage","floor":18,"key":"SMITH"},{"data":"expansioncontent:DashGenerateEvil","floor":26,"key":"SMITH"}],"circlet_count":0,"master_deck":["hexamod:Strike","hexamod:Strike","hexamod:Strike","hexamod:Strike","hexamod:Defend","hexamod:Defend","hexamod:Defend","hexamod:Defend","hexamod:Sear+1","hexamod:Float+1","hexamod:FastForward+1","Slimebound:Icky","hexamod:TimeOfNeed+1","hexamod:FourthSeal","hexamod:VolcanoVisage+1","hexamod:ChargedBarrage+1","expansioncontent:DashGenerateEvil+1","hexamod:UnlimitedPower+1","hexamod:GhostOfSpireFuture+1","hexamod:EmpoweredFlame"],"relics":["hexamod:SpiritBrand","downfall:HeartsMalice","Toxic Egg 2","ClockworkSouvenir","HornCleat","Old Coin","SlaversCollar","downfall:HeartBlessingRed","CaptainsWheel","downfall:KnowingSkull","CeramicFish","Sundial"],"acts_visited":["Exordium","TheCity"],"potions_floor_usage":[13,14,15,15,19,23,23,27,28,28,28,28,29,30,31,32,32,33],"damage_taken":[{"damage":0,"enemies":"Cultist","floor":2,"turns":1},{"damage":0,"enemies":"2 Louse","floor":3,"turns":1},{"damage":0,"enemies":"downfall:FleeingMerchant","floor":8,"turns":1},{"damage":0,"enemies":"Jaw Worm","floor":10,"turns":3},{"damage":4,"enemies":"Lots of Slimes","floor":11,"turns":4},{"damage":6,"enemies":"Lagavulin","floor":13,"turns":4},{"damage":6,"enemies":"Blue Slaver","floor":14,"turns":3},{"damage":0,"enemies":"Exordium Thugs","floor":15,"turns":4},{"damage":23,"enemies":"downfall:Watcher","floor":16,"turns":12},{"damage":10,"enemies":"3 Byrds","floor":19,"turns":4},{"damage":0,"enemies":"downfall:FleeingMerchant","floor":20,"turns":4},{"damage":0,"enemies":"Spheric Guardian","floor":21,"turns":5},{"damage":7,"enemies":"Slavers","floor":23,"turns":4},{"damage":5,"enemies":"Shelled Parasite and Fungi","floor":25,"turns":6},{"damage":17,"enemies":"Snake Plant","floor":27,"turns":3},{"damage":5,"enemies":"Snecko","floor":28,"turns":4},{"damage":1,"enemies":"Sentry and Sphere","floor":29,"turns":4},{"damage":5,"enemies":"3 Cultists","floor":30,"turns":5},{"damage":2,"enemies":"Centurion and Healer","floor":31,"turns":6},{"damage":10,"enemies":"Snake Plant","floor":32,"turns":6},{"damage":13,"enemies":"downfall:Defect","floor":33,"turns":6}],"seed_played":"4170095346751595639","potions_obtained":[{"floor":13,"key":"Fruit Juice"},{"floor":13,"key":"hexamod:EctoCoolerPotion"},{"floor":14,"key":"ColorlessPotion"},{"floor":14,"key":"Strength Potion"},{"floor":15,"key":"Fruit Juice"},{"floor":15,"key":"Dexterity Potion"},{"floor":16,"key":"Ancient Potion"},{"floor":16,"key":"Fire Potion"},{"floor":19,"key":"Guardian:BlockOnCardUsePotion"},{"floor":20,"key":"EntropicBrew"},{"floor":21,"key":"Energy Potion"},{"floor":23,"key":"DuplicationPotion"},{"floor":25,"key":"Fire Potion"},{"floor":27,"key":"Strength Potion"},{"floor":28,"key":"Dexterity Potion"},{"floor":29,"key":"ColorlessPotion"},{"floor":30,"key":"Guardian:BlockOnCardUsePotion"},{"floor":31,"key":"DuplicationPotion"},{"floor":31,"key":"sneckomod:MuddlingPotion"},{"floor":32,"key":"SpeedPotion"}],"is_trial":false,"path_per_floor":["R","M","M","?","?","R","T","$","R","M","M","?","E","M","M","B",null,"R","M","$","M","?","E","T","M","R","M","M","M","M","M","M","B"],"character_chosen":"THE_SPIRIT","items_purchased":["ClockworkSouvenir","HornCleat","expansioncontent:DashGenerateEvil","CaptainsWheel"],"campfire_rested":0,"item_purchase_floors":[8,8,20,20],"current_hp_per_floor":[70,70,70,70,70,70,70,70,70,70,66,66,65,59,64,41,80,80,70,70,70,63,56,56,51,51,34,29,28,23,21,11,0,0,0],"gold":178,"neow_bonus":"THREE_ENEMY_KILL","is_daily":false,"chose_seed":false,"campfire_upgraded":4,"win_rate":0.0,"timestamp":1609806491,"path_taken":["R","?","?","?","?","R","T","$","R","M","?","?","E","M","M","BOSS","R","M","$","M","?","E","T","M","R","M","M","?","M","M","M","BOSS"],"items_purchased_type":["Relic","Relic","Card","Relic"],"build_version":"2020-12-22","purchased_purges":1,"victory":false,"max_hp_per_floor":[70,70,70,70,70,70,70,70,70,70,70,70,75,75,80,80,80,80,80,80,80,80,80,80,80,80,80,80,80,80,80,80,80,80,80],"card_choices":[{"not_picked":["hexamod:PhantomCloak","hexamod:BacktrackSmack","hexamod:GhostOfSpirePast"],"picked":"SKIP","floor":2},{"not_picked":["hexamod:InspiringFlames","hexamod:EtherealExpedition"],"picked":"hexamod:FastForward","floor":3},{"not_picked":["hexamod:BurningTouch+1","hexamod:ThirdSeal"],"picked":"hexamod:TimeOfNeed+1","floor":8},{"not_picked":["hexamod:Firestarter","hexamod:HeatCrush","hexamod:SwordOfDarkness"],"picked":"SKIP","floor":10},{"not_picked":["hexamod:Hexaguard+1","hexamod:SkipABeat+1"],"picked":"hexamod:FourthSeal","floor":11},{"not_picked":["hexamod:InspiringFlames+1","hexamod:Firestarter","hexamod:SearingWound+1"],"picked":"SKIP","floor":13},{"not_picked":["hexamod:GhostflameBarrier+1","hexamod:NecessarySacrifice+1","hexamod:NightmareGuise+1"],"picked":"SKIP","floor":14},{"not_picked":["hexamod:SuperheatedStrike","hexamod:NightmareGuise+1","hexamod:PhantomCloak"],"picked":"SKIP","floor":15},{"not_picked":["hexamod:TurnItUp+1","hexamod:WildfireWeapon"],"picked":"hexamod:VolcanoVisage","floor":16},{"not_picked":["hexamod:HeatMetal","hexamod:NightmareStrike","hexamod:SpectersWail"],"picked":"SKIP","floor":19},{"not_picked":["hexamod:InspiringFlames+1","hexamod:SpectersWail+1"],"picked":"hexamod:ChargedBarrage+1","floor":20},{"not_picked":["hexamod:CatchUp+1","hexamod:Hexaguard+1","hexamod:AdvancingGuard+1"],"picked":"SKIP","floor":21},{"not_picked":["hexamod:PowerFromBeyond+1","hexamod:InspiringFlames+1"],"picked":"hexamod:UnlimitedPower+1","floor":23},{"not_picked":["hexamod:InspiringFlames+1","hexamod:FourthSeal","hexamod:BacktrackSmack"],"picked":"SKIP","floor":25},{"not_picked":["hexamod:SpectersWail","hexamod:BurningTouch+1","hexamod:RadiantFlame"],"picked":"SKIP","floor":27},{"not_picked":["hexamod:HeatCrush","hexamod:ExtraCrispy","hexamod:AdvancingGuard+1"],"picked":"SKIP","floor":28},{"not_picked":["hexamod:NecessarySacrifice+1","hexamod:Firestarter"],"picked":"hexamod:GhostOfSpireFuture+1","floor":29},{"not_picked":["hexamod:RainOfEmbers","hexamod:ThermalTransfer","hexamod:BurningTouch+1"],"picked":"SKIP","floor":30},{"not_picked":["hexamod:Firestarter","hexamod:SkipABeat+1","hexamod:ThermalTransfer+1"],"picked":"SKIP","floor":31},{"not_picked":["hexamod:NecessarySacrifice+1","hexamod:ThermalTransfer"],"picked":"hexamod:EmpoweredFlame","floor":32}],"player_experience":141173,"relics_obtained":[{"floor":7,"key":"Toxic Egg 2"},{"floor":13,"key":"Old Coin"},{"floor":23,"key":"CeramicFish"},{"floor":24,"key":"Sundial"}],"event_choices":[{"damage_healed":0,"gold_gain":0,"player_choice":"Upgraded","damage_taken":0,"max_hp_gain":0,"max_hp_loss":0,"event_name":"Upgrade Shrine","floor":5,"gold_loss":0,"cards_upgraded":["hexamod:FastForward"]},{"cards_removed":["Slimebound:Icky"],"damage_healed":0,"gold_gain":0,"player_choice":"Card Removal","damage_taken":0,"max_hp_gain":0,"max_hp_loss":0,"event_name":"The Cleric","floor":12,"gold_loss":0}],"is_beta":false,"boss_relics":[{"not_picked":["downfall:Hecktoplasm","Philosopher\u0027s Stone"],"picked":"SlaversCollar"}],"items_purged_floors":[8],"is_endless":false,"potions_floor_spawned":[13,14,15,16,19,25,27,31],"killed_by":"downfall:Defect","ascension_level":0}}