{"host":"kabf61oc9jgfwufg","time":1609830766,"event":{"mods":["AchievementEnabler","Act Like it!","Aspiration","BaseMod","Conspire","GifTheSpireLib","Halation","HexUI Lib","Hubris","Infinite Spire","Minty Spire (QoL Compilation)","Pale of the Ancients","Quick Restart","Rare Cards Sparkle","Replay The Spire","StSLib","The Jungle","Waifu the Spire"],"gold_per_floor":[119,219,236,255,265,295,117,134,134,134,150,150,150,164,164,259,259,278,291,291,311,311,311,322,222,222,241,241,241],"floor_reached":28,"playtime":1079,"items_purged":["Defend_P","FlurryOfBlows"],"score":249,"play_id":"658f93e9-1844-4a13-9f5a-3dc710a89b8e","local_time":"20210105071246","is_ascension_mode":false,"campfire_choices":[{"floor":13,"key":"REST"},{"floor":15,"key":"REST"}],"circlet_count":0,"master_deck":["Strike_P","Strike_P","Defend_P","Defend_P","Defend_P","Eruption","Vigilance","Devotion","Prostrate","Alpha+1","Brilliance","DeusExMachina+1"],"relics":["PureWater","Replay:Accelerometer","Golden Egg","hubris:MysteriousPyramids","halation:Risk","hubris:Icosahedron","halation:VictoryRuler"],"acts_visited":["Exordium","TheCity"],"potions_floor_usage":[6,6,7,11,14],"damage_taken":[{"damage":3,"enemies":"Cultist","floor":1,"turns":5},{"damage":19,"enemies":"Small Slimes","floor":3,"turns":3},{"damage":22,"enemies":"infinitespire:Voidling","floor":4,"turns":4},{"damage":11,"enemies":"Large Slime","floor":5,"turns":9},{"damage":4,"enemies":"Replay:BlueRogue","floor":6,"turns":4},{"damage":10,"enemies":"Looter","floor":8,"turns":4},{"damage":2,"enemies":"Blue Slaver","floor":11,"turns":3},{"damage":8,"enemies":"Large Slime","floor":14,"turns":5},{"damage":14,"enemies":"Slime Boss","floor":16,"turns":7},{"damage":19,"enemies":"3 Byrds","floor":18,"turns":3},{"damage":0,"enemies":"Chosen","floor":19,"turns":4},{"damage":29,"enemies":"Centurion and Healer","floor":21,"turns":4},{"damage":8,"enemies":"Snecko","floor":24,"turns":3},{"damage":12,"enemies":"3 Cultists","floor":27,"turns":3},{"damage":15,"enemies":"Snake Plant","floor":28,"turns":4}],"seed_played":"1753101574220836132","potions_obtained":[{"floor":1,"key":"FearPotion"},{"floor":3,"key":"SkillPotion"},{"floor":4,"key":"DuplicationPotion"},{"floor":8,"key":"SkillPotion"},{"floor":24,"key":"Energy Potion"},{"floor":27,"key":"SkillPotion"}],"is_trial":false,"path_per_floor":["M","?","M","M","M","E","$","M","T","T","M","?","R","M","R","B",null,"M","M","?","M","?","?","M","$","T","M","M"],"character_chosen":"WATCHER","items_purchased":["Fruit Juice"],"campfire_rested":2,"item_purchase_floors":[7],"current_hp_per_floor":[69,69,50,28,17,13,18,8,8,8,6,6,29,21,44,30,77,58,58,58,29,29,29,21,21,21,9,0,0],"gold":241,"neow_bonus":"TRANSFORM_CARD","is_daily":false,"chose_seed":false,"campfire_upgraded":0,"win_rate":0.0,"timestamp":1609830766,"path_taken":["M","?","?","M","M","E","$","M","T","?","M","?","R","?","R","BOSS","M","?","?","M","?","?","M","$","T","M","M"],"items_purchased_type":["Potion"],"build_version":"2020-12-22","purchased_purges":2,"victory":false,"max_hp_per_floor":[72,72,72,72,72,72,77,77,77,77,77,77,77,77,77,77,77,77,77,77,77,77,77,77,77,77,77,77,77],"card_choices":[{"not_picked":["Replay:AtTheReady","Wireheading","Consecrate"],"picked":"SKIP","floor":1},{"not_picked":["Replay:ManipulateFuture","PathToVictory"],"picked":"Prostrate","floor":3},{"not_picked":["WaveOfTheHand","Replay:DivineShield","ThirdEye"],"picked":"SKIP","floor":4},{"not_picked":["Study","Evaluate"],"picked":"Alpha","floor":5},{"not_picked":["FlyingSleeves","FearNoEvil"],"picked":"Brilliance","floor":6},{"not_picked":["TalkToTheHand","Protect","Replay:AtTheReady"],"picked":"SKIP","floor":8},{"not_picked":["Swivel","Study","Halt"],"picked":"SKIP","floor":11},{"not_picked":["Evaluate","BowlingBash"],"picked":"FlurryOfBlows","floor":14},{"not_picked":["Scrawl","ConjureBlade"],"picked":"DeusExMachina","floor":16},{"not_picked":["FlyingSleeves","Replay:ManipulateFuture+1","WheelKick"],"picked":"SKIP","floor":18},{"not_picked":["JustLucky","Blasphemy","CutThroughFate+1"],"picked":"SKIP","floor":19},{"not_picked":["BattleHymn","Replay:BluntJabs","Consecrate"],"picked":"SKIP","floor":21},{"not_picked":["Protect+1","FollowUp","Conclude"],"picked":"SKIP","floor":24},{"not_picked":["Collect","Pray","Prostrate"],"picked":"SKIP","floor":27}],"player_experience":40458,"relics_obtained":[{"floor":6,"key":"Replay:Accelerometer"},{"floor":9,"key":"Golden Egg"},{"floor":10,"key":"hubris:MysteriousPyramids"},{"floor":26,"key":"halation:VictoryRuler"}],"event_choices":[{"damage_healed":0,"gold_gain":100,"player_choice":"Pray","damage_taken":0,"max_hp_gain":0,"max_hp_loss":0,"event_name":"Golden Shrine","floor":2,"gold_loss":0},{"cards_removed":["Strike_P"],"damage_healed":0,"gold_gain":0,"player_choice":"Purged","damage_taken":0,"max_hp_gain":0,"max_hp_loss":0,"event_name":"Purifier","floor":12,"gold_loss":0},{"damage_healed":0,"gold_gain":0,"player_choice":"Ignored","damage_taken":0,"max_hp_gain":0,"max_hp_loss":0,"event_name":"Cursed Tome","floor":23,"gold_loss":0}],"is_beta":false,"boss_relics":[{"not_picked":["halation:CatFaceCupcake","Velvet Choker"],"picked":"halation:Risk"}],"items_purged_floors":[7,25],"is_endless":false,"potions_floor_spawned":[1,3,4,8,24,27],"killed_by":"Snake Plant","ascension_level":0}}