{"host":"kig4ty9d1aubg29s","time":1609847391,"event":{"mods":["BaseMod","Minty Spire (QoL Compilation)","READ ME - Guardian Mod","READ ME - Snecko Mod","StSLib","The Cursed","The Gatherer","The Hierophant","The Runesmith"],"gold_per_floor":[114,114,114,114,134,134,169,189,189,189,218,234,262,290,302,409,421,453,465,477,478,589,601,601],"floor_reached":23,"playtime":920,"items_purged":[],"score":341,"play_id":"f5cf3da2-0c75-4c6a-ae95-2468fba5880e","local_time":"20210105204951","is_ascension_mode":true,"campfire_choices":[{"floor":6,"key":"REST"},{"floor":10,"key":"DIG"},{"floor":15,"key":"DIG"}],"circlet_count":0,"master_deck":["Runesmith:Strike_RS+1","Runesmith:Strike_RS","Runesmith:Strike_RS","Runesmith:Strike_RS","Runesmith:Defend_RS","Runesmith:Defend_RS+1","Runesmith:Defend_RS","Runesmith:Defend_RS","Runesmith:CraftFirestone","Runesmith:Fortify","Runesmith:Grindstone","Forethought","Runesmith:OneForEveryone","Runesmith:ReplicatingBarrier","Runesmith:Grindstone","Runesmith:Repurpose","Runesmith:ChiselStab","Runesmith:EnergizedChisel","Runesmith:HeatedChisel","Runesmith:Supernova","Runesmith:EnergizedChisel","Runesmith:Malloc+1"],"relics":["Runesmith:BrokenRuby","NeowsBlessing","Mango","Shovel","Ornamental Fan","PreservedInsect","MawBank","Gremlin Horn","Sozu","MutagenicStrength"],"acts_visited":["Exordium","TheCity"],"potions_floor_usage":[13,16,18,18],"damage_taken":[{"damage":0,"enemies":"2 Louse","floor":1,"turns":1},{"damage":0,"enemies":"Small Slimes","floor":5,"turns":1},{"damage":0,"enemies":"Lagavulin","floor":7,"turns":1},{"damage":0,"enemies":"Cultist","floor":8,"turns":4},{"damage":25,"enemies":"3 Sentries","floor":11,"turns":9},{"damage":6,"enemies":"Large Slime","floor":12,"turns":6},{"damage":5,"enemies":"Gremlin Nob","floor":13,"turns":4},{"damage":3,"enemies":"Blue Slaver","floor":14,"turns":5},{"damage":36,"enemies":"The Guardian","floor":16,"turns":11},{"damage":14,"enemies":"3 Byrds","floor":18,"turns":3},{"damage":11,"enemies":"2 Thieves","floor":21,"turns":4},{"damage":28,"enemies":"Book of Stabbing","floor":23,"turns":6}],"seed_played":"-5184630102930197686","potions_obtained":[{"floor":12,"key":"Block Potion"},{"floor":13,"key":"SkillPotion"},{"floor":14,"key":"LiquidBronze"},{"floor":16,"key":"Block Potion"}],"is_trial":false,"path_per_floor":["M","?","$","?","M","R","E","M","T","R","E","M","E","M","R","B",null,"M","?","?","M","?","E"],"character_chosen":"RUNESMITH_CLASS","items_purchased":[],"campfire_rested":1,"item_purchase_floors":[],"current_hp_per_floor":[63,49,49,49,49,70,84,84,84,84,59,53,48,45,45,9,65,51,51,35,24,24,0,0],"gold":601,"neow_bonus":"THREE_ENEMY_KILL","is_daily":false,"chose_seed":false,"campfire_upgraded":0,"win_rate":0.0,"timestamp":1609847391,"path_taken":["M","?","$","?","?","R","E","M","T","R","E","M","E","M","R","BOSS","M","?","?","M","?","E"],"items_purchased_type":[],"build_version":"2020-12-22","purchased_purges":0,"victory":false,"max_hp_per_floor":[70,70,70,70,70,70,84,84,84,84,84,84,84,84,84,84,84,84,84,89,89,89,89,89],"card_choices":[{"not_picked":["Runesmith:RuneHurl","Runesmith:Superposition"],"picked":"Runesmith:Grindstone","floor":1},{"not_picked":["Runesmith:Repurpose","Runesmith:StaticCage"],"picked":"Runesmith:OneForEveryone","floor":5},{"not_picked":["Runesmith:Prism","Runesmith:Firewall"],"picked":"Runesmith:ReplicatingBarrier","floor":7},{"not_picked":["Runesmith:Refine","Runesmith:CraftVitae"],"picked":"Runesmith:Grindstone","floor":8},{"not_picked":["Runesmith:LastStand","Runesmith:LightningRod"],"picked":"Runesmith:Repurpose","floor":11},{"not_picked":["Runesmith:HeatExchange","Runesmith:OneForEveryone"],"picked":"Runesmith:ChiselStab","floor":12},{"not_picked":["Runesmith:HeatedChisel","Runesmith:BackupBattery"],"picked":"Runesmith:EnergizedChisel","floor":13},{"not_picked":["Runesmith:Grindstone","Runesmith:ChiselStab"],"picked":"Runesmith:HeatedChisel","floor":14},{"not_picked":["Runesmith:CraftPrismatica","Runesmith:DuctTape"],"picked":"Runesmith:Supernova","floor":16},{"not_picked":["Runesmith:ChiselStab","Runesmith:HeatExchange"],"picked":"Runesmith:EnergizedChisel","floor":18},{"not_picked":["Runesmith:Overpower+1","Runesmith:NegativeSpace"],"picked":"Runesmith:Malloc+1","floor":21}],"player_experience":1909896,"relics_obtained":[{"floor":7,"key":"Mango"},{"floor":9,"key":"Shovel"},{"floor":10,"key":"Ornamental Fan"},{"floor":11,"key":"PreservedInsect"},{"floor":13,"key":"MawBank"},{"floor":15,"key":"Gremlin Horn"}],"event_choices":[{"damage_healed":0,"gold_gain":0,"player_choice":"Entered Light","damage_taken":14,"max_hp_gain":0,"max_hp_loss":0,"event_name":"Shining Light","floor":2,"gold_loss":0,"cards_upgraded":["Runesmith:Strike_RS","Runesmith:Defend_RS"]},{"damage_healed":0,"gold_gain":0,"player_choice":"1 cards matched","damage_taken":0,"max_hp_gain":0,"max_hp_loss":0,"event_name":"Match and Keep!","floor":4,"gold_loss":0,"cards_obtained":["Forethought"]},{"damage_healed":0,"gold_gain":0,"player_choice":"Inject Mutagens","damage_taken":0,"relics_obtained":["MutagenicStrength"],"max_hp_gain":0,"max_hp_loss":0,"event_name":"Drug Dealer","floor":19,"gold_loss":0},{"damage_healed":0,"gold_gain":0,"player_choice":"Shed Blood","damage_taken":21,"max_hp_gain":5,"max_hp_loss":0,"event_name":"Forgotten Altar","floor":20,"gold_loss":0},{"damage_healed":0,"gold_gain":99,"player_choice":"Stole From Cult","damage_taken":0,"max_hp_gain":0,"max_hp_loss":0,"event_name":"Nest","floor":22,"gold_loss":0}],"is_beta":false,"boss_relics":[{"not_picked":["Runic Pyramid","Busted Crown"],"picked":"Sozu"}],"items_purged_floors":[],"is_endless":false,"potions_floor_spawned":[12,13,14,16,21],"killed_by":"Book of Stabbing","ascension_level":7}}