{"host":"dmdprxj8bosbz96f","time":1609872820,"event":{"mods":["AchievementEnabler","BaseMod","Colored Map","DeckTracker","Minty Spire (QoL Compilation)","Quick Restart","SuperFastMode","everything is the same but u backflip on backflip"],"gold_per_floor":[111,57,57,73,83,94,104,59,59,59,234,234,234,234,234,331,331,343,353,54,73,88,88,105,105,105,125,125,453,453,468,468,563,563,578,91,109,109,109,109,122,82,106,138,14,24,24,24,24,24,24],"floor_reached":50,"playtime":2014,"items_purged":["Sword Boomerang"],"score":532,"play_id":"566152dd-4c65-417f-9f88-08e33a7b0f95","local_time":"20210106035340","is_ascension_mode":true,"campfire_choices":[{"data":"Body Slam","floor":10.0,"key":"SMITH"},{"data":"Perfected Strike","floor":13.0,"key":"SMITH"},{"data":"Battle Trance","floor":15.0,"key":"SMITH"},{"floor":23,"key":"REST"},{"data":"Barricade","floor":25,"key":"SMITH"},{"data":"Shrug It Off","floor":28,"key":"SMITH"},{"data":"Intimidate","floor":30,"key":"SMITH"},{"floor":32,"key":"REST"},{"data":"Perfected Strike","floor":40,"key":"SMITH"},{"floor":47,"key":"REST"},{"floor":49,"key":"REST"}],"circlet_count":0,"master_deck":["Strike_R+1","Strike_R","Strike_R","Strike_R","Strike_R","Defend_R","Defend_R","Defend_R","Defend_R","Bash","Battle Trance+1","Armaments","Body Slam+1","Uppercut+1","Perfected Strike+1","Shrug It Off+1","Barricade+1","Seeing Red","Intimidate+1","Clothesline+1","Sentinel","Perfected Strike+1","Perfected Strike","Shrug It Off","Armaments+1","Wild Strike","Writhe","Power Through+1","Armaments"],"relics":["Burning Blood","NeowsBlessing","Potion Belt","Ornamental Fan","Self Forming Clay","Philosopher\u0027s Stone","Whetstone","Strawberry","Bottled Flame","Old Coin","Black Star","Paper Frog","Matryoshka","Bag of Preparation","Omamori","StoneCalendar","Toy Ornithopter"],"acts_visited":["Exordium","TheCity","TheBeyond"],"potions_floor_usage":[27,29,29,31,33,37,38,44,44,44,44,44,44,46,46,46,50,50],"damage_taken":[{"damage":0.0,"enemies":"Cultist","floor":1.0,"turns":1.0},{"damage":0.0,"enemies":"2 Louse","floor":4.0,"turns":1.0},{"damage":0.0,"enemies":"Small Slimes","floor":5.0,"turns":1.0},{"damage":8.0,"enemies":"2 Fungi Beasts","floor":6.0,"turns":5.0},{"damage":15.0,"enemies":"Exordium Wildlife","floor":7.0,"turns":5.0},{"damage":59.0,"enemies":"Slime Boss","floor":16.0,"turns":10.0},{"damage":23.0,"enemies":"Shell Parasite","floor":18.0,"turns":8.0},{"damage":8.0,"enemies":"Chosen","floor":19.0,"turns":5.0},{"damage":21,"enemies":"Shelled Parasite and Fungi","floor":21,"turns":9},{"damage":26,"enemies":"Snecko","floor":22,"turns":5},{"damage":21,"enemies":"Snake Plant","floor":24,"turns":7},{"damage":14,"enemies":"Centurion and Healer","floor":27,"turns":7},{"damage":38,"enemies":"Book of Stabbing","floor":29,"turns":7},{"damage":6,"enemies":"Snecko","floor":31,"turns":3},{"damage":45,"enemies":"Collector","floor":33,"turns":13},{"damage":0,"enemies":"3 Shapes","floor":35,"turns":4},{"damage":63,"enemies":"3 Darklings","floor":37,"turns":20},{"damage":0,"enemies":"Writhing Mass","floor":38,"turns":1},{"damage":49,"enemies":"Spire Growth","floor":41,"turns":7},{"damage":10,"enemies":"Nemesis","floor":44,"turns":7},{"damage":31,"enemies":"Sphere and 2 Shapes","floor":46,"turns":5},{"damage":74,"enemies":"Donu and Deca","floor":50,"turns":8}],"seed_played":"-250726674621457729","potions_obtained":[{"floor":4.0,"key":"BloodPotion"},{"floor":7.0,"key":"FairyPotion"},{"floor":16.0,"key":"ColorlessPotion"},{"floor":18.0,"key":"Energy Potion"},{"floor":22,"key":"Weak Potion"},{"floor":27,"key":"ColorlessPotion"},{"floor":29,"key":"EssenceOfSteel"},{"floor":31,"key":"Explosive Potion"},{"floor":35,"key":"PowerPotion"},{"floor":37,"key":"SmokeBomb"},{"floor":41,"key":"Energy Potion"},{"floor":42,"key":"EntropicBrew"},{"floor":42,"key":"Weak Potion"},{"floor":42,"key":"DistilledChaos"},{"floor":44,"key":"Explosive Potion"}],"is_trial":false,"path_per_floor":["M","$","T","M","M","M","M","$","T","R","?","?","R","?","R","B",null,"M","M","$","M","M","R","M","R","T","M","R","E","R","M","R","B",null,"M","$","M","M","?","R","M","?","T","E","$","M","R","?","R","B"],"character_chosen":"IRONCLAD","items_purchased":["Armaments","Shrug It Off","Whetstone","Strawberry","Paper Frog","Matryoshka","SpeedPotion"],"campfire_rested":4,"item_purchase_floors":[2,8,20,20,36,36,45],"current_hp_per_floor":[80,80,80,80,80,78,69,69,69,69,69,62,62,50,50,13,80,63,61,68,53,33,59,44,44,44,36,36,32,32,32,58,19,87,87,87,34,40,62,62,23,23,23,26,26,24,50,50,76,12,12],"gold":24,"neow_bonus":"THREE_ENEMY_KILL","is_daily":false,"chose_seed":false,"campfire_upgraded":7,"win_rate":0.0,"timestamp":1609872820,"path_taken":["M","$","?","M","M","M","M","$","T","R","?","?","R","?","R","BOSS","M","M","$","M","M","R","M","R","T","M","R","E","R","M","R","BOSS","M","$","M","M","?","R","M","?","T","E","$","?","R","?","R","BOSS"],"items_purchased_type":["Card","Card","Relic","Relic","Relic","Relic","Potion"],"build_version":"2020-12-22","purchased_purges":1,"victory":false,"max_hp_per_floor":[80,80,80,80,80,80,80,80,80,80,80,80,80,80,80,80,80,80,80,87,87,87,87,87,87,87,87,87,87,87,87,87,87,87,87,87,87,87,87,87,87,87,87,87,87,87,87,87,87,87,87],"card_choices":[{"not_picked":["Heavy Blade","Cleave"],"picked":"Battle Trance","floor":1.0},{"not_picked":["Combust","Armaments"],"picked":"Sword Boomerang","floor":4.0},{"not_picked":["Shrug It Off","Uppercut"],"picked":"Body Slam","floor":5.0},{"not_picked":["Shockwave","Feed"],"picked":"Uppercut","floor":6.0},{"not_picked":["Flex","Iron Wave"],"picked":"Perfected Strike","floor":7.0},{"not_picked":["Feed","Impervious"],"picked":"Barricade","floor":16.0},{"not_picked":["Armaments","Sword Boomerang"],"picked":"Seeing Red","floor":18.0},{"not_picked":["Armaments","Sentinel"],"picked":"Intimidate","floor":19.0},{"not_picked":["Pummel+1","Clash"],"picked":"Clothesline+1","floor":21},{"not_picked":["Disarm","Wild Strike"],"picked":"Sentinel","floor":22},{"not_picked":["Wild Strike","Thunderclap+1"],"picked":"Perfected Strike","floor":24},{"not_picked":["True Grit","Cleave","Anger"],"picked":"SKIP","floor":27},{"not_picked":["Twin Strike","Carnage"],"picked":"Perfected Strike","floor":29},{"not_picked":["Rage","Double Tap"],"picked":"Shrug It Off","floor":31},{"not_picked":["Corruption","Demon Form"],"picked":"Reaper","floor":33},{"not_picked":["Anger","Heavy Blade+1"],"picked":"Armaments+1","floor":35},{"not_picked":["Dark Embrace+1","Sword Boomerang"],"picked":"Wild Strike","floor":37},{"not_picked":["Heavy Blade","Reckless Charge"],"picked":"Power Through+1","floor":41},{"not_picked":["Sword Boomerang+1","Immolate"],"picked":"Armaments","floor":44},{"not_picked":["Disarm","True Grit","Shockwave+1"],"picked":"SKIP","floor":46}],"player_experience":136708,"relics_obtained":[{"floor":3.0,"key":"Potion Belt"},{"floor":9.0,"key":"Ornamental Fan"},{"floor":26,"key":"Bottled Flame"},{"floor":29,"key":"Old Coin"},{"floor":43,"key":"Bag of Preparation"},{"floor":43,"key":"Omamori"},{"floor":44,"key":"StoneCalendar"},{"floor":44,"key":"Toy Ornithopter"}],"event_choices":[{"damage_healed":0.0,"max_hp_gain":0.0,"max_hp_loss":0.0,"gold_gain":175.0,"event_name":"Liars Game","player_choice":"AGREE","floor":11.0,"gold_loss":0.0,"damage_taken":0.0,"cards_obtained":["Doubt"]},{"cards_removed":["Doubt"],"damage_healed":0.0,"max_hp_gain":0.0,"max_hp_loss":0.0,"gold_gain":0.0,"event_name":"Golden Wing","player_choice":"Card Removal","floor":12.0,"gold_loss":0.0,"damage_taken":7.0},{"damage_healed":0.0,"max_hp_gain":0.0,"max_hp_loss":0.0,"gold_gain":0.0,"event_name":"Scrap Ooze","player_choice":"Success","floor":14.0,"gold_loss":0.0,"damage_taken":12.0,"relics_obtained":["Self Forming Clay"]},{"damage_healed":22,"gold_gain":0,"player_choice":"Writhe","damage_taken":0,"max_hp_gain":0,"max_hp_loss":0,"event_name":"Winding Halls","floor":39,"gold_loss":0,"cards_obtained":["Writhe"]},{"damage_healed":0,"gold_gain":0,"player_choice":"Bought 3 Potions","damage_taken":0,"max_hp_gain":0,"max_hp_loss":0,"event_name":"The Woman in Blue","floor":42,"gold_loss":0},{"cards_removed":["Reaper"],"damage_healed":0,"gold_gain":0,"player_choice":"Removed Attack","damage_taken":0,"max_hp_gain":0,"max_hp_loss":0,"event_name":"Falling","floor":48,"gold_loss":0}],"is_beta":false,"boss_relics":[{"not_picked":["Astrolabe","Snecko Eye"],"picked":"Philosopher\u0027s Stone"},{"not_picked":["Pandora\u0027s Box","Runic Cube"],"picked":"Black Star"}],"items_purged_floors":[45],"is_endless":false,"potions_floor_spawned":[4,7,16,18,22,27,29,31,35,37,41,44],"killed_by":"Donu and Deca","ascension_level":2}}