{"host":"hfxp6ue4pvwo3fit","time":1609865675,"event":{"mods":["AchievementEnabler","BaseMod","Colored Map","Colored Powertips","Highlight Path","Minty Spire (QoL Compilation)","Relic Stats","StSLib","SuperFastMode"],"gold_per_floor":[118,118,118,133,150,150,180,180,206,217,236,265,276,218,218,295,295,308,308,323,338,388,388,388],"floor_reached":23,"playtime":653,"items_purged":[],"score":506,"play_id":"c3994dd1-9f3f-480a-9d7b-c44c690cdf0c","local_time":"20210105105435","is_ascension_mode":true,"campfire_choices":[{"floor":6,"key":"REST"},{"data":"Bouncing Flask","floor":8,"key":"SMITH"},{"floor":15,"key":"REST"}],"circlet_count":0,"master_deck":["AscendersBane","Strike_G","Strike_G","Strike_G","Strike_G","Defend_G","Defend_G","Defend_G","Defend_G","Defend_G+1","Survivor","Neutralize","Dagger Throw+1","Dagger Spray","Slice","Bouncing Flask+1","Cloak And Dagger","Deadly Poison","Escape Plan","Catalyst","Envenom","Poisoned Stab","Deadly Poison"],"relics":["Black Star","Snake Skull","Pantograph","Akabeko","Omamori","Ancient Tea Set","Tingsha","Snecko Eye"],"acts_visited":["Exordium","TheCity"],"potions_floor_usage":[7,12,20],"damage_taken":[{"damage":8,"enemies":"Jaw Worm","floor":1,"turns":7},{"damage":4,"enemies":"Cultist","floor":4,"turns":5},{"damage":7,"enemies":"2 Louse","floor":5,"turns":2},{"damage":7,"enemies":"3 Sentries","floor":7,"turns":10},{"damage":0,"enemies":"Red Slaver","floor":10,"turns":3},{"damage":2,"enemies":"Blue Slaver","floor":11,"turns":3},{"damage":14,"enemies":"Gremlin Nob","floor":12,"turns":4},{"damage":0,"enemies":"2 Fungi Beasts","floor":13,"turns":2},{"damage":0,"enemies":"Slime Boss","floor":16,"turns":5},{"damage":19,"enemies":"Spheric Guardian","floor":18,"turns":5},{"damage":0,"enemies":"Shell Parasite","floor":20,"turns":1},{"damage":35,"enemies":"Sentry and Sphere","floor":21,"turns":7},{"damage":13,"enemies":"Snecko","floor":23,"turns":3}],"seed_played":"-6608602784046227619","potions_obtained":[{"floor":1,"key":"SteroidPotion"},{"floor":4,"key":"Ancient Potion"},{"floor":12,"key":"Energy Potion"}],"is_trial":false,"path_per_floor":["M","?","T","M","M","R","E","R","T","M","M","E","M","?","R","B",null,"M","?","M","M","?","M"],"character_chosen":"THE_SILENT","items_purchased":[],"campfire_rested":2,"item_purchase_floors":[],"current_hp_per_floor":[51,31,31,27,20,39,32,32,32,32,30,16,16,16,35,60,65,46,46,46,11,11,0,0],"gold":388,"neow_bonus":"BOSS_RELIC","is_daily":false,"chose_seed":false,"campfire_upgraded":1,"win_rate":0.0,"timestamp":1609865675,"path_taken":["M","?","?","M","M","R","E","R","T","M","M","E","?","?","R","BOSS","M","?","M","?","?","M"],"items_purchased_type":[],"build_version":"2020-12-22","purchased_purges":0,"victory":false,"max_hp_per_floor":[66,66,66,66,66,66,66,66,66,66,66,66,66,66,66,66,66,66,66,66,66,66,66,66],"relic_stats":{"counters":[13,57],"Pantograph":25,"Snecko Eye":[34,31,24,23],"Tingsha":[15],"Snake Skull":[57],"Black Star":2,"obtain_stats":[{"Pantograph":7,"Snecko Eye":17,"Tingsha":12,"Snake Skull":3,"Black Star":0,"Omamori":9,"Ancient Tea Set":12,"Akabeko":7,"Ring of the Snake":0},{"Pantograph":4,"Snecko Eye":9,"Tingsha":7,"Snake Skull":1,"Black Star":0,"Omamori":4,"Ancient Tea Set":7,"Akabeko":4,"Ring of the Snake":0},{"Pantograph":24,"Snecko Eye":41,"Tingsha":34,"Snake Skull":7,"Black Star":0,"Omamori":24,"Ancient Tea Set":34,"Akabeko":24,"Ring of the Snake":0}]},"card_choices":[{"not_picked":["Tactician","Masterful Stab"],"picked":"Dagger Throw","floor":1},{"not_picked":["Dagger Throw","Deflect"],"picked":"Dagger Spray","floor":4},{"not_picked":["Backflip","Dagger Throw"],"picked":"Slice","floor":5},{"not_picked":["Flechettes","Backflip"],"picked":"Bouncing Flask","floor":7},{"not_picked":["Riddle With Holes","Blade Dance"],"picked":"Cloak And Dagger","floor":10},{"not_picked":["After Image","Cloak And Dagger"],"picked":"Deadly Poison","floor":11},{"not_picked":["Choke","Quick Slash"],"picked":"Escape Plan","floor":12},{"not_picked":["Dodge and Roll","Backflip"],"picked":"Catalyst","floor":13},{"not_picked":["Glass Knife","Adrenaline"],"picked":"Envenom","floor":16},{"not_picked":["Finisher","Footwork"],"picked":"Poisoned Stab","floor":18},{"not_picked":["Underhanded Strike","Flechettes","Dagger Throw"],"picked":"SKIP","floor":20},{"not_picked":["Masterful Stab","Escape Plan"],"picked":"Deadly Poison","floor":21}],"player_experience":475296,"relics_obtained":[{"floor":3,"key":"Snake Skull"},{"floor":7,"key":"Pantograph"},{"floor":7,"key":"Akabeko"},{"floor":9,"key":"Omamori"},{"floor":12,"key":"Ancient Tea Set"},{"floor":12,"key":"Tingsha"}],"event_choices":[{"damage_healed":0,"gold_gain":0,"player_choice":"Entered Light","damage_taken":20,"max_hp_gain":0,"max_hp_loss":0,"event_name":"Shining Light","floor":2,"gold_loss":0,"cards_upgraded":["Defend_G","Dagger Throw"]},{"damage_healed":0,"gold_gain":0,"player_choice":"Left Gold","damage_taken":0,"max_hp_gain":0,"max_hp_loss":0,"event_name":"World of Goop","floor":14,"gold_loss":58},{"cards_removed":["Strike_G"],"damage_healed":0,"gold_gain":0,"player_choice":"Offered Basic","damage_taken":0,"max_hp_gain":0,"max_hp_loss":0,"event_name":"Bonfire Elementals","floor":19,"gold_loss":0},{"damage_healed":0,"gold_gain":50,"player_choice":"Stole From Cult","damage_taken":0,"max_hp_gain":0,"max_hp_loss":0,"event_name":"Nest","floor":22,"gold_loss":0}],"is_beta":false,"boss_relics":[{"not_picked":["Busted Crown","SlaversCollar"],"picked":"Snecko Eye"}],"items_purged_floors":[],"is_endless":false,"potions_floor_spawned":[1,4,12],"killed_by":"Snecko","ascension_level":20}}