{"host":"v9aosx06ifh14i2w","time":1609872742,"event":{"mods":["Bard","BaseMod","Bestiary","Better Altar","Better Match","Better Note","Better Sensory Stone","Better Skull","Better Third Choice","Better Vampires","Block Reminder","Colored Powertips","Curses Come First","Downfall","Hermit","Jorbs\u0027s Wanderer Trilogy","Marisa????????","Marked Mod","Minty Spire (QoL Compilation)","Replay The Spire","StSLib","The Cursed","The Hierophant","The Marked","The Runesmith","The Servant 0.9.4","Transform Curses"],"gold_per_floor":[99,99,99,99,99,99,99,126,137,147,167,117,130,80,12,24,24,24,24],"floor_reached":17,"playtime":1362,"items_purged":[],"score":95,"play_id":"c2700e12-4665-41ca-9de2-ee163bf63352","local_time":"20210105135222","is_ascension_mode":false,"campfire_choices":[{"floor":12,"key":"REST"},{"floor":14,"key":"REST"}],"circlet_count":0,"master_deck":["Slimebound:Strike_Slimebound","Slimebound:Strike_Slimebound","Slimebound:Strike_Slimebound","Slimebound:Tackle","Slimebound:Defend_Slimebound","Slimebound:Defend_Slimebound","Slimebound:Defend_Slimebound","Slimebound:Defend_Slimebound","Slimebound:Split","Slimebound:CorrosiveSpit","Slimebound:GoopTackle","Slimebound:SplitBruiser","Slimebound:MegaLick","Slimebound:LeechingTouch","Slimebound:ComboTackle","Slimebound:SlimeTap","Slimebound:FirmFortitude","Slimebound:FinishingTackle","Slimebound:LevelUp","Slimebound:RollThrough","Slimebound:ItLooksTasty"],"relics":["Slimebound:AbsorbEndCombat","downfall:HeartsMalice","Slimebound:GreedOozeRelic","Dream Catcher"],"acts_visited":["Exordium"],"potions_floor_usage":[],"damage_taken":[{"damage":0,"enemies":"Small Slimes","floor":3,"turns":1},{"damage":0,"enemies":"Jaw Worm","floor":4,"turns":1},{"damage":0,"enemies":"Cultist","floor":7,"turns":1},{"damage":34,"enemies":"Gremlin Gang","floor":9,"turns":3},{"damage":13,"enemies":"Blue Slaver","floor":10,"turns":4},{"damage":24,"enemies":"Exordium Thugs","floor":11,"turns":7},{"damage":12,"enemies":"Exordium Wildlife","floor":13,"turns":5},{"damage":6,"enemies":"downfall:FleeingMerchant","floor":15,"turns":4},{"damage":22,"enemies":"3 Louse","floor":16,"turns":4},{"damage":44,"enemies":"downfall:Silent","floor":17,"turns":4}],"seed_played":"-6110540959499603479","potions_obtained":[{"floor":9,"key":"BlessingOfTheForge"},{"floor":10,"key":"PowerPotion"},{"floor":11,"key":"Regen Potion"}],"is_trial":false,"path_per_floor":["PTL","PTL","M","M","?","?","M","T","M","M","M","R","M","R","$","M","B"],"character_chosen":"SLIMEBOUND","items_purchased":["Slimebound:RollThrough"],"campfire_rested":2,"item_purchase_floors":[15],"current_hp_per_floor":[60,60,60,60,60,60,60,60,34,29,21,39,35,53,51,33,0,0,0],"gold":24,"neow_bonus":"THREE_ENEMY_KILL","is_daily":false,"chose_seed":false,"campfire_upgraded":0,"win_rate":0.0,"timestamp":1609872742,"path_taken":["PTL","PTL","M","M","?","?","?","T","?","M","M","R","M","R","$","M","BOSS"],"items_purchased_type":["Card"],"build_version":"2020-12-22","purchased_purges":0,"victory":false,"max_hp_per_floor":[60,60,60,60,60,60,60,60,60,60,60,60,60,60,60,60,60,60,60],"card_choices":[{"not_picked":["Slimebound:GrowthPunch","Slimebound:RainOfGoop"],"picked":"Slimebound:GoopTackle","floor":3},{"not_picked":["Slimebound:SplitMire","Slimebound:ViciousTackle"],"picked":"Slimebound:SpikyOuterGoop","floor":4},{"not_picked":["Slimebound:ViciousTackle","Slimebound:SpikyOuterGoop"],"picked":"Slimebound:SplitBruiser","floor":7},{"not_picked":["Slimebound:SlimeSpikes","Slimebound:Grow"],"picked":"Slimebound:MegaLick","floor":9},{"not_picked":["Slimebound:FinishingTackle","Slimebound:GrowthPunch"],"picked":"Slimebound:LeechingTouch","floor":10},{"not_picked":["Slimebound:LeechingTouch","Slimebound:FormOfPuddle"],"picked":"Slimebound:ComboTackle","floor":11},{"not_picked":["Slimebound:SlimeSpikes","Slimebound:LeechingTouch"],"picked":"Slimebound:SlimeTap","floor":12},{"not_picked":["Slimebound:LeechEnergy","Slimebound:Gluttony"],"picked":"Slimebound:FirmFortitude","floor":13},{"not_picked":["Slimebound:ForwardTackle","Slimebound:LeechingTouch"],"picked":"Slimebound:FinishingTackle","floor":14},{"not_picked":["Slimebound:RainOfGoop","Slimebound:Overexert"],"picked":"Slimebound:LevelUp","floor":15},{"not_picked":["Slimebound:LivingWall","Slimebound:Chomp"],"picked":"Slimebound:ItLooksTasty","floor":16}],"player_experience":0,"relics_obtained":[{"floor":8,"key":"Dream Catcher"}],"event_choices":[{"cards_removed":["Slimebound:SpikyOuterGoop"],"damage_healed":0,"gold_gain":0,"player_choice":"Offered Uncommon","damage_taken":0,"max_hp_gain":0,"max_hp_loss":0,"event_name":"Bonfire Elementals","floor":6,"gold_loss":0}],"is_beta":false,"boss_relics":[],"items_purged_floors":[],"is_endless":false,"potions_floor_spawned":[9,10,11,16],"killed_by":"downfall:Silent","ascension_level":0}}