{"host":"omv42op7s93bjjql","time":1609886854,"event":{"mods":["BaseMod","Colored Map","Colored Powertips","DeckTracker","Keyboard Shortcuts","Minty Spire (QoL Compilation)","StSLib","SuperFastMode"],"gold_per_floor":[15,25,38,38,58,91,102,131,131,28,60,72,82,99,99,176,176,191,203,203,7,21,47,47,57,57,57,69,95,109,109,109,182,182,192,1191,1191,177,197,197,223,237,263,263,276,66,79,95,95,95,95,95,95,10,41,41],"floor_reached":57,"playtime":3204,"items_purged":["Strike_G","Riddle With Holes"],"score":2925,"play_id":"680f40ed-f962-421b-ad08-5e431e556f8f","local_time":"20210106074734","is_ascension_mode":true,"campfire_choices":[{"data":"Apotheosis","floor":15,"key":"SMITH"},{"floor":24,"key":"REST"},{"floor":32,"key":"REST"},{"data":"1","floor":40,"key":"LIFT"},{"data":"2","floor":44,"key":"LIFT"},{"floor":49,"key":"RECALL"},{"data":"3","floor":53,"key":"LIFT"}],"circlet_count":0,"master_deck":["AscendersBane","Survivor","Neutralize","Apotheosis+1","Dagger Throw","Underhanded Strike","Acrobatics","Terror","Leg Sweep","Flying Knee","Phantasmal Killer","Eviscerate","Footwork","Crippling Poison","Malaise","A Thousand Cuts","After Image","Distraction","Blade Dance","Adrenaline","Tactician","Bouncing Flask+1","Finisher","After Image","Noxious Fumes","PiercingWail","Acrobatics","Cloak And Dagger","Cloak And Dagger","Reflex","Phantasmal Killer","Burst","Backflip","Well Laid Plans+1","Accuracy","Acrobatics","Tactician+1","Accuracy","Backflip"],"relics":["Ring of the Snake","Vajra","Omamori","The Courier","Gambling Chip","Pandora\u0027s Box","Bottled Lightning","Girya","Pear","Black Star","Snake Skull","Bird Faced Urn","Ornamental Fan","HandDrill","TungstenRod","Question Card","Regal Pillow","Mummified Hand","Thread and Needle","Bag of Marbles"],"acts_visited":["Exordium","TheCity","TheBeyond","TheEnding"],"potions_floor_usage":[11,16,25,29,29,30,39,41,45,56],"damage_taken":[{"damage":0.0,"enemies":"Jaw Worm","floor":1.0,"turns":4.0},{"damage":1.0,"enemies":"Cultist","floor":2.0,"turns":4.0},{"damage":0.0,"enemies":"2 Louse","floor":3.0,"turns":4.0},{"damage":0.0,"enemies":"2 Fungi Beasts","floor":5.0,"turns":5.0},{"damage":23.0,"enemies":"3 Sentries","floor":6.0,"turns":10.0},{"damage":9,"enemies":"Exordium Thugs","floor":7,"turns":4},{"damage":5,"enemies":"Lagavulin","floor":8,"turns":6},{"damage":18,"enemies":"3 Sentries","floor":11,"turns":8},{"damage":0,"enemies":"3 Louse","floor":12,"turns":3},{"damage":0,"enemies":"Large Slime","floor":13,"turns":1},{"damage":0,"enemies":"Looter","floor":14,"turns":3},{"damage":0,"enemies":"Slime Boss","floor":16,"turns":3},{"damage":0,"enemies":"Spheric Guardian","floor":18,"turns":1},{"damage":13,"enemies":"Shell Parasite","floor":19,"turns":2},{"damage":13,"enemies":"Centurion and Healer","floor":22,"turns":5},{"damage":22,"enemies":"Book of Stabbing","floor":23,"turns":6},{"damage":18,"enemies":"Snake Plant","floor":25,"turns":2},{"damage":0,"enemies":"Chosen and Byrds","floor":28,"turns":4},{"damage":2,"enemies":"Gremlin Leader","floor":29,"turns":3},{"damage":0,"enemies":"Sentry and Sphere","floor":30,"turns":5},{"damage":0,"enemies":"Champ","floor":33,"turns":7},{"damage":9,"enemies":"3 Darklings","floor":35,"turns":2},{"damage":16,"enemies":"Orb Walker","floor":39,"turns":4},{"damage":33,"enemies":"Reptomancer","floor":41,"turns":8},{"damage":0,"enemies":"Jaw Worm Horde","floor":42,"turns":3},{"damage":0,"enemies":"Spire Growth","floor":45,"turns":2},{"damage":1,"enemies":"Maw","floor":47,"turns":4},{"damage":0,"enemies":"3 Darklings","floor":48,"turns":2},{"damage":29,"enemies":"Awakened One","floor":50,"turns":8},{"damage":16,"enemies":"Donu and Deca","floor":51,"turns":5},{"damage":2,"enemies":"Shield and Spear","floor":55,"turns":3},{"damage":62,"enemies":"The Heart","floor":56,"turns":9}],"seed_played":"5700324042529504708","potions_obtained":[{"floor":1.0,"key":"LiquidBronze"},{"floor":2.0,"key":"Dexterity Potion"},{"floor":8,"key":"SneckoOil"},{"floor":11,"key":"SpeedPotion"},{"floor":12,"key":"ColorlessPotion"},{"floor":23,"key":"Weak Potion"},{"floor":27,"key":"SteroidPotion"},{"floor":29,"key":"AttackPotion"},{"floor":35,"key":"ColorlessPotion"},{"floor":39,"key":"Regen Potion"},{"floor":41,"key":"ColorlessPotion"},{"floor":55,"key":"SkillPotion"}],"is_trial":false,"path_per_floor":["M","M","M","?","M","E","M","E","T","$","E","M","M","M","R","B",null,"M","M","?","$","M","E","R","M","T","?","M","E","M","?","R","B",null,"M","?","?","$","M","R","E","M","T","R","M","$","M","M","R","B","B",null,"R","$","E","B",null],"character_chosen":"THE_SILENT","items_purchased":["Slice","After Image","Noxious Fumes","Snake Skull","Bird Faced Urn","Ornamental Fan","HandDrill","TungstenRod","Mummified Hand","Accuracy","Backflip"],"campfire_rested":2,"item_purchase_floors":[10,21,21,38,38,38,38,38,46,54,54],"current_hp_per_floor":[59,58,58,58,58,35,26,21,21,21,3,3,3,3,3,3,50,50,37,37,37,24,2,21,3,3,3,3,11,11,11,33,33,65,56,56,56,56,42,42,32,34,34,34,36,36,43,51,51,34,32,65,65,65,76,22],"gold":41,"neow_bonus":"RANDOM_COLORLESS_2","is_daily":false,"chose_seed":false,"campfire_upgraded":1,"win_rate":0.0,"timestamp":1609886854,"path_taken":["M","M","M","?","M","E","M","E","T","$","E","M","?","M","R","BOSS","M","?","?","$","M","E","R","M","T","?","?","E","M","?","R","BOSS","M","?","?","$","?","R","E","M","T","R","M","?","M","M","R","BOSS","BOSS","R","$","E","BOSS"],"items_purchased_type":["Card","Card","Card","Relic","Relic","Relic","Relic","Relic","Relic","Card","Card"],"build_version":"2020-12-22","purchased_purges":2,"victory":true,"max_hp_per_floor":[66,66,66,66,66,66,66,66,66,66,66,66,66,66,66,66,66,66,66,66,66,66,66,66,66,66,66,66,76,76,76,76,76,76,76,76,76,76,76,76,76,76,76,76,76,76,76,76,76,76,76,76,76,76,76,76],"card_choices":[{"not_picked":["Secret Weapon","Magnetism"],"picked":"Apotheosis","floor":0.0},{"not_picked":["Acrobatics","Bane"],"picked":"Dagger Throw","floor":1.0},{"not_picked":["Outmaneuver","Deflect"],"picked":"Underhanded Strike","floor":2.0},{"not_picked":["Outmaneuver","Poisoned Stab"],"picked":"Acrobatics","floor":3.0},{"not_picked":["Quick Slash","Deadly Poison"],"picked":"Terror","floor":5.0},{"not_picked":["Envenom","Prepared"],"picked":"Leg Sweep","floor":6.0},{"not_picked":["Underhanded Strike","Backflip"],"picked":"Flying Knee","floor":7},{"not_picked":["Slice","PiercingWail"],"picked":"Phantasmal Killer","floor":8},{"not_picked":["Well Laid Plans","Riddle With Holes"],"picked":"Eviscerate","floor":11},{"not_picked":["Prepared","Accuracy"],"picked":"Footwork","floor":12},{"not_picked":["Poisoned Stab","Prepared","Slice"],"picked":"SKIP","floor":13},{"not_picked":["Predator","Blade Dance"],"picked":"Crippling Poison","floor":14},{"not_picked":["Glass Knife","Doppelganger"],"picked":"Malaise","floor":16},{"not_picked":["Sucker Punch","Deadly Poison"],"picked":"Bouncing Flask+1","floor":18},{"not_picked":["Poisoned Stab+1","Blade Dance"],"picked":"Finisher","floor":19},{"not_picked":["Prepared","Acrobatics"],"picked":"PiercingWail","floor":22},{"not_picked":["Deadly Poison","Predator"],"picked":"Acrobatics","floor":23},{"not_picked":["PiercingWail","Envenom"],"picked":"Cloak And Dagger","floor":25},{"not_picked":["Slice","Poisoned Stab+1"],"picked":"Cloak And Dagger","floor":28},{"not_picked":["Dagger Spray","Acrobatics"],"picked":"Reflex","floor":29},{"not_picked":["Doppelganger","Quick Slash+1","Predator"],"picked":"SKIP","floor":30},{"not_picked":["Unload","Night Terror"],"picked":"Burst","floor":33},{"not_picked":["Outmaneuver","Slice"],"picked":"Backflip","floor":35},{"not_picked":["Deadly Poison+1","Choke+1","Endless Agony"],"picked":"SKIP","floor":39},{"not_picked":["Dagger Spray","All Out Attack","Glass Knife"],"picked":"SKIP","floor":41},{"not_picked":["Distraction","PiercingWail","Prepared"],"picked":"Well Laid Plans+1","floor":42},{"not_picked":["Underhanded Strike","Die Die Die","Cloak And Dagger"],"picked":"Accuracy","floor":45},{"not_picked":["Finisher","Slice+1","Blade Dance"],"picked":"Acrobatics","floor":47},{"not_picked":["Endless Agony","Underhanded Strike","Dagger Spray"],"picked":"Tactician+1","floor":48},{"not_picked":["Deflect","Acrobatics","Underhanded Strike+1","PiercingWail"],"picked":"SKIP","floor":55}],"player_experience":847453,"relics_obtained":[{"floor":6.0,"key":"Vajra"},{"floor":8,"key":"Omamori"},{"floor":9,"key":"The Courier"},{"floor":11,"key":"Gambling Chip"},{"floor":23,"key":"Bottled Lightning"},{"floor":26,"key":"Girya"},{"floor":29,"key":"Pear"},{"floor":41,"key":"Question Card"},{"floor":41,"key":"Regal Pillow"},{"floor":55,"key":"Thread and Needle"},{"floor":55,"key":"Bag of Marbles"}],"event_choices":[{"cards_removed":["Strike_G"],"damage_healed":0.0,"max_hp_gain":0.0,"max_hp_loss":0.0,"gold_gain":0.0,"event_name":"Purifier","player_choice":"Purged","floor":4.0,"gold_loss":0.0,"damage_taken":0.0},{"damage_healed":0,"gold_gain":0,"player_choice":"Ignored","damage_taken":0,"max_hp_gain":0,"max_hp_loss":0,"event_name":"Ghosts","floor":20,"gold_loss":0},{"damage_healed":0,"gold_gain":0,"player_choice":"Got Potions","damage_taken":0,"max_hp_gain":0,"max_hp_loss":0,"event_name":"Lab","floor":27,"gold_loss":0},{"damage_healed":0,"gold_gain":0,"cards_transformed":["All Out Attack","Slice"],"player_choice":"Became Test Subject","damage_taken":0,"max_hp_gain":0,"max_hp_loss":0,"event_name":"Drug Dealer","floor":31,"gold_loss":0,"cards_obtained":["Phantasmal Killer","Storm of Steel"]},{"damage_healed":0,"gold_gain":999,"player_choice":"Gold","damage_taken":0,"max_hp_gain":0,"max_hp_loss":0,"event_name":"MindBloom","floor":36,"gold_loss":0,"cards_obtained":["Normality","Normality"]},{"cards_removed":["Storm of Steel"],"damage_healed":0,"gold_gain":0,"player_choice":"Removed Skill","damage_taken":0,"max_hp_gain":0,"max_hp_loss":0,"event_name":"Falling","floor":37,"gold_loss":0}],"is_beta":false,"boss_relics":[{"not_picked":["Runic Pyramid","HoveringKite"],"picked":"Pandora\u0027s Box"},{"not_picked":["Velvet Choker","SlaversCollar"],"picked":"Black Star"}],"items_purged_floors":[10,38],"is_endless":false,"potions_floor_spawned":[1,2,8,11,12,14,23,28,29,35,39,41,55],"ascension_level":20}}