{"host":"ktoxvvst1mwxww91","time":1609870496,"event":{"mods":["BaseMod","Hermit","Minty Spire (QoL Compilation)","StSLib","The Hierophant","The Mystic","The Necromancer"],"gold_per_floor":[114,124,139,64,64,74,74,84,132,132,144,122,122,22,22,107,107,108,84,100,100,100,100,126,157,208,60,74,74,105,120,120,225,225,239,239,239,261,281,312,312,330,379,379,376,598,598,448,448,364],"floor_reached":51,"playtime":1990,"items_purged":["hierophant:Strike_Hierophant","hierophant:Strike_Hierophant","hierophant:Strike_Hierophant+1","Normality"],"score":1684,"play_id":"4c638239-94b3-4849-88fa-4661637af12c","local_time":"20210105191456","is_ascension_mode":true,"campfire_choices":[{"data":"hierophant:Smite","floor":7.0,"key":"SMITH"},{"floor":10.0,"key":"REST"},{"floor":15.0,"key":"REST"},{"data":"hierophant:Smite","floor":23.0,"key":"SMITH"},{"data":"hierophant:Determination","floor":29,"key":"SMITH"},{"data":"hierophant:Punish","floor":32,"key":"SMITH"},{"data":"hierophant:Endure","floor":41,"key":"SMITH"},{"data":"hierophant:AuricBeam","floor":49,"key":"SMITH"}],"circlet_count":0,"master_deck":["AscendersBane","hierophant:Strike_Hierophant+1","hierophant:Punish+1","hierophant:Defend_Hierophant+1","hierophant:Defend_Hierophant+1","hierophant:Defend_Hierophant+1","hierophant:Defend_Hierophant+1","hierophant:ChurchCoffers","hierophant:Encroach","hierophant:Zeal","hierophant:Smite+1","hierophant:Endure+1","hierophant:Anathema+1","hierophant:Empathy+1","hierophant:Smite+1","hierophant:RepressedViolence","hierophant:Determination+1","hierophant:HolyVerse+1","hierophant:Encroach+1","hierophant:MorningPrayer+1","Ghostly+1","Ghostly+1","Ghostly+1","Ghostly+1","Ghostly+1","hierophant:Zeal","hierophant:MorningPrayer+1","hierophant:OrnateBuckler+1","hierophant:Encroach+1","hierophant:Kindle+1","hierophant:Kindle+1","hierophant:Sermon+1","hierophant:AuricBeam+1","Parasite","hierophant:Zeal+1","Writhe"],"relics":["hierophant:PropheticMaskRelic","NeowsBlessing","Toxic Egg 2","HornCleat","Anchor","Art of War","Philosopher\u0027s Stone","Gambling Chip","Red Mask","Oddly Smooth Stone","Darkstone Periapt","Cursed Key","Gremlin Horn","Vajra","Toy Ornithopter","Pen Nib","Ice Cream"],"acts_visited":["Exordium","TheCity","TheBeyond"],"potions_floor_usage":[24,33,33,39,45],"damage_taken":[{"damage":0.0,"enemies":"Jaw Worm","floor":1.0,"turns":1.0},{"damage":0.0,"enemies":"Small Slimes","floor":2.0,"turns":1.0},{"damage":0.0,"enemies":"2 Louse","floor":3.0,"turns":2.0},{"damage":1.0,"enemies":"Blue Slaver","floor":5.0,"turns":3.0},{"damage":27.0,"enemies":"Lagavulin","floor":6.0,"turns":5.0},{"damage":19.0,"enemies":"3 Sentries","floor":8.0,"turns":6.0},{"damage":8.0,"enemies":"Lagavulin","floor":11.0,"turns":5.0},{"damage":0.0,"enemies":"Exordium Thugs","floor":13.0,"turns":5.0},{"damage":41.0,"enemies":"The Guardian","floor":16.0,"turns":12.0},{"damage":5.0,"enemies":"2 Thieves","floor":18.0,"turns":3.0},{"damage":0.0,"enemies":"Spheric Guardian","floor":20.0,"turns":1.0},{"damage":5,"enemies":"Book of Stabbing","floor":24,"turns":7},{"damage":18,"enemies":"Masked Bandits","floor":25,"turns":4},{"damage":3,"enemies":"Cultist and Chosen","floor":28,"turns":10},{"damage":0,"enemies":"Gremlin Leader","floor":30,"turns":9},{"damage":2,"enemies":"Snake Plant","floor":31,"turns":5},{"damage":9,"enemies":"Collector","floor":33,"turns":9},{"damage":0,"enemies":"3 Shapes","floor":35,"turns":5},{"damage":0,"enemies":"3 Darklings","floor":38,"turns":4},{"damage":0,"enemies":"Spire Growth","floor":39,"turns":7},{"damage":0,"enemies":"Nemesis","floor":40,"turns":9},{"damage":0,"enemies":"Reptomancer","floor":42,"turns":9},{"damage":42,"enemies":"Giant Head","floor":45,"turns":9},{"damage":4,"enemies":"Awakened One","floor":50,"turns":10}],"seed_played":"4185675419090375705","potions_obtained":[{"floor":1.0,"key":"GamblersBrew"},{"floor":8.0,"key":"Energy Potion"},{"floor":11.0,"key":"Swift Potion"},{"floor":13.0,"key":"BlessingOfTheForge"},{"floor":16.0,"key":"Strength Potion"},{"floor":20.0,"key":"LiquidBronze"},{"floor":28,"key":"FearPotion"},{"floor":30,"key":"SkillPotion"},{"floor":31,"key":"FearPotion"},{"floor":35,"key":"DuplicationPotion"},{"floor":42,"key":"Fire Potion"}],"is_trial":false,"path_per_floor":["M","M","M","$","M","E","R","E","T","R","E","?","M","$","R","B",null,"M","$","M","?","?","R","E","?","T","$","M","R","E","M","R","B",null,"M","?","?","M","M","E","R","E","T","T","E","?","?","$","R","B",null],"character_chosen":"HIEROPHANT","items_purchased":["hierophant:Encroach+1","hierophant:OrnateBuckler+1"],"campfire_rested":2,"item_purchase_floors":[19,27],"current_hp_per_floor":[68,68,68,68,67,40,40,21,21,43,35,35,35,35,57,16,60,55,55,55,55,37,37,32,34,34,34,37,37,37,35,35,37,37,37,37,37,37,37,37,37,37,43,49,15,15,33,33,33,29],"gold":364,"neow_bonus":"THREE_ENEMY_KILL","is_daily":false,"chose_seed":false,"campfire_upgraded":6,"win_rate":0.0,"timestamp":1609870496,"path_taken":["M","M","M","$","M","E","R","E","T","R","E","?","M","$","R","BOSS","M","$","M","?","?","R","E","?","T","$","?","R","E","M","R","BOSS","M","?","?","?","M","E","R","E","T","?","E","?","?","$","R","BOSS"],"items_purchased_type":["Card","Card"],"build_version":"2020-12-22","purchased_purges":4,"victory":true,"max_hp_per_floor":[75,75,75,75,75,75,75,75,75,75,75,75,75,75,75,75,75,75,75,75,75,37,37,37,37,37,37,37,37,37,37,37,37,37,37,37,37,37,37,37,37,37,43,49,49,49,55,55,55,55],"card_choices":[{"not_picked":["hierophant:Patience","hierophant:Bribe"],"picked":"hierophant:Encroach","floor":1.0},{"not_picked":["hierophant:EyeForCoin","hierophant:PristineSoul"],"picked":"hierophant:Zeal","floor":2.0},{"not_picked":["hierophant:Doomsaying","hierophant:Glossolalia"],"picked":"hierophant:Smite","floor":3.0},{"not_picked":["hierophant:ConvertCurrency","hierophant:Mercenaries"],"picked":"hierophant:Endure","floor":5.0},{"not_picked":["hierophant:DivineIntervention+1","hierophant:ArchangelShield"],"picked":"hierophant:Anathema","floor":6.0},{"not_picked":["hierophant:SolarFlare","hierophant:HammerAndAnvil+1"],"picked":"hierophant:Empathy+1","floor":8.0},{"not_picked":["hierophant:FieryStrike","hierophant:Rebuild+1"],"picked":"hierophant:Smite","floor":11.0},{"not_picked":["hierophant:DisplayOfPower","hierophant:BulkyChest+1"],"picked":"hierophant:RepressedViolence","floor":13.0},{"not_picked":["hierophant:WrathOfGod","hierophant:AuricForm"],"picked":"hierophant:Determination","floor":16.0},{"not_picked":["hierophant:ThreeLashes","hierophant:Chorus+1"],"picked":"hierophant:HolyVerse+1","floor":18.0},{"not_picked":["hierophant:Repentance+1","hierophant:RustyCrate+1"],"picked":"hierophant:MorningPrayer+1","floor":20.0},{"not_picked":["hierophant:SolarFlare","hierophant:BulkyChest+1"],"picked":"hierophant:Zeal","floor":24},{"not_picked":["hierophant:AuricBeam","hierophant:FieryStrike+1"],"picked":"hierophant:MorningPrayer+1","floor":25},{"not_picked":["hierophant:RustyCrate+1","hierophant:HammerAndAnvil+1"],"picked":"hierophant:Encroach+1","floor":28},{"not_picked":["hierophant:Encroach+1","hierophant:FaithHealing+1"],"picked":"hierophant:Kindle+1","floor":30},{"not_picked":["hierophant:HammerAndAnvil+1","hierophant:SealAway","hierophant:FlamingChariot"],"picked":"SKIP","floor":31},{"not_picked":["hierophant:Generosity","hierophant:DeathKnell+1"],"picked":"hierophant:Kindle+1","floor":33},{"not_picked":["hierophant:RustyCrate+1","hierophant:Zeal+1","hierophant:Flagellation+1"],"picked":"SKIP","floor":35},{"not_picked":["hierophant:Remorse","hierophant:DisplayOfPower","hierophant:RepressedViolence+1"],"picked":"SKIP","floor":38},{"not_picked":["hierophant:DisplayOfPower","hierophant:AuricForm","hierophant:HammerAndAnvil+1"],"picked":"SKIP","floor":39},{"not_picked":["hierophant:HammerAndAnvil+1","hierophant:Encroach+1"],"picked":"hierophant:Sermon+1","floor":40},{"not_picked":["hierophant:FaithHealing+1","hierophant:Kindle+1"],"picked":"hierophant:AuricBeam","floor":42},{"not_picked":["hierophant:HolyVerse+1","hierophant:Dazzle+1"],"picked":"hierophant:Zeal+1","floor":45}],"player_experience":970034,"relics_obtained":[{"floor":6.0,"key":"Toxic Egg 2"},{"floor":8.0,"key":"HornCleat"},{"floor":9.0,"key":"Anchor"},{"floor":11.0,"key":"Art of War"},{"floor":24,"key":"Gambling Chip"},{"floor":25,"key":"Red Mask"},{"floor":26,"key":"Oddly Smooth Stone"},{"floor":30,"key":"Darkstone Periapt"},{"floor":40,"key":"Gremlin Horn"},{"floor":42,"key":"Vajra"},{"floor":43,"key":"Toy Ornithopter"},{"floor":44,"key":"Pen Nib"},{"floor":45,"key":"Ice Cream"}],"event_choices":[{"damage_healed":0.0,"max_hp_gain":0.0,"max_hp_loss":0.0,"gold_gain":0.0,"event_name":"World of Goop","player_choice":"Left Gold","floor":12.0,"gold_loss":22.0,"damage_taken":0.0},{"damage_healed":0.0,"max_hp_gain":0.0,"max_hp_loss":0.0,"gold_gain":0.0,"event_name":"Back to Basics","player_choice":"Simplicity","floor":21.0,"gold_loss":0.0,"damage_taken":0.0,"cards_upgraded":["hierophant:Strike_Hierophant","hierophant:Strike_Hierophant","hierophant:Defend_Hierophant","hierophant:Defend_Hierophant","hierophant:Defend_Hierophant","hierophant:Defend_Hierophant"]},{"damage_healed":0.0,"max_hp_gain":0.0,"max_hp_loss":38.0,"gold_gain":0.0,"event_name":"Ghosts","player_choice":"Became a Ghost","floor":22.0,"gold_loss":0.0,"damage_taken":0.0,"cards_obtained":["Ghostly","Ghostly","Ghostly","Ghostly","Ghostly"]},{"damage_healed":0,"gold_gain":0,"player_choice":"Fought Bandits","damage_taken":0,"max_hp_gain":0,"max_hp_loss":0,"event_name":"Masked Bandits","floor":25,"gold_loss":0},{"damage_healed":0,"gold_gain":0,"player_choice":"Ignored","damage_taken":0,"max_hp_gain":0,"max_hp_loss":0,"event_name":"Mysterious Sphere","floor":36,"gold_loss":0},{"damage_healed":0,"gold_gain":0,"player_choice":"Upgraded","damage_taken":0,"max_hp_gain":0,"max_hp_loss":0,"event_name":"Upgrade Shrine","floor":37,"gold_loss":0,"cards_upgraded":["hierophant:Anathema"]},{"damage_healed":0,"gold_gain":222,"player_choice":"Wore Mask","damage_taken":0,"max_hp_gain":0,"max_hp_loss":0,"event_name":"Tomb of Lord Red Mask","floor":46,"gold_loss":0},{"damage_healed":12,"gold_gain":0,"player_choice":"Writhe","damage_taken":0,"max_hp_gain":0,"max_hp_loss":0,"event_name":"Winding Halls","floor":47,"gold_loss":0,"cards_obtained":["Writhe"]}],"is_beta":false,"boss_relics":[{"not_picked":["Tiny House","Pandora\u0027s Box"],"picked":"Philosopher\u0027s Stone"},{"not_picked":["Busted Crown","Snecko Eye"],"picked":"Cursed Key"}],"items_purged_floors":[4,14,27,48],"is_endless":false,"potions_floor_spawned":[1,8,11,13,16,20,28,30,31,35,42],"ascension_level":10}}