{"host":"3j2m8n0ywf988fwb","time":1609837059,"event":{"mods":["2.2 Compatiblity","Act Like it!","Aspiration","Astrologer","BaseMod","Beaked The Cultist","Better Altar","Better Match","Better Note","Better Sensory Stone","Better Skull","Better Third Choice","CCEM","Colored Map","Colored Powertips","Conspire","Energized Spire","Evolution","Fireblade Mod","GifTheSpireLib","Googly Eyes","Halation","Hallownest","Highlight Path","Hubris","Infinite Spire","Jedi Mod","Jorbs\u0027s Wanderer Trilogy","Marisa????????","Marked Mod","Mimic Mod","Minty Spire (QoL Compilation)","Random Character Button","Relic Stats","Replay The Spire","Robot Space Explorer","Shop Mod","Somnambulant","StSLib","Stuff the Spire","The Bug Knight","The Caster","The Hierophant","The Marked","The Runesmith","TheFirefly","Unceasing Turn Reminder","everything is the same but u backflip on backflip"],"gold_per_floor":[109,109,128,141,160,185,185,185,185,185,216,230,230,230,230,332,332,351,390,390,26,26,59,59,86,118,149,160,210,226,23,23,128,128,148,298,348,398,448,448,478,528,561,578,578,31,56,71,71,71],"floor_reached":51,"playtime":2770,"items_purged":["Strike_R","Sword Boomerang","Sever Soul"],"score":1028,"play_id":"d533b25e-d8ac-4010-8ea3-62e6ad976007","local_time":"20210105025739","is_ascension_mode":true,"campfire_choices":[{"data":"jedi:harder","floor":13.0,"key":"SMITH"},{"data":"jedi:fear","floor":15.0,"key":"SMITH"},{"data":"Sword Boomerang","floor":24.0,"key":"PURGE"},{"data":"Sword Boomerang","floor":32.0,"key":"PURGE"},{"data":"Amnesia","floor":40.0,"key":"PURGE"}],"circlet_count":0,"master_deck":["Sword Boomerang+1","Defend_R","Defend_R","Defend_R","Bash","Shrug It Off","conspire:Banana","Anger","jedi:fear+1","jedi:harder+1","Immolate","Metallicize","Inflame","Anger","Metallicize","Metallicize","jedi:fear+1","Immolate","Crow Ritual"],"relics":["Burning Blood","EVO:Axolotl","Juzu Bracelet","jedi:heavyjacket","jedi:bottledfury","PreservedInsect","CCEMRelics:TransientCore","halation:SelfBoilingWater","hubris:Towel","CCEMRelics:WrappedPresent","Girya","SsserpentHead","Peace Pipe","conspire:DecoderRing","CCEMRelics:WhiteRose","Snack Pack","Centennial Puzzle","Oddly Smooth Stone","energizedSpire:TabascoSauce","Ring of Peace","Ring of Fury","jedi:Pinwheel","StoneCalendar","Bird Faced Urn","TungstenRod","StuffTheSpire:GrapeVine"],"acts_visited":["Exordium","TheCity","TheBeyond"],"potions_floor_usage":[48,50],"damage_taken":[{"damage":3.0,"enemies":"Jaw Worm","floor":1.0,"turns":4.0},{"damage":0.0,"enemies":"Small Slimes","floor":3.0,"turns":3.0},{"damage":6.0,"enemies":"Cultist","floor":4.0,"turns":3.0},{"damage":34.0,"enemies":"conspire:2 RoseBushes","floor":5.0,"turns":6.0},{"damage":35.0,"enemies":"3 Sentries","floor":6.0,"turns":6.0},{"damage":20.0,"enemies":"Replay:BlueRogue","floor":11.0,"turns":5.0},{"damage":3.0,"enemies":"Large Slime","floor":12.0,"turns":5.0},{"damage":34.0,"enemies":"Hexaghost","floor":16.0,"turns":12.0},{"damage":28.0,"enemies":"Chosen","floor":18.0,"turns":5.0},{"damage":73.0,"enemies":"conspire:MimicChest","floor":19.0,"turns":8.0},{"damage":0.0,"enemies":"HollowMod:Nosk","floor":23.0,"turns":14.0},{"damage":22.0,"enemies":"Nightmare","floor":25.0,"turns":7.0},{"damage":0.0,"enemies":"Snake Plant","floor":26.0,"turns":8.0},{"damage":32.0,"enemies":"Book of Stabbing","floor":27.0,"turns":5.0},{"damage":12.0,"enemies":"Snake Plant","floor":28.0,"turns":5.0},{"damage":8.0,"enemies":"Shelled Parasite and Fungi","floor":30.0,"turns":4.0},{"damage":52.0,"enemies":"hubris:MusketHawk","floor":33.0,"turns":11.0},{"damage":48.0,"enemies":"3 Shapes","floor":35.0,"turns":5.0},{"damage":13.0,"enemies":"Giant Head","floor":41.0,"turns":7.0},{"damage":0,"enemies":"3 Darklings","floor":43,"turns":9},{"damage":0,"enemies":"3 Darklings","floor":44,"turns":4},{"damage":11,"enemies":"R_Hoarder","floor":47,"turns":7},{"damage":2,"enemies":"Jaw Worm Horde","floor":48,"turns":5},{"damage":77,"enemies":"conspire:OrnateMirror","floor":50,"turns":8}],"seed_played":"-6090451902675607306","potions_obtained":[{"floor":1.0,"key":"Weak Potion"},{"floor":11.0,"key":"BloodPotion"},{"floor":19.0,"key":"GamblersBrew"},{"floor":27.0,"key":"Milkshake"},{"floor":30.0,"key":"Elixir"},{"floor":33.0,"key":"Explosive Potion"},{"floor":48,"key":"Energy Potion"}],"is_trial":false,"path_per_floor":["M","?","M","M","M","E","?","?","T","?","E","M","R","?","R","B",null,"M","?","?","$","?","E","R","NM","MIM","E","M","?","M","$","R_BF","B",null,"M","?","?","?","?","R","E","?","MIM","M","R","$","E","M","R","B",null],"character_chosen":"IRONCLAD","items_purchased":["Metallicize","CCEMRelics:WrappedPresent","Oddly Smooth Stone","TungstenRod","Crow Ritual"],"campfire_rested":0,"item_purchase_floors":[21,21,31,46,46],"current_hp_per_floor":[80,80,81,82,55,27,27,27,27,84,71,75,75,75,75,48,87,89,28,28,38,38,51,51,42,55,36,42,42,51,51,51,28,98,58,58,58,58,58,58,56,56,66,77,77,77,80,89,89,29],"gold":71,"neow_bonus":"RANDOM_EVENT","is_daily":false,"chose_seed":false,"campfire_upgraded":2,"win_rate":0.0,"timestamp":1609837059,"path_taken":["M","?","?","M","M","E","?","?","T","?","E","M","R","?","R","BOSS","M","?","?","$","?","E","R","NM","MIM","E","M","?","M","?","R_BF","BOSS","M","?","?","?","?","R","E","?","MIM","M","R","?","E","M","R","BOSS"],"items_purchased_type":["Card","Relic","Relic","Relic","Card"],"build_version":"2020-12-22","purchased_purges":3,"victory":true,"max_hp_per_floor":[80,80,81,82,83,84,84,84,84,84,85,86,86,86,86,87,87,90,90,90,95,95,89,89,90,90,93,97,97,101,101,101,98,98,101,101,101,101,101,101,104,104,108,111,111,111,115,119,119,122],"relic_stats":{"Peace Pipe":3,"SsserpentHead":400,"Centennial Puzzle":[24],"counters":[24,156],"Bird Faced Urn":[17],"StoneCalendar":[52],"PreservedInsect":303,"Juzu Bracelet":5,"obtain_stats":[{"CCEMRelics:WrappedPresent":21,"StoneCalendar":43,"Juzu Bracelet":6,"StuffTheSpire:GrapeVine":47,"EVO:Axolotl":0,"jedi:bottledfury":11,"jedi:Pinwheel":41,"Burning Blood":0,"CCEMRelics:TransientCore":17,"SsserpentHead":22,"Centennial Puzzle":27,"conspire:DecoderRing":25,"Ring of Peace":38,"energizedSpire:TabascoSauce":34,"CCEMRelics:WhiteRose":26,"Girya":21,"Oddly Smooth Stone":31,"PreservedInsect":14,"hubris:Towel":20,"halation:SelfBoilingWater":19,"Peace Pipe":23,"jedi:heavyjacket":9,"Bird Faced Urn":43,"Ring of Fury":38,"Snack Pack":26,"TungstenRod":46},{"CCEMRelics:WrappedPresent":10,"StoneCalendar":20,"Juzu Bracelet":5,"StuffTheSpire:GrapeVine":22,"EVO:Axolotl":0,"jedi:bottledfury":6,"jedi:Pinwheel":19,"Burning Blood":0,"CCEMRelics:TransientCore":8,"SsserpentHead":10,"Centennial Puzzle":14,"conspire:DecoderRing":12,"Ring of Peace":18,"energizedSpire:TabascoSauce":17,"CCEMRelics:WhiteRose":13,"Girya":10,"Oddly Smooth Stone":16,"PreservedInsect":7,"hubris:Towel":10,"halation:SelfBoilingWater":10,"Peace Pipe":11,"jedi:heavyjacket":5,"Bird Faced Urn":20,"Ring of Fury":18,"Snack Pack":13,"TungstenRod":21},{"CCEMRelics:WrappedPresent":57,"StoneCalendar":132,"Juzu Bracelet":22,"StuffTheSpire:GrapeVine":143,"EVO:Axolotl":0,"jedi:bottledfury":27,"jedi:Pinwheel":123,"Burning Blood":0,"CCEMRelics:TransientCore":44,"SsserpentHead":57,"Centennial Puzzle":91,"conspire:DecoderRing":78,"Ring of Peace":116,"energizedSpire:TabascoSauce":111,"CCEMRelics:WhiteRose":86,"Girya":57,"Oddly Smooth Stone":100,"PreservedInsect":32,"hubris:Towel":57,"halation:SelfBoilingWater":57,"Peace Pipe":71,"jedi:heavyjacket":22,"Bird Faced Urn":132,"Ring of Fury":116,"Snack Pack":86,"TungstenRod":136}],"Burning Blood":114,"TungstenRod":11},"card_choices":[{"not_picked":["jedi:suffering","StuffTheSpire:RockThrow"],"picked":"Shrug It Off","floor":1.0},{"not_picked":["Mayhem","Replay:Dark Deal"],"picked":"conspire:Banana","floor":2.0},{"not_picked":["hubris:CleavingFinish","StuffTheSpire:Slingshot","StuffTheSpire:Incineration"],"picked":"SKIP","floor":3.0},{"not_picked":["StuffTheSpire:RagingBull","Ghostly Armor"],"picked":"Anger","floor":4.0},{"not_picked":["Cleave","Twin Strike"],"picked":"jedi:fear","floor":5.0},{"not_picked":["Heavy Blade","hubris:ReadiedAction"],"picked":"hubris:SharpeningStone","floor":6.0},{"not_picked":["infinitespire:OneForAll","Headbutt"],"picked":"jedi:harder","floor":11.0},{"not_picked":["Headbutt","Massacre"],"picked":"Sever Soul","floor":12.0},{"not_picked":["Bludgeon","jedi:unlimitedpower"],"picked":"Immolate","floor":16.0},{"not_picked":["Whirlwind","Armaments+1","Flame Barrier"],"picked":"SKIP","floor":18.0},{"not_picked":["Body Slam","Headbutt"],"picked":"Inflame","floor":23.0},{"not_picked":["Iron Wave","hubris:StunningStrike","Headbutt"],"picked":"SKIP","floor":25.0},{"not_picked":["StuffTheSpire:BloodClot+1","Pommel Strike+1"],"picked":"Anger","floor":26.0},{"not_picked":["Dark Embrace","Exhume"],"picked":"Metallicize","floor":27.0},{"not_picked":["Run Through+1","hubris:SharpeningStone"],"picked":"Metallicize","floor":28.0},{"not_picked":["StuffTheSpire:Pyroclast","Ghostly Armor"],"picked":"jedi:fear","floor":30.0},{"not_picked":["conspire:HitWhereItHurts","Replay:Many Hands"],"picked":"Immolate","floor":33.0},{"not_picked":["Whirlwind+1","Clash+1","Headbutt"],"picked":"SKIP","floor":35.0},{"not_picked":["StuffTheSpire:Slingshot","Iron Wave","Warcry+1"],"picked":"SKIP","floor":41.0},{"not_picked":["StuffTheSpire:RagingBull","StuffTheSpire:Incineration+1","Power Through"],"picked":"SKIP","floor":44},{"not_picked":["Sever Soul+1","Thunderclap+1","Wild Strike+1"],"picked":"SKIP","floor":47},{"not_picked":["Sword Boomerang+1","Dual Wield","Clothesline"],"picked":"SKIP","floor":48}],"player_experience":1102852,"relics_obtained":[{"floor":6.0,"key":"Juzu Bracelet"},{"floor":9.0,"key":"jedi:heavyjacket"},{"floor":11.0,"key":"jedi:bottledfury"},{"floor":14.0,"key":"PreservedInsect"},{"floor":19.0,"key":"halation:SelfBoilingWater"},{"floor":21.0,"key":"Girya"},{"floor":23.0,"key":"Peace Pipe"},{"floor":25.0,"key":"conspire:DecoderRing"},{"floor":26.0,"key":"CCEMRelics:WhiteRose"},{"floor":26.0,"key":"Snack Pack"},{"floor":27.0,"key":"Centennial Puzzle"},{"floor":38.0,"key":"Ring of Peace"},{"floor":38.0,"key":"Ring of Fury"},{"floor":41.0,"key":"jedi:Pinwheel"},{"floor":43,"key":"StoneCalendar"},{"floor":43,"key":"Bird Faced Urn"},{"floor":47,"key":"StuffTheSpire:GrapeVine"}],"event_choices":[{"damage_healed":0.0,"max_hp_gain":0.0,"max_hp_loss":0.0,"gold_gain":1.0,"event_name":"betterStone:BetterStone","player_choice":"1","floor":2.0,"gold_loss":0.0,"damage_taken":0.0},{"damage_healed":0.0,"max_hp_gain":0.0,"max_hp_loss":0.0,"gold_gain":0.0,"event_name":"betterNote:BetterNote","player_choice":"Ignored","floor":8.0,"gold_loss":0.0,"damage_taken":0.0,"cards_obtained":["Cleave"]},{"cards_removed":["hubris:SharpeningStone"],"damage_healed":57.0,"max_hp_gain":0.0,"max_hp_loss":0.0,"gold_gain":0.0,"event_name":"Bonfire Elementals","player_choice":"Offered Uncommon","floor":10.0,"gold_loss":0.0,"damage_taken":0.0},{"damage_healed":0.0,"max_hp_gain":0.0,"max_hp_loss":0.0,"gold_gain":0.0,"event_name":"FaceTrader","player_choice":"Trade","floor":22.0,"gold_loss":0.0,"damage_taken":0.0,"relics_obtained":["SsserpentHead"]},{"damage_healed":0.0,"max_hp_gain":0.0,"max_hp_loss":0.0,"gold_gain":100.0,"event_name":"Golden Shrine","player_choice":"Pray","floor":36.0,"gold_loss":0.0,"damage_taken":0.0}],"is_beta":false,"boss_relics":[{"not_picked":["Runic Cube","conspire:RoyalGoblet"],"picked":"CCEMRelics:TransientCore"},{"not_picked":["halation:Yufonium","aspiration:RunicSpoon"],"picked":"energizedSpire:TabascoSauce"}],"items_purged_floors":[21,31,46],"is_endless":false,"potions_floor_spawned":[1,11,19,27,30,33,35,48],"ascension_level":3}}