{"host":"y89x8uui45kcjy42","time":1609832962,"event":{"mods":["2.2 Compatiblity","BaseMod","CapriCore","Colored Map","Colored Powertips","Custom Start","Friendly Minions","Keyboard Shortcuts","Lobotomy","Minty Spire (QoL Compilation)","Relic Stats","Slay the Relics Exporter","StSLib","SuperFastMode","Uncapped"],"gold_per_floor":[112,112,112,125,139,139,139,139,165,192,192,202,232,258,258,362,362,376,395,395,414,427,427,427,427,427,427,342,342,359,691,691,788,788,805,822,836,855,732,732,732,732,811,827,827,854,804,820,820,820],"floor_reached":51,"playtime":1667,"items_purged":["TrainingCode"],"score":1130,"play_id":"c8f398d9-ac2c-4403-ad6b-a5c200ce4d72","local_time":"20210105164922","is_ascension_mode":false,"campfire_choices":[],"circlet_count":0,"master_deck":["ScreamingWedge+1","ScreamingWedge+1","Mimicry+1","GreenStem+1","ParadiseLost+50","Lamp+80","Lamp+63","SpecialBullet","SpecialBullet","SpecialBullet","SpecialBullet","SpecialBullet","InformationCode"],"relics":["CogitoBucket","TeardropLocket","PreservedInsect","VioletLotus","Ginger","Turnip","OrangePellets","Self Forming Clay","CloakClasp","Boot","Charon\u0027s Ashes","Bronze Scales","Tough Bandages","Paper Frog","Paper Crane","Lantern","FossilizedHelix","Torii","TungstenRod","Tingsha","Incense Burner","Shuriken","Kunai","ClockworkSouvenir","Calipers","Bag of Preparation","Sling","Ice Cream","Thread and Needle","Mercury Hourglass","SacredBark","StoneCalendar","Shovel","Mummified Hand","Oddly Smooth Stone","Vajra","SlaversCollar","Singing Bowl","Anchor","Membership Card","Smiling Mask","The Courier","HoveringKite","Magic Flower","Coffee Dripper","Medical Kit","CaptainsWheel","HornCleat","Mango","Pear","Lee\u0027s Waffle","Question Card","Prayer Wheel","Strawberry","White Beast Statue","Potion Belt","War Paint","Du-Vu Doll","Odd Mushroom","Busted Crown","MutagenicStrength","Blue Candle","Pocketwatch","WingedGreaves","Old Coin","SlaversCollar","HellTrain","Lizard Tail","StrikeDummy","Sundial","AtMidnight"],"acts_visited":["Exordium","TheCity","TheBeyond"],"potions_floor_usage":[51,51,51,51,51,51,51,51],"damage_taken":[{"damage":0,"enemies":"2 Louse","floor":1,"turns":1},{"damage":0,"enemies":"Small Slimes","floor":4,"turns":1},{"damage":0,"enemies":"Jaw Worm","floor":5,"turns":1},{"damage":0,"enemies":"Lagavulin","floor":10,"turns":1},{"damage":0,"enemies":"Large Slime","floor":12,"turns":1},{"damage":0,"enemies":"Gremlin Nob","floor":13,"turns":1},{"damage":0,"enemies":"The Mushroom Lair","floor":14,"turns":2},{"damage":0,"enemies":"Slime Boss","floor":16,"turns":1},{"damage":0,"enemies":"Shell Parasite","floor":18,"turns":3},{"damage":0,"enemies":"3 Byrds","floor":19,"turns":2},{"damage":0,"enemies":"3 Cultists","floor":21,"turns":3},{"damage":0,"enemies":"Chosen and Byrds","floor":22,"turns":1},{"damage":0,"enemies":"Shelled Parasite and Fungi","floor":30,"turns":1},{"damage":0,"enemies":"Slavers","floor":31,"turns":2},{"damage":0,"enemies":"Automaton","floor":33,"turns":1},{"damage":0,"enemies":"3 Darklings","floor":35,"turns":3},{"damage":0,"enemies":"3 Shapes","floor":36,"turns":3},{"damage":0,"enemies":"Writhing Mass","floor":37,"turns":1},{"damage":0,"enemies":"3 Darklings","floor":38,"turns":3},{"damage":0,"enemies":"Sphere and 2 Shapes","floor":44,"turns":3},{"damage":0,"enemies":"Nemesis","floor":46,"turns":3},{"damage":0,"enemies":"Maw","floor":48,"turns":3},{"damage":0,"enemies":"Time Eater","floor":50,"turns":2},{"damage":0,"enemies":"Malkuth","floor":51,"turns":2},{"damage":0,"enemies":"Yesod","floor":51,"turns":3},{"damage":0,"enemies":"Tiphereth","floor":51,"turns":3},{"damage":12,"enemies":"Binah","floor":51,"turns":6},{"damage":0,"enemies":"Angela","floor":51,"turns":2}],"seed_played":"1493792166967856963","potions_obtained":[{"floor":1,"key":"Energy Potion"},{"floor":4,"key":"AttackPotion"},{"floor":5,"key":"Block Potion"},{"floor":12,"key":"DuplicationPotion"},{"floor":16,"key":"FairyPotion"},{"floor":19,"key":"EntropicBrew"},{"floor":21,"key":"Strength Potion"}],"is_trial":true,"path_per_floor":["M","?","?","M","M","R","R","R","T","E","R","M","E","?","R","B",null,"M","M","?","M","M","R","R","R","T","R","?","R","M","E","R","B",null,"M","M","M","M","$","R","R","R","T","M","R","E","$","M","R","B",null],"character_chosen":"Angela","items_purchased":["Lizard Tail"],"campfire_rested":0,"item_purchase_floors":[39],"current_hp_per_floor":[112,112,110,114,118,118,118,118,118,120,120,124,126,128,128,130,132,136,140,140,144,148,148,148,148,148,148,148,148,152,154,154,156,156,160,164,168,172,172,172,172,172,172,176,176,178,178,182,182,182],"gold":820,"neow_bonus":"","is_daily":false,"chose_seed":false,"campfire_upgraded":0,"win_rate":0.0,"timestamp":1609832962,"path_taken":["M","?","?","M","M","R","R","R","T","E","R","M","E","?","R","BOSS","M","M","?","M","M","R","R","R","T","R","?","R","M","E","R","BOSS","M","M","?","M","?","R","R","R","T","M","R","E","$","M","R","BOSS"],"items_purchased_type":["Relic"],"build_version":"2020-12-22","purchased_purges":1,"victory":true,"max_hp_per_floor":[112,112,112,116,120,120,120,120,120,122,122,126,128,130,130,132,132,136,140,140,144,148,148,148,148,148,148,148,148,152,154,154,156,156,160,164,168,172,172,172,172,172,172,176,176,178,178,182,182,182],"relic_stats":{"Torii":0,"Singing Bowl":74,"HoveringKite":[0],"Magic Flower":[0],"StoneCalendar":[0],"CloakClasp":[57],"Bag of Preparation":[58],"Ginger":[4],"Boot":[18],"Smiling Mask":-20,"Tough Bandages":[0],"Lizard Tail":0,"Shovel":0,"Mummified Hand":[32],"Sundial":[4],"Prayer Wheel":15,"VioletLotus":[0],"Kunai":[19],"Lee\u0027s Waffle":7,"counters":[32,63],"Self Forming Clay":[3],"Blue Candle":[0],"Tingsha":[0],"PreservedInsect":136,"Charon\u0027s Ashes":[24],"War Paint":[],"Medical Kit":[0],"Question Card":97,"Mercury Hourglass":[283],"OrangePellets":[9],"Busted Crown":138,"Shuriken":[19],"Bronze Scales":[109],"Turnip":[9],"obtain_stats":[{"Ice Cream":0,"Calipers":0,"Vajra":0,"HoveringKite":0,"Ginger":0,"Boot":0,"Sling":0,"Old Coin":31,"Lizard Tail":39,"HornCleat":0,"Sundial":46,"Strawberry":0,"Prayer Wheel":0,"VioletLotus":0,"Kunai":0,"Pear":0,"Blue Candle":26,"Oddly Smooth Stone":0,"Tingsha":0,"Charon\u0027s Ashes":0,"Paper Crane":0,"War Paint":9,"Question Card":0,"Du-Vu Doll":10,"OrangePellets":0,"SlaversCollar":0,"Shuriken":0,"Bronze Scales":0,"MutagenicStrength":20,"StrikeDummy":43,"Pocketwatch":28,"Lantern":0,"Torii":0,"Singing Bowl":0,"SacredBark":0,"Magic Flower":0,"StoneCalendar":0,"Mango":0,"CloakClasp":0,"Incense Burner":0,"Bag of Preparation":0,"TeardropLocket":0,"Smiling Mask":0,"ClockworkSouvenir":0,"CogitoBucket":0,"Tough Bandages":0,"Shovel":0,"Mummified Hand":0,"WingedGreaves":0,"Paper Frog":0,"Potion Belt":4,"Lee\u0027s Waffle":0,"Self Forming Clay":0,"Thread and Needle":0,"PreservedInsect":0,"The Courier":0,"Odd Mushroom":14,"Medical Kit":0,"White Beast Statue":3,"Mercury Hourglass":0,"Anchor":0,"CaptainsWheel":0,"Busted Crown":17,"AtMidnight":48,"Turnip":0,"Coffee Dripper":0,"Membership Card":0,"HellTrain":35,"FossilizedHelix":0,"TungstenRod":0},{"Ice Cream":0,"Calipers":0,"Vajra":0,"HoveringKite":0,"Ginger":0,"Boot":0,"Sling":0,"Old Coin":15,"Lizard Tail":21,"HornCleat":0,"Sundial":23,"Strawberry":0,"Prayer Wheel":0,"VioletLotus":0,"Kunai":0,"Pear":0,"Blue Candle":13,"Oddly Smooth Stone":0,"Tingsha":0,"Charon\u0027s Ashes":0,"Paper Crane":0,"War Paint":3,"Question Card":0,"Du-Vu Doll":4,"OrangePellets":0,"SlaversCollar":0,"Shuriken":0,"Bronze Scales":0,"MutagenicStrength":11,"StrikeDummy":21,"Pocketwatch":13,"Lantern":0,"Torii":0,"Singing Bowl":0,"SacredBark":0,"Magic Flower":0,"StoneCalendar":0,"Mango":0,"CloakClasp":0,"Incense Burner":0,"Bag of Preparation":0,"TeardropLocket":0,"Smiling Mask":0,"ClockworkSouvenir":0,"CogitoBucket":0,"Tough Bandages":0,"Shovel":0,"Mummified Hand":0,"WingedGreaves":0,"Paper Frog":0,"Potion Belt":2,"Lee\u0027s Waffle":0,"Self Forming Clay":0,"Thread and Needle":0,"PreservedInsect":0,"The Courier":0,"Odd Mushroom":7,"Medical Kit":0,"White Beast Statue":1,"Mercury Hourglass":0,"Anchor":0,"CaptainsWheel":0,"Busted Crown":8,"AtMidnight":25,"Turnip":0,"Coffee Dripper":0,"Membership Card":0,"HellTrain":18,"FossilizedHelix":0,"TungstenRod":0},{"Ice Cream":0,"Calipers":0,"Vajra":0,"HoveringKite":0,"Ginger":0,"Boot":0,"Sling":0,"Old Coin":22,"Lizard Tail":34,"HornCleat":0,"Sundial":40,"Strawberry":0,"Prayer Wheel":0,"VioletLotus":0,"Kunai":0,"Pear":0,"Blue Candle":19,"Oddly Smooth Stone":0,"Tingsha":0,"Charon\u0027s Ashes":0,"Paper Crane":0,"War Paint":3,"Question Card":0,"Du-Vu Doll":4,"OrangePellets":0,"SlaversCollar":0,"Shuriken":0,"Bronze Scales":0,"MutagenicStrength":15,"StrikeDummy":34,"Pocketwatch":19,"Lantern":0,"Torii":0,"Singing Bowl":0,"SacredBark":0,"Magic Flower":0,"StoneCalendar":0,"Mango":0,"CloakClasp":0,"Incense Burner":0,"Bag of Preparation":0,"TeardropLocket":0,"Smiling Mask":0,"ClockworkSouvenir":0,"CogitoBucket":0,"Tough Bandages":0,"Shovel":0,"Mummified Hand":0,"WingedGreaves":0,"Paper Frog":0,"Potion Belt":2,"Lee\u0027s Waffle":0,"Self Forming Clay":0,"Thread and Needle":0,"PreservedInsect":0,"The Courier":0,"Odd Mushroom":8,"Medical Kit":0,"White Beast Statue":1,"Mercury Hourglass":0,"Anchor":0,"CaptainsWheel":0,"Busted Crown":9,"AtMidnight":44,"Turnip":0,"Coffee Dripper":0,"Membership Card":0,"HellTrain":27,"FossilizedHelix":0,"TungstenRod":0}],"TungstenRod":2,"Pocketwatch":[24]},"card_choices":[{"not_picked":["RedEyes","Lamp","WristCuter"],"picked":"Singing Bowl","floor":1},{"not_picked":["Soda","ScreamingWedge","SomewhereSpear"],"picked":"Singing Bowl","floor":1},{"not_picked":["Wingbeat","Loneliness","Horn"],"picked":"Singing Bowl","floor":4},{"not_picked":["FeatherOfHonor","RedEyes","Logging"],"picked":"Singing Bowl","floor":4},{"not_picked":["Galaxy","LifeForTheDareDevil","Noise"],"picked":"Singing Bowl","floor":5},{"not_picked":["Lantern","SoundOfStar","Lamp"],"picked":"Singing Bowl","floor":5},{"not_picked":["FeatherOfHonor","FourthMatchFlame","Soda"],"picked":"Singing Bowl","floor":10},{"not_picked":["TodaysExpression","Penitence","Wingbeat"],"picked":"Singing Bowl","floor":12},{"not_picked":["Regret_ego","Justitia","RedEyes"],"picked":"Singing Bowl","floor":12},{"not_picked":["ShedSkin","Beak","Noise"],"picked":"Singing Bowl","floor":13},{"not_picked":["Beak","Diffraction","Spore"],"picked":"Singing Bowl","floor":14},{"not_picked":["Justitia","GoldRush","Mimicry"],"picked":"Singing Bowl","floor":16},{"not_picked":["GrinderMk4+1"],"picked":"Singing Bowl","floor":18},{"not_picked":["Harmony"],"picked":"Singing Bowl","floor":18},{"not_picked":["Beak+1"],"picked":"Singing Bowl","floor":19},{"not_picked":["WristCuter"],"picked":"Singing Bowl","floor":19},{"not_picked":["ScreamingWedge"],"picked":"Singing Bowl","floor":21},{"not_picked":["Loneliness"],"picked":"Singing Bowl","floor":21},{"not_picked":["Soda"],"picked":"Singing Bowl","floor":22},{"not_picked":["Horn+1"],"picked":"Singing Bowl","floor":22},{"not_picked":["Noise+1"],"picked":"Singing Bowl","floor":30},{"not_picked":["Amita"],"picked":"Singing Bowl","floor":30},{"not_picked":["SomewhereSpear"],"picked":"Singing Bowl","floor":31},{"not_picked":["Pinks"],"picked":"Singing Bowl","floor":33},{"not_picked":["Lantern+1"],"picked":"Singing Bowl","floor":35},{"not_picked":["Spore+1"],"picked":"Singing Bowl","floor":35},{"not_picked":["Horn"],"picked":"Singing Bowl","floor":36},{"not_picked":["RapturousDream+1"],"picked":"Singing Bowl","floor":36},{"not_picked":["Penitence+1"],"picked":"Singing Bowl","floor":37},{"not_picked":["CUTE+1"],"picked":"Singing Bowl","floor":37},{"not_picked":["GoldRush"],"picked":"Singing Bowl","floor":38},{"not_picked":["FourthMatchFlame+1"],"picked":"Singing Bowl","floor":38},{"not_picked":["InTheNameOfLoveAndHate+1"],"picked":"Singing Bowl","floor":44},{"not_picked":["Lantern"],"picked":"Singing Bowl","floor":44},{"not_picked":["Christmas"],"picked":"Singing Bowl","floor":46},{"not_picked":["GrinderMk4+1"],"picked":"Singing Bowl","floor":48},{"not_picked":["BlueScar+1"],"picked":"Singing Bowl","floor":48}],"player_experience":572684,"relics_obtained":[{"floor":9,"key":"War Paint"},{"floor":10,"key":"Du-Vu Doll"},{"floor":14,"key":"Odd Mushroom"},{"floor":26,"key":"Blue Candle"},{"floor":31,"key":"Old Coin"},{"floor":43,"key":"StrikeDummy"},{"floor":46,"key":"Sundial"},{"floor":48,"key":"AtMidnight"}],"event_choices":[{"damage_healed":0,"gold_gain":0,"player_choice":"Ignored","damage_taken":0,"max_hp_gain":0,"max_hp_loss":0,"event_name":"Liars Game","floor":2,"gold_loss":0},{"damage_healed":0,"gold_gain":0,"player_choice":"Success","damage_taken":3,"relics_obtained":["White Beast Statue"],"max_hp_gain":0,"max_hp_loss":0,"event_name":"Scrap Ooze","floor":3,"gold_loss":0},{"damage_healed":0,"gold_gain":0,"player_choice":"Fought Mushrooms","damage_taken":0,"max_hp_gain":0,"max_hp_loss":0,"event_name":"Mushrooms","floor":14,"gold_loss":0},{"damage_healed":0,"gold_gain":0,"player_choice":"Inject Mutagens","damage_taken":0,"relics_obtained":["MutagenicStrength"],"max_hp_gain":0,"max_hp_loss":0,"event_name":"Drug Dealer","floor":20,"gold_loss":0},{"damage_healed":0,"gold_gain":0,"player_choice":"Obtained Relic","damage_taken":0,"relics_obtained":["Pocketwatch"],"max_hp_gain":0,"max_hp_loss":0,"event_name":"Addict","floor":28,"gold_loss":85}],"is_beta":false,"boss_relics":[{"not_picked":["Coffee Dripper","Runic Dome"],"picked":"Busted Crown"},{"not_picked":["Snecko Eye","Astrolabe"],"picked":"SlaversCollar"}],"items_purged_floors":[47],"is_endless":false,"potions_floor_spawned":[1,4,5,12,16,19,21,22,30,33,36,37,38,44,51,51,51,51,51],"ascension_level":0}}