{"host":"zwuytn9vh5b8tdl7","time":1609819881,"event":{"mods":["AchievementEnabler","BaseMod","Colored Powertips","GifTheSpireLib","Minty Spire (QoL Compilation)","Rare Cards Sparkle","StSLib","The Animator"],"gold_per_floor":[130,141,141,169,201,201,201,221,247,259,259,290,290,335,335,464,464,493,78,78,78,78,112,112,157,210,210,249,27,27,57,57,69,69],"floor_reached":33,"playtime":1855,"items_purged":[],"score":274,"play_id":"5b34dca8-f401-4613-aef4-c2474ea61ca6","local_time":"20210104231121","is_ascension_mode":false,"campfire_choices":[{"floor":6,"key":"REST"},{"floor":11,"key":"REST"},{"floor":15,"key":"REST"},{"floor":24,"key":"REST"},{"floor":30,"key":"REST"},{"floor":32,"key":"REST"}],"circlet_count":0,"master_deck":["animator:Strike_Konosuba","animator:Defend_Konosuba","animator:Strike","animator:Strike","animator:Strike","animator:Defend","animator:Defend","animator:Defend","animator:Kazuma","animator:Aqua","animator:Emonzaemon","animator:Gillette","animator:YaoHaDucy","animator:Megumin+10","animator:Archer","animator:GuildGirl","animator:Tyuule","animator:Chris","animator:Biyorigo","RitualDagger","animator:Bozes+1","animator:Azekura+1","animator:Darkness","animator:EmiyaShirou","animator:Wiz"],"relics":["animator:LivingPicture","animator:TheMissingPiece","Orichalcum","animator:WornHelmet","SlaversCollar","animator:CerealBox","Regal Pillow","Toy Ornithopter","Mango","Mummified Hand","PreservedInsect"],"acts_visited":["Exordium","TheCity"],"potions_floor_usage":[14,16,33,33],"damage_taken":[{"damage":0,"enemies":"2 Louse","floor":1,"turns":5},{"damage":7,"enemies":"Cultist","floor":2,"turns":4},{"damage":0,"enemies":"Small Slimes","floor":4,"turns":3},{"damage":4,"enemies":"Gremlin Gang","floor":5,"turns":5},{"damage":8,"enemies":"3 Louse","floor":8,"turns":3},{"damage":18,"enemies":"Exordium Wildlife","floor":10,"turns":5},{"damage":3,"enemies":"Large Slime","floor":12,"turns":6},{"damage":43,"enemies":"3 Sentries","floor":14,"turns":9},{"damage":69,"enemies":"The Guardian","floor":16,"turns":16},{"damage":10,"enemies":"3 Byrds","floor":18,"turns":3},{"damage":33,"enemies":"Shell Parasite","floor":23,"turns":8},{"damage":25,"enemies":"Chosen and Byrds","floor":25,"turns":6},{"damage":21,"enemies":"Centurion and Healer","floor":28,"turns":7},{"damage":77,"enemies":"3 Cultists","floor":31,"turns":6},{"damage":106,"enemies":"Automaton","floor":33,"turns":12}],"seed_played":"-439193394301600409","potions_obtained":[{"floor":3,"key":"DistilledChaos"},{"floor":3,"key":"FairyPotion"},{"floor":3,"key":"EntropicBrew"},{"floor":4,"key":"PowerPotion"},{"floor":16,"key":"Dexterity Potion"}],"is_trial":false,"path_per_floor":["M","M","?","M","M","R","?","M","T","M","R","M","?","E","R","B",null,"M","$","?","?","?","M","R","M","T","T","M","$","R","M","R","B"],"character_chosen":"THE_ANIMATOR","items_purchased":["animator:CerealBox","Regal Pillow","Toy Ornithopter","PreservedInsect","animator:EmiyaShirou"],"campfire_rested":6,"item_purchase_floors":[19,19,19,29,29],"current_hp_per_floor":[72,65,65,67,65,72,72,64,64,48,69,69,69,29,51,19,75,65,65,79,79,73,42,83,60,60,60,41,41,82,20,62,0,0],"gold":69,"neow_bonus":"TEN_PERCENT_HP_BONUS","is_daily":false,"chose_seed":false,"campfire_upgraded":0,"win_rate":0.0,"timestamp":1609819881,"path_taken":["M","M","?","M","?","R","?","M","T","?","R","M","?","E","R","BOSS","M","$","?","?","?","M","R","M","T","?","?","?","R","M","R","BOSS"],"items_purchased_type":["Relic","Relic","Relic","Relic","Card"],"build_version":"2020-12-22","purchased_purges":0,"victory":false,"max_hp_per_floor":[72,72,72,72,72,72,72,72,72,72,72,73,73,74,74,75,75,75,75,89,89,89,89,89,89,89,89,89,89,89,90,90,90,90],"card_choices":[{"not_picked":["animator:Alexander","animator:ZankiKiguchi"],"picked":"animator:Emonzaemon","floor":1},{"not_picked":["animator:Assassin","animator:Nanami"],"picked":"animator:Gillette","floor":2},{"not_picked":["animator:DwarfShaman","animator:Arpeggio"],"picked":"animator:YaoHaDucy","floor":4},{"not_picked":["animator:Verdia","animator:Vanir"],"picked":"animator:Megumin","floor":5},{"not_picked":["animator:ChaikaTrabant","animator:NagisaMomoe"],"picked":"animator:Archer","floor":8},{"not_picked":["animator:ChaikaBohdan","animator:Shichika"],"picked":"animator:GuildGirl","floor":10},{"not_picked":["animator:ShinjiMatou","animator:Gillette"],"picked":"animator:Tyuule","floor":12},{"not_picked":["animator:Vanir","animator:YunYun"],"picked":"animator:Chris","floor":14},{"not_picked":["animator:ChaikaTrabant","animator:Kyubey"],"picked":"animator:Biyorigo","floor":16},{"not_picked":["animator:YuiTsuruno","animator:IrohaTamaki+1"],"picked":"animator:Megumin","floor":18},{"not_picked":["animator:Azekura","animator:Layla+1"],"picked":"animator:Bozes+1","floor":23},{"not_picked":["animator:Priestess","animator:SakuraMatou"],"picked":"animator:Azekura+1","floor":25},{"not_picked":["animator:Aqua","animator:Mitsurugi"],"picked":"animator:Darkness","floor":28},{"not_picked":["animator:Viivi+1","animator:UneriGinkaku+1"],"picked":"animator:Wiz","floor":31}],"player_experience":315714,"relics_obtained":[{"floor":9,"key":"Orichalcum"},{"floor":14,"key":"animator:WornHelmet"},{"floor":27,"key":"Mummified Hand"}],"event_choices":[{"damage_healed":0,"gold_gain":0,"player_choice":"Got Potions","damage_taken":0,"max_hp_gain":0,"max_hp_loss":0,"event_name":"Lab","floor":3,"gold_loss":0},{"damage_healed":0,"gold_gain":0,"player_choice":"Ignored","damage_taken":0,"max_hp_gain":0,"max_hp_loss":0,"event_name":"NoteForYourself","floor":7,"gold_loss":0},{"damage_healed":0,"gold_gain":0,"player_choice":"Grow","damage_taken":0,"max_hp_gain":0,"max_hp_loss":0,"event_name":"Living Wall","floor":13,"gold_loss":0,"cards_upgraded":["animator:Megumin"]},{"damage_healed":0,"gold_gain":0,"player_choice":"Opened","damage_taken":0,"relics_obtained":["Mango"],"max_hp_gain":0,"max_hp_loss":0,"event_name":"The Mausoleum","floor":20,"gold_loss":0},{"damage_healed":0,"gold_gain":0,"player_choice":"Ignored","damage_taken":0,"max_hp_gain":0,"max_hp_loss":0,"event_name":"Vampires","floor":21,"gold_loss":0},{"damage_healed":0,"gold_gain":0,"player_choice":"Joined the Cult","damage_taken":6,"max_hp_gain":0,"max_hp_loss":0,"event_name":"Nest","floor":22,"gold_loss":0,"cards_obtained":["RitualDagger"]}],"is_beta":false,"boss_relics":[{"not_picked":["Coffee Dripper","Busted Crown"],"picked":"SlaversCollar"}],"items_purged_floors":[],"is_endless":false,"potions_floor_spawned":[4,5,8,10,16,18,23,28,31],"killed_by":"Automaton","ascension_level":0}}