{"host":"rwmcmr2m88k7tuzm","time":1609812105,"event":{"mods":["BaseMod","BetterRewards","Conspire","Downfall","Hermit","Hubris","Infinite Spire","Minty Spire (QoL Compilation)","Replay The Spire","Shop Mod","StSLib","SuperFastMode","The Cursed","The Necromancer"],"gold_per_floor":[114,114,114,114,131,165,165,185,185,200,200,53,53,78,78,175,175,185,201,126,3,16,16,16,29,29,59,59,59,59],"floor_reached":29,"playtime":839,"items_purged":[],"score":351,"play_id":"d239b979-08a1-4abf-8593-6818c841c792","local_time":"20210105020145","is_ascension_mode":false,"campfire_choices":[{"floor":7,"key":"REST"},{"floor":15,"key":"REST"},{"data":"Demon Form","floor":23,"key":"SMITH"},{"floor":28,"key":"REST"}],"circlet_count":0,"master_deck":["Strike_R","Strike_R","Strike_R","Strike_R","Strike_R","Defend_R","Defend_R","Defend_R","Bash","ReplayTheSpireMod:Private Reserves","Flex","Rampage","Offering","ReplayReversal","Demon Form+1","Sword Boomerang","Shockwave","Twin Strike"],"relics":["Burning Blood","Blood Vial","Replay:Rubber Ducky","MerchantsRug","Paper Frog","infinitespire:Golems Mask","hubris:DeckOfHolding","hubris:SlimyHat","Anchor","GremlinMask","infinitespire:BottledMercury","ClockworkSouvenir","ReplayTheSpireMod:Shallot","Toxic Egg 2"],"acts_visited":["Exordium","TheCity"],"potions_floor_usage":[6,8,14,14,29,29],"damage_taken":[{"damage":8,"enemies":"Small Slimes","floor":1,"turns":4},{"damage":0,"enemies":"Cultist","floor":5,"turns":2},{"damage":31,"enemies":"Lagavulin","floor":6,"turns":4},{"damage":6,"enemies":"Jaw Worm","floor":8,"turns":2},{"damage":18,"enemies":"Large Slime","floor":10,"turns":3},{"damage":24,"enemies":"3 Sentries","floor":14,"turns":5},{"damage":64,"enemies":"Fading Forest","floor":16,"turns":11},{"damage":28,"enemies":"2 Thieves","floor":18,"turns":4},{"damage":6,"enemies":"Chosen","floor":19,"turns":3},{"damage":6,"enemies":"3 Cultists","floor":22,"turns":4},{"damage":6,"enemies":"Cultist and Chosen","floor":25,"turns":3},{"damage":26,"enemies":"Book of Stabbing","floor":27,"turns":4},{"damage":90,"enemies":"Nightmare","floor":29,"turns":7}],"seed_played":"7227760707614749608","potions_obtained":[{"floor":1,"key":"Toxic Potion"},{"floor":5,"key":"LiquidMemories"},{"floor":6,"key":"champ:CounterPotion"},{"floor":8,"key":"Fruit Juice"},{"floor":16,"key":"Toxic Potion"},{"floor":25,"key":"GamblersBrew"},{"floor":27,"key":"Adrenaline Potion"}],"is_trial":false,"path_per_floor":["M","?","$","?","M","E","R","M","T","M","?","$","?","E","R","B",null,"M","M","?","$","M","R","?","M","T","E","R","NM"],"character_chosen":"IRONCLAD","items_purchased":["Blood Vial","Replay:Rubber Ducky","ReplayTheSpireMod:Private Reserves","MerchantsRug","Paper Frog","Anchor","ClockworkSouvenir"],"campfire_rested":3,"item_purchase_floors":[0,0,0,0,3,12,21],"current_hp_per_floor":[64,64,48,48,56,33,57,64,64,54,54,54,54,38,63,17,85,63,65,65,65,67,67,85,85,85,65,85,0,0],"gold":59,"neow_bonus":"","is_daily":false,"chose_seed":false,"campfire_upgraded":1,"win_rate":0.0,"timestamp":1609812105,"path_taken":["M","?","?","?","?","E","R","M","T","M","?","?","?","E","R","BOSS","M","?","?","$","M","R","?","M","T","E","R","NM"],"items_purchased_type":["Relic","Relic","Card","Relic","Relic","Relic","Relic"],"build_version":"2020-12-22","purchased_purges":0,"victory":false,"max_hp_per_floor":[80,80,80,80,80,80,80,85,85,85,85,85,85,85,85,85,85,85,85,85,85,85,85,85,85,85,85,85,85,85],"card_choices":[{"not_picked":["ReplayTheSpireMod:Stacked","hubris:ReadiedAction"],"picked":"Flex","floor":1},{"not_picked":["Armaments","ReplayTheSpireMod:Corrosion Curse","Warcry"],"picked":"SKIP","floor":5},{"not_picked":["Fire Breathing","Havoc"],"picked":"Offering","floor":6},{"not_picked":["Life Link","Havoc"],"picked":"ReplayReversal","floor":8},{"not_picked":["conspire:ExplosiveBarrier","Run Through","conspire:Charge"],"picked":"SKIP","floor":10},{"not_picked":["Iron Wave","hubris:ReadiedAction","Body Slam"],"picked":"SKIP","floor":14},{"not_picked":["Juggernaut","Double Tap"],"picked":"Demon Form","floor":16},{"not_picked":["conspire:ExplosiveBarrier","Perfected Strike"],"picked":"Sword Boomerang","floor":18},{"not_picked":["Iron Wave","ReplayTheSpireMod:Strike From Hell"],"picked":"Shockwave","floor":19},{"not_picked":["Combust","Disarm+1"],"picked":"Pummel","floor":22},{"not_picked":["ReplayTheSpireMod:Limb From Limb+1","Juggernaut"],"picked":"Twin Strike","floor":25},{"not_picked":["ReplayTheSpireMod:Limb From Limb+1","Blood for Blood","True Grit+1"],"picked":"SKIP","floor":27}],"player_experience":184486,"relics_obtained":[{"floor":6,"key":"infinitespire:Golems Mask"},{"floor":9,"key":"hubris:DeckOfHolding"},{"floor":14,"key":"infinitespire:BottledMercury"},{"floor":26,"key":"ReplayTheSpireMod:Shallot"},{"floor":27,"key":"Toxic Egg 2"}],"event_choices":[{"damage_healed":0,"gold_gain":0,"player_choice":"1 cards matched","damage_taken":0,"max_hp_gain":0,"max_hp_loss":0,"event_name":"Match and Keep!","floor":2,"gold_loss":0,"cards_obtained":["Rampage"]},{"damage_healed":0,"gold_gain":0,"player_choice":"Searched \u00271\u0027 times","damage_taken":0,"relics_obtained":["hubris:SlimyHat"],"max_hp_gain":0,"max_hp_loss":0,"event_name":"Dead Adventurer","floor":11,"gold_loss":0},{"damage_healed":0,"gold_gain":0,"player_choice":"Trade","damage_taken":0,"relics_obtained":["GremlinMask"],"max_hp_gain":0,"max_hp_loss":0,"event_name":"FaceTrader","floor":13,"gold_loss":0},{"cards_removed":["Defend_R"],"damage_healed":0,"gold_gain":0,"player_choice":"Gave Gold","damage_taken":0,"max_hp_gain":0,"max_hp_loss":0,"event_name":"Beggar","floor":20,"gold_loss":75},{"cards_removed":["Pummel"],"damage_healed":18,"gold_gain":0,"player_choice":"Offered Uncommon","damage_taken":0,"max_hp_gain":0,"max_hp_loss":0,"event_name":"Bonfire Elementals","floor":24,"gold_loss":0}],"is_beta":false,"boss_relics":[{"not_picked":["Coffee Dripper","conspire:RunicOctahedron","Kintsugi"]}],"items_purged_floors":[],"is_endless":false,"potions_floor_spawned":[1,5,6,8,16,25,27],"killed_by":"Nightmare","ascension_level":0}}