{"host":"qbvxbacgnxuisbbe","time":1609809901,"event":{"mods":["AchievementEnabler","Alarm Clock","Ascension Unlocker","BaseMod","Block Reminder","Highlight Path","Minty Spire (QoL Compilation)","Poem Panic","Spicy Shops","StSLib","The Caster","Uncapped"],"gold_per_floor":[114,74,224,224,243,243,243,243],"floor_reached":7,"playtime":198,"items_purged":[],"score":78,"play_id":"fb5c86bb-cfc5-4499-9c41-ab0adcf6c36b","local_time":"20210105012501","is_ascension_mode":true,"campfire_choices":[{"data":"caster:Sleet","floor":6,"key":"SMITH"}],"circlet_count":0,"master_deck":["AscendersBane","caster:strike","caster:strike","caster:strike","caster:strike","caster:defend","caster:defend","caster:defend","caster:defend","caster:Meteor","caster:DivertFocus","caster:Channeling","caster:GateOfBabylon","caster:Inferno+1","caster:Grimoire","Doubt","caster:Sleet+1"],"relics":["caster:MagicBook"],"acts_visited":["Exordium"],"potions_floor_usage":[7],"damage_taken":[{"damage":12,"enemies":"Small Slimes","floor":1,"turns":4},{"damage":7,"enemies":"2 Louse","floor":5,"turns":4},{"damage":47,"enemies":"Gremlin Nob","floor":7,"turns":5}],"seed_played":"-1756154497042861767","potions_obtained":[{"floor":5,"key":"Regen Potion"}],"is_trial":false,"path_per_floor":["M","$","?","?","M","R","E"],"character_chosen":"THE_CASTER","items_purchased":["caster:Grimoire"],"campfire_rested":0,"item_purchase_floors":[2],"current_hp_per_floor":[42,42,42,42,35,35,2,2],"gold":243,"neow_bonus":"ONE_RANDOM_RARE_CARD","is_daily":false,"chose_seed":false,"campfire_upgraded":1,"win_rate":0.0,"timestamp":1609809901,"path_taken":["M","$","?","?","M","R","E"],"items_purchased_type":["Card"],"build_version":"2020-12-22","purchased_purges":0,"victory":false,"max_hp_per_floor":[60,60,60,60,60,60,60,60],"card_choices":[{"not_picked":["caster:MagicResonance","caster:Charge"],"picked":"caster:Inferno","floor":1},{"not_picked":["caster:FlashFrost","caster:GlacialShield"],"picked":"caster:Sleet","floor":5}],"player_experience":130199,"relics_obtained":[],"event_choices":[{"damage_healed":0,"gold_gain":150,"player_choice":"AGREE","damage_taken":0,"max_hp_gain":0,"max_hp_loss":0,"event_name":"Liars Game","floor":3,"gold_loss":0,"cards_obtained":["Doubt"]},{"damage_healed":0,"gold_gain":0,"player_choice":"Upgraded","damage_taken":0,"max_hp_gain":0,"max_hp_loss":0,"event_name":"Upgrade Shrine","floor":4,"gold_loss":0,"cards_upgraded":["caster:Inferno"]}],"is_beta":false,"boss_relics":[],"items_purged_floors":[],"is_endless":false,"potions_floor_spawned":[5],"killed_by":"Gremlin Nob","ascension_level":20}}