{"host":"s7ifx970ujpm7aif","time":1609849998,"event":{"mods":["BaseMod","Colored Map","DeckTracker","Keyboard Shortcuts","Minty Spire (QoL Compilation)","StSLib","SuperFastMode"],"gold_per_floor":[114,114,134,152,77,109,109,109,109,109,89,108,141,141,141,141,141],"floor_reached":16,"playtime":349,"items_purged":["Defend_G"],"score":216,"play_id":"a6bc1dcb-152b-4c1a-89bb-e47891511579","local_time":"20210105213318","is_ascension_mode":true,"campfire_choices":[{"data":"Dash","floor":7,"key":"SMITH"},{"data":"Acrobatics","floor":10,"key":"SMITH"},{"data":"Neutralize","floor":15,"key":"SMITH"}],"circlet_count":0,"master_deck":["AscendersBane","Strike_G","Strike_G","Strike_G","Defend_G","Defend_G","Defend_G","Defend_G","Survivor","Neutralize+1","Acrobatics+1","Dagger Spray","Dash+1","Tactician","Backflip"],"relics":["Ring of the Snake","NeowsBlessing","Meat on the Bone","Potion Belt"],"acts_visited":["Exordium"],"potions_floor_usage":[6,13,16],"damage_taken":[{"damage":0,"enemies":"2 Louse","floor":1,"turns":1},{"damage":0,"enemies":"Cultist","floor":3,"turns":1},{"damage":0,"enemies":"Jaw Worm","floor":4,"turns":1},{"damage":25,"enemies":"3 Sentries","floor":6,"turns":8},{"damage":7,"enemies":"Red Slaver","floor":12,"turns":6},{"damage":41,"enemies":"Gremlin Nob","floor":13,"turns":6},{"damage":17,"enemies":"Hexaghost","floor":16,"turns":10}],"seed_played":"4257690061875916314","potions_obtained":[{"floor":3,"key":"GamblersBrew"},{"floor":6,"key":"LiquidBronze"},{"floor":11,"key":"Explosive Potion"},{"floor":13,"key":"FairyPotion"}],"is_trial":false,"path_per_floor":["M","?","M","M","$","E","R","?","T","R","?","M","E","?","R","B"],"character_chosen":"THE_SILENT","items_purchased":[],"campfire_rested":0,"item_purchase_floors":[],"current_hp_per_floor":[59,59,59,59,59,34,34,39,39,39,39,44,15,8,8,13,13],"gold":141,"neow_bonus":"THREE_ENEMY_KILL","is_daily":false,"chose_seed":false,"campfire_upgraded":3,"win_rate":0.0,"timestamp":1609849998,"path_taken":["M","?","M","?","$","E","R","?","T","R","?","?","E","?","R","BOSS"],"items_purchased_type":[],"build_version":"2020-12-22","purchased_purges":1,"victory":false,"max_hp_per_floor":[66,66,66,66,66,66,66,71,71,71,71,71,71,71,71,71,71],"card_choices":[{"not_picked":["Dodge and Roll","Dagger Spray"],"picked":"Acrobatics","floor":1},{"not_picked":["Distraction","Riddle With Holes"],"picked":"Dagger Spray","floor":3},{"not_picked":["Sucker Punch","Dagger Throw"],"picked":"Dash","floor":4},{"not_picked":["Slice","Distraction","Phantasmal Killer"],"picked":"SKIP","floor":6},{"not_picked":["Expertise","Deadly Poison"],"picked":"Tactician","floor":12},{"not_picked":["Dagger Throw","Glass Knife"],"picked":"Backflip","floor":13}],"player_experience":1140946,"relics_obtained":[{"floor":6,"key":"Meat on the Bone"},{"floor":13,"key":"Potion Belt"}],"event_choices":[{"cards_removed":["Strike_G"],"damage_healed":0,"gold_gain":0,"player_choice":"Offered Basic","damage_taken":0,"max_hp_gain":0,"max_hp_loss":0,"event_name":"Bonfire Elementals","floor":2,"gold_loss":0},{"damage_healed":0,"gold_gain":0,"player_choice":"Donut","damage_taken":0,"max_hp_gain":5,"max_hp_loss":0,"event_name":"Big Fish","floor":8,"gold_loss":0},{"damage_healed":0,"gold_gain":0,"player_choice":"Bought 1 Potion","damage_taken":0,"max_hp_gain":0,"max_hp_loss":0,"event_name":"The Woman in Blue","floor":11,"gold_loss":0},{"cards_removed":["Strike_G"],"damage_healed":0,"gold_gain":0,"player_choice":"Card Removal","damage_taken":7,"max_hp_gain":0,"max_hp_loss":0,"event_name":"Golden Wing","floor":14,"gold_loss":0}],"is_beta":false,"boss_relics":[],"items_purged_floors":[5],"is_endless":false,"potions_floor_spawned":[3,6,13],"killed_by":"Hexaghost","ascension_level":20}}