{"host":"gsgpu9obojnqwpp0","time":1609813038,"event":{"mods":["AchievementEnabler","BaseMod","Block Reminder","DeckTracker","Minty Spire (QoL Compilation)","Permanent Neow"],"gold_per_floor":[115,132,307,307,321,321,352,364,400,42,42,77,77,113,113,233,233,247,247,80,94,54,88,88,88,88,88,88,109,128,147,147,271,271,291,316,337,361,107,107,142,155,155,173,173,21,21,35,35,35],"floor_reached":51,"playtime":2658,"items_purged":["Doubt"],"score":807,"play_id":"4e6f62e7-2090-4da4-8451-7aa86751b692","local_time":"20210104211718","is_ascension_mode":true,"campfire_choices":[{"data":"Sucker Punch","floor":6,"key":"SMITH"},{"floor":11,"key":"REST"},{"floor":13,"key":"REST"},{"floor":15,"key":"REST"},{"data":"Crippling Poison","floor":27,"key":"SMITH"},{"data":"Eviscerate","floor":32,"key":"SMITH"},{"data":"Dash","floor":40,"key":"SMITH"},{"floor":49,"key":"REST"}],"circlet_count":0,"master_deck":["Strike_G+1","Strike_G+1","Strike_G+1","Defend_G+1","Defend_G+1","Defend_G+1","Defend_G+1","Defend_G+1","Survivor","Neutralize","Sucker Punch+1","Eviscerate+1","Crippling Poison+1","Dash+1","Malaise+1","Leg Sweep+1","Night Terror+1","Deadly Poison+1","Eviscerate","Mind Blast","Bouncing Flask+1","Riddle With Holes","A Thousand Cuts","Burst+1","Bouncing Flask+1","Backstab","Crippling Poison+1","Shame","Crippling Poison+1","Regret"],"relics":["Velvet Choker","Golden Idol","MawBank","Strawberry","TwistedFunnel","Oddly Smooth Stone","Toxic Egg 2","Bottled Flame","Snecko Eye","Art of War","Bottled Lightning","Blood Vial","Cursed Key","Pantograph","Peace Pipe","Mango","ClockworkSouvenir","Bag of Marbles"],"acts_visited":["Exordium","TheCity","TheBeyond"],"potions_floor_usage":[12,16,29,50,50],"damage_taken":[{"damage":0,"enemies":"2 Louse","floor":1,"turns":3},{"damage":7,"enemies":"Small Slimes","floor":2,"turns":4},{"damage":0,"enemies":"Jaw Worm","floor":5,"turns":4},{"damage":41,"enemies":"Gremlin Nob","floor":7,"turns":6},{"damage":12,"enemies":"Lagavulin","floor":12,"turns":8},{"damage":9,"enemies":"3 Sentries","floor":14,"turns":10},{"damage":33,"enemies":"The Guardian","floor":16,"turns":15},{"damage":6,"enemies":"Spheric Guardian","floor":18,"turns":6},{"damage":0,"enemies":"Shell Parasite","floor":21,"turns":3},{"damage":23,"enemies":"Book of Stabbing","floor":23,"turns":5},{"damage":0,"enemies":"Chosen and Byrds","floor":29,"turns":3},{"damage":0,"enemies":"Cultist and Chosen","floor":30,"turns":6},{"damage":4,"enemies":"Snecko","floor":31,"turns":3},{"damage":33,"enemies":"Champ","floor":33,"turns":9},{"damage":9,"enemies":"Orb Walker","floor":35,"turns":3},{"damage":3,"enemies":"3 Shapes","floor":36,"turns":3},{"damage":6,"enemies":"Transient","floor":37,"turns":5},{"damage":9,"enemies":"4 Shapes","floor":38,"turns":3},{"damage":12,"enemies":"Nemesis","floor":41,"turns":5},{"damage":10,"enemies":"3 Darklings","floor":42,"turns":3},{"damage":0,"enemies":"Transient","floor":44,"turns":5},{"damage":3,"enemies":"Jaw Worm Horde","floor":48,"turns":2},{"damage":54,"enemies":"Donu and Deca","floor":50,"turns":7}],"seed_played":"7745390443639025862","potions_obtained":[{"floor":7,"key":"AttackPotion"},{"floor":12,"key":"Poison Potion"},{"floor":23,"key":"AttackPotion"},{"floor":29,"key":"SpeedPotion"},{"floor":37,"key":"AttackPotion"},{"floor":38,"key":"AttackPotion"},{"floor":41,"key":"Poison Potion"}],"is_trial":false,"path_per_floor":["M","M","?","?","M","R","E","?","T","$","R","E","R","E","R","B",null,"M","?","$","M","$","E","?","?","T","R","T","M","M","M","R","B",null,"M","M","M","M","$","R","E","M","T","M","?","$","T","M","R","B",null],"character_chosen":"THE_SILENT","items_purchased":["TwistedFunnel","Dash","Oddly Smooth Stone","Mind Blast","Riddle With Holes","Pantograph","ClockworkSouvenir"],"campfire_rested":4,"item_purchase_floors":[10,10,10,20,22,39,46],"current_hp_per_floor":[70,63,63,63,63,63,22,15,22,22,43,31,52,43,64,31,72,66,66,66,66,66,43,67,67,67,67,67,69,71,68,68,37,72,63,62,58,51,51,51,41,33,47,49,49,49,49,48,73,32],"gold":35,"neow_bonus":"BOSS_RELIC","is_daily":false,"chose_seed":false,"campfire_upgraded":4,"win_rate":0.0,"timestamp":1609813038,"path_taken":["M","M","?","?","M","R","E","?","T","?","R","E","R","E","R","BOSS","M","?","$","?","$","E","?","?","T","R","?","M","?","M","R","BOSS","M","M","M","M","$","R","E","M","T","M","?","$","?","?","R","BOSS"],"items_purchased_type":["Relic","Card","Relic","Card","Card","Relic","Relic"],"build_version":"2020-12-22","purchased_purges":1,"victory":true,"max_hp_per_floor":[70,70,70,65,65,65,65,65,72,72,72,72,72,72,72,72,72,72,72,72,72,72,72,72,72,72,72,72,72,72,72,72,72,72,72,72,72,72,72,72,72,72,86,86,86,86,86,86,86,86],"card_choices":[{"not_picked":["Deflect","Acrobatics","Distraction"],"picked":"SKIP","floor":1},{"not_picked":["Cloak And Dagger","Accuracy"],"picked":"Sucker Punch","floor":2},{"not_picked":["Quick Slash","Bane"],"picked":"Eviscerate","floor":5},{"not_picked":["Terror","Acrobatics"],"picked":"Crippling Poison","floor":7},{"not_picked":["Calculated Gamble+1","Flechettes"],"picked":"Malaise+1","floor":12},{"not_picked":["Poisoned Stab","Deflect+1"],"picked":"Leg Sweep+1","floor":14},{"not_picked":["Wraith Form v2","Grand Finale"],"picked":"Night Terror+1","floor":16},{"not_picked":["Endless Agony","Backflip+1"],"picked":"Deadly Poison+1","floor":18},{"not_picked":["Footwork+1","Poisoned Stab+1"],"picked":"Bouncing Flask+1","floor":21},{"not_picked":["Blur+1","Distraction+1","Prepared+1"],"picked":"SKIP","floor":23},{"not_picked":["Deflect+1","Dagger Throw","Dodge and Roll+1"],"picked":"SKIP","floor":29},{"not_picked":["Footwork","Deflect+1"],"picked":"A Thousand Cuts","floor":30},{"not_picked":["Prepared+1","Acrobatics+1","Unload"],"picked":"SKIP","floor":31},{"not_picked":["Doppelganger+1","Bullet Time+1"],"picked":"Burst+1","floor":33},{"not_picked":["Flying Knee+1","Bane+1"],"picked":"Bouncing Flask+1","floor":35},{"not_picked":["Choke+1","Sucker Punch"],"picked":"Backstab","floor":36},{"not_picked":["Terror+1","Prepared+1","Blade Dance+1"],"picked":"SKIP","floor":37},{"not_picked":["Slice+1","Dagger Spray"],"picked":"Crippling Poison+1","floor":38},{"not_picked":["Dodge and Roll+1","Storm of Steel+1","Bane"],"picked":"SKIP","floor":41},{"not_picked":["PiercingWail+1","Backflip+1","Outmaneuver+1"],"picked":"SKIP","floor":42},{"not_picked":["Choke+1","Backflip+1"],"picked":"Crippling Poison+1","floor":44},{"not_picked":["Outmaneuver+1","Dodge and Roll+1","Distraction+1"],"picked":"SKIP","floor":48}],"player_experience":248943,"relics_obtained":[{"floor":7,"key":"MawBank"},{"floor":9,"key":"Strawberry"},{"floor":12,"key":"Toxic Egg 2"},{"floor":14,"key":"Bottled Flame"},{"floor":23,"key":"Art of War"},{"floor":26,"key":"Bottled Lightning"},{"floor":28,"key":"Blood Vial"},{"floor":41,"key":"Peace Pipe"},{"floor":43,"key":"Mango"},{"floor":47,"key":"Bag of Marbles"}],"event_choices":[{"damage_healed":0,"gold_gain":175,"player_choice":"AGREE","damage_taken":0,"max_hp_gain":0,"max_hp_loss":0,"event_name":"Liars Game","floor":3,"gold_loss":0,"cards_obtained":["Doubt"]},{"damage_healed":0,"gold_gain":0,"player_choice":"Lose Max HP","damage_taken":0,"relics_obtained":["Golden Idol"],"max_hp_gain":0,"max_hp_loss":5,"event_name":"Golden Idol","floor":4,"gold_loss":0},{"cards_removed":["Strike_G"],"damage_healed":0,"gold_gain":0,"player_choice":"Card Removal","damage_taken":7,"max_hp_gain":0,"max_hp_loss":0,"event_name":"Golden Wing","floor":8,"gold_loss":0},{"damage_healed":0,"gold_gain":0,"player_choice":"Copied","damage_taken":0,"max_hp_gain":0,"max_hp_loss":0,"event_name":"Duplicator","floor":19,"gold_loss":0,"cards_obtained":["Eviscerate"]},{"damage_healed":24,"gold_gain":0,"player_choice":"Heal","damage_taken":0,"max_hp_gain":0,"max_hp_loss":0,"event_name":"The Library","floor":24,"gold_loss":0},{"damage_healed":0,"gold_gain":0,"player_choice":"Simplicity","damage_taken":0,"max_hp_gain":0,"max_hp_loss":0,"event_name":"Back to Basics","floor":25,"gold_loss":0,"cards_upgraded":["Strike_G","Strike_G","Strike_G","Strike_G","Defend_G","Defend_G","Defend_G","Defend_G","Defend_G"]},{"cards_removed":["Strike_G"],"damage_healed":0,"gold_gain":0,"player_choice":"Purged","damage_taken":0,"max_hp_gain":0,"max_hp_loss":0,"event_name":"Purifier","floor":45,"gold_loss":0}],"is_beta":false,"boss_relics":[{"not_picked":["WristBlade","Busted Crown"],"picked":"Snecko Eye"},{"not_picked":["Astrolabe","Sozu"],"picked":"Cursed Key"}],"items_purged_floors":[20],"is_endless":false,"potions_floor_spawned":[7,12,23,29,37,38,41,42],"ascension_level":2}}