{"host":"usrgk25etjl0nf5i","time":1609819337,"event":{"mods":["2.2 Compatiblity","BaseMod","Downfall","Hubris","Minty Spire (QoL Compilation)","StSLib","SuperFastMode"],"gold_per_floor":[99,118,118,218,218,233,281,301,328,338,188,30,30,57,72,147,147,147,166,166,166,180,180,180,233,233,233,263,4,4,35,53,128,128,53,64,82,107,107,92,92,130,190,265,304,400,400,428,451,451,451,498,32,32,32],"floor_reached":56,"playtime":2966,"items_purged":["Regret","Shame"],"score":2132,"play_id":"7b56db33-c5cd-4fec-901e-731fca671c99","local_time":"20210104200217","is_ascension_mode":true,"campfire_choices":[{"floor":1,"key":"RECALL"},{"floor":11,"key":"REST"},{"data":"Guardian:ConstructionForm","floor":13,"key":"SMITH"},{"data":"Guardian:SphericShield","floor":18,"key":"SMITH"},{"floor":30,"key":"REST"},{"data":"Guardian:WalkerClaw","floor":47,"key":"SMITH"},{"floor":54,"key":"REST"}],"circlet_count":0,"master_deck":["AscendersBane","Guardian:Strike_Guardian","Guardian:Strike_Guardian","Guardian:Defend_Guardian","Guardian:Defend_Guardian","Guardian:Defend_Guardian","Guardian:CurlUp","Guardian:TwinSlam","Guardian:SphericShield","Guardian:SentryBeam+1","Guardian:Incinerate+1","Guardian:RollAttack","Guardian:PrimingBeam","Guardian:ConstructionForm+1","Guardian:FuturePlans","Guardian:PrimingBeam","Guardian:SphericShield+1","Guardian:BronzeArmor","Guardian:ConstructionForm+1","Guardian:PrimingBeam+1","Guardian:TemporalStrike","Guardian:BronzeOrb","Guardian:FloatingOrbs","Guardian:SphericShield","Guardian:Incinerate","Guardian:StasisField","Guardian:Gem_Blue","Guardian:EvasiveProtocol+1","Guardian:PolyBeam","Guardian:Gem_Red","hubris:Greed","hubris:Greed","Guardian:ChargeCore+1","Guardian:CompilePackage","Guardian:PrimingBeam+1","Guardian:Repulse","Guardian:WalkerClaw+1","Guardian:Clone","Guardian:Gem_Red","hubris:Greed","hubris:Greed","Guardian:Orbwalk","Guardian:DecasProtection","Guardian:GatlingBeam","expansioncontent:DarkVoid","hubris:Greed"],"relics":["Guardian:ModeShifter","Akabeko","downfall:ShatteredFragment","Bag of Marbles","downfall:HeartBlessingBlue","downfall:HeartBlessingRed","Whetstone","Sozu","Ancient Tea Set","hubris:TenFootPole","Guardian:PickAxe","WingedGreaves","Ice Cream","Cursed Key","downfall:HeartBlessingGreen","Lizard Tail","hubris:Icosahedron","hubris:GlazedTorus","sneckomod:BlankCard","Du-Vu Doll","Mercury Hourglass","hexamod:BolsterEngine","CaptainsWheel","Guardian:StasisUpgradeRelic"],"acts_visited":["Exordium","TheCity","TheBeyond","TheEnding"],"potions_floor_usage":[16,31],"damage_taken":[{"damage":0,"enemies":"Jaw Worm","floor":2,"turns":3},{"damage":4,"enemies":"Small Slimes","floor":6,"turns":3},{"damage":4,"enemies":"Cultist","floor":8,"turns":3},{"damage":37,"enemies":"Gremlin Nob","floor":9,"turns":5},{"damage":0,"enemies":"2 Fungi Beasts","floor":10,"turns":2},{"damage":5,"enemies":"downfall:FleeingMerchant","floor":12,"turns":4},{"damage":0,"enemies":"Red Slaver","floor":15,"turns":1},{"damage":23,"enemies":"downfall:Ironclad","floor":16,"turns":7},{"damage":0,"enemies":"3 Byrds","floor":19,"turns":3},{"damage":0,"enemies":"Shell Parasite","floor":22,"turns":6},{"damage":32,"enemies":"Gremlin Leader","floor":28,"turns":8},{"damage":0,"enemies":"downfall:FleeingMerchant","floor":29,"turns":4},{"damage":16,"enemies":"Slavers","floor":31,"turns":4},{"damage":0,"enemies":"3 Cultists","floor":32,"turns":5},{"damage":0,"enemies":"downfall:Watcher","floor":33,"turns":10},{"damage":0,"enemies":"3 Shapes","floor":36,"turns":3},{"damage":0,"enemies":"3 Darklings","floor":37,"turns":5},{"damage":0,"enemies":"Mind Bloom Boss Battle","floor":38,"turns":8},{"damage":0,"enemies":"downfall:FleeingMerchant","floor":40,"turns":4},{"damage":0,"enemies":"Nemesis","floor":42,"turns":7},{"damage":2,"enemies":"2 Orb Walkers","floor":43,"turns":5},{"damage":2,"enemies":"Giant Head","floor":45,"turns":8},{"damage":0,"enemies":"downfall:FleeingMerchant","floor":46,"turns":1},{"damage":0,"enemies":"Transient","floor":48,"turns":5},{"damage":0,"enemies":"Jaw Worm Horde","floor":49,"turns":1},{"damage":3,"enemies":"downfall:Defect","floor":50,"turns":7},{"damage":63,"enemies":"downfall:CharBossMerchant","floor":52,"turns":13},{"damage":11,"enemies":"downfall:NeowBoss","floor":55,"turns":15}],"seed_played":"-4442542403339312674","potions_obtained":[{"floor":9,"key":"CultistPotion"},{"floor":10,"key":"Fire Potion"}],"is_trial":false,"path_per_floor":["R","M","?","?","?","M","T","M","E","M","R","$","R","T","M","B",null,"R","M","?","?","M","?","T","T","?","R","E","$","R","E","M","B",null,"R","M","M","?","?","$","T","E","?","?","E","$","R","M","M","B",null,"E","$","R","B",null],"character_chosen":"GUARDIAN","items_purchased":["Guardian:FuturePlans","Guardian:BronzeOrb","Guardian:FloatingOrbs","hexamod:BolsterEngine","Guardian:Repulse","Guardian:WalkerClaw","Guardian:StasisUpgradeRelic","Guardian:DecasProtection","Guardian:GatlingBeam","expansioncontent:DarkVoid"],"campfire_rested":3,"item_purchase_floors":[12,29,29,46,46,46,53,53,53,53],"current_hp_per_floor":[72,72,72,72,48,44,44,40,3,3,37,32,32,32,32,9,64,64,64,64,64,64,48,48,48,48,48,16,16,42,26,26,26,72,72,72,72,72,72,72,72,72,70,87,85,85,85,85,85,82,86,23,23,49,38],"gold":32,"neow_bonus":"TRANSFORM_TWO_CARDS","is_daily":false,"chose_seed":false,"campfire_upgraded":3,"win_rate":0.0,"timestamp":1609819337,"path_taken":["R","M","?","?","?","?","T","M","E","M","R","$","R","?","M","BOSS","R","M","?","?","?","?","T","?","?","R","E","$","R","E","M","BOSS","R","M","M","?","?","$","T","E","?","?","E","$","R","?","M","BOSS","E","$","R","BOSS"],"items_purchased_type":["Card","Card","Card","Relic","Card","Card","Relic","Card","Card","Card"],"build_version":"2020-12-22","purchased_purges":2,"victory":true,"max_hp_per_floor":[72,72,72,72,72,72,72,72,72,72,82,82,82,82,82,82,82,82,82,82,82,82,87,87,87,87,87,87,87,87,87,87,87,87,87,87,87,87,87,87,87,87,87,87,87,87,87,87,87,87,87,87,87,87,87],"card_choices":[{"not_picked":["Guardian:WalkerClaw","Guardian:RollAttack"],"picked":"Guardian:Incinerate","floor":2},{"not_picked":["Guardian:Preprogram","Guardian:WalkerClaw"],"picked":"Guardian:Gem_Yellow","floor":6},{"not_picked":["Guardian:Gem_Green","Guardian:TimeBomb"],"picked":"Guardian:Gem_Red","floor":8},{"not_picked":["Guardian:TemporalShield","Guardian:GemFire"],"picked":"Guardian:RollAttack","floor":9},{"not_picked":["Guardian:TemporalStrike","Guardian:Gem_Crimson"],"picked":"Guardian:PrimingBeam","floor":10},{"not_picked":["Guardian:VentSteam","Guardian:Preprogram"],"picked":"Guardian:ConstructionForm","floor":12},{"not_picked":["Guardian:ChargeCore","Guardian:RefractedBeam"],"picked":"Guardian:PrimingBeam","floor":15},{"not_picked":["Guardian:StasisField","Guardian:FastForward"],"picked":"Guardian:SphericShield","floor":16},{"not_picked":["Guardian:PiercingHide","Guardian:Reroute"],"picked":"Guardian:BronzeArmor","floor":19},{"not_picked":["Guardian:RefractedBeam","Guardian:ChargeCore"],"picked":"Guardian:Gem_Cyan","floor":22},{"not_picked":["Guardian:Gem_Cyan","Guardian:Recover+1"],"picked":"Guardian:PrimingBeam+1","floor":28},{"not_picked":["Guardian:CrystalBeam","Guardian:Gem_Lightblue"],"picked":"Guardian:TemporalStrike","floor":29},{"not_picked":["Guardian:FloatingOrbs","Guardian:RollAttack"],"picked":"Guardian:SphericShield","floor":31},{"not_picked":["Guardian:Gem_Cyan","Guardian:VentSteam"],"picked":"Guardian:Incinerate","floor":32},{"not_picked":["Guardian:TimeSifter","Guardian:GemFinder"],"picked":"Guardian:StasisField","floor":33},{"not_picked":["Guardian:PrimingBeam","Guardian:TimeCapacitor"],"picked":"Guardian:EvasiveProtocol+1","floor":36},{"not_picked":["Guardian:Planning","Guardian:WalkerClaw","Guardian:PiercingHide"],"picked":"SKIP","floor":37},{"not_picked":["Guardian:Gem_Red","Guardian:WalkerClaw"],"picked":"Guardian:PolyBeam","floor":38},{"not_picked":["Guardian:PiercingHide","Guardian:TemporalShield"],"picked":"Guardian:Gem_Red","floor":40},{"not_picked":["Guardian:PrimingBeam+1","Guardian:TemporalStrike"],"picked":"Guardian:Gem_Orange","floor":42},{"not_picked":["Guardian:GuardianWhirl","Guardian:TimeBomb+1"],"picked":"Guardian:ChargeCore+1","floor":43},{"not_picked":["Guardian:CrystalBeam+1","Guardian:RollAttack"],"picked":"Guardian:CompilePackage","floor":45},{"not_picked":["Guardian:StasisStrike","Guardian:PrismaticBarrier"],"picked":"Guardian:PrimingBeam+1","floor":46},{"not_picked":["Guardian:TimeBomb","Guardian:Gem_Green"],"picked":"Guardian:Clone","floor":48},{"not_picked":["Guardian:PiercingHide+1","Guardian:ChargeCore"],"picked":"Guardian:Gem_Red","floor":49},{"not_picked":["Guardian:Preprogram","Guardian:Incinerate"],"picked":"Guardian:Orbwalk","floor":52}],"player_experience":627078,"relics_obtained":[{"floor":9,"key":"Bag of Marbles"},{"floor":14,"key":"Whetstone"},{"floor":24,"key":"Ancient Tea Set"},{"floor":25,"key":"hubris:TenFootPole"},{"floor":28,"key":"WingedGreaves"},{"floor":31,"key":"Ice Cream"},{"floor":38,"key":"Lizard Tail"},{"floor":41,"key":"hubris:GlazedTorus"},{"floor":42,"key":"sneckomod:BlankCard"},{"floor":43,"key":"Du-Vu Doll"},{"floor":45,"key":"Mercury Hourglass"},{"floor":52,"key":"CaptainsWheel"}],"event_choices":[{"damage_healed":0,"gold_gain":0,"player_choice":"Box","damage_taken":0,"relics_obtained":["Akabeko"],"max_hp_gain":0,"max_hp_loss":0,"event_name":"Big Fish","floor":3,"gold_loss":0,"cards_obtained":["Regret"]},{"damage_healed":0,"gold_gain":0,"player_choice":"Copied","damage_taken":0,"max_hp_gain":0,"max_hp_loss":0,"event_name":"Duplicator","floor":21,"gold_loss":0,"cards_obtained":["Guardian:ConstructionForm"]},{"damage_healed":0,"gold_gain":0,"player_choice":"Stole Relic","damage_taken":0,"relics_obtained":["Guardian:PickAxe"],"max_hp_gain":0,"max_hp_loss":0,"event_name":"Addict","floor":26,"gold_loss":0,"cards_obtained":["Shame"]},{"damage_healed":0,"gold_gain":0,"player_choice":"Fight","damage_taken":0,"max_hp_gain":0,"max_hp_loss":0,"event_name":"Mysterious Sphere","floor":43,"gold_loss":0}],"is_beta":false,"boss_relics":[{"not_picked":["hubris:RunicObelisk","hubris:GrandSneckoEye"],"picked":"Sozu"},{"not_picked":["Coffee Dripper","Tiny House"],"picked":"Cursed Key"}],"items_purged_floors":[12,29],"is_endless":false,"potions_floor_spawned":[9,10,31,32,33,37,38,48],"ascension_level":13}}