{"host":"mi0eibewekhugwl1","time":1609857791,"event":{"mods":["AchievementEnabler","BaseMod","Colored Map","Colored Powertips","DeckTracker","Keyboard Shortcuts","Minty Spire (QoL Compilation)","Quick Restart","Rare Cards Sparkle","Relic Stats","StSLib","SuperFastMode","everything is the same but u backflip on backflip"],"gold_per_floor":[114,132,142,142,152,184,201,201,250,250,250,276,317,337,337,423,423,440,449,163,184,26,26,70,86,86,86,102,131,131,144,144,220,220,240,254,254,269,594,624,624,651,651,651,675,675,675],"floor_reached":46,"playtime":1100,"items_purged":["Strike_R"],"score":1053,"play_id":"9d90e3bd-bd39-45d5-ae31-87c03e9baf3e","local_time":"20210105234311","is_ascension_mode":true,"campfire_choices":[{"data":"Fire Breathing","floor":8.0,"key":"SMITH"},{"floor":10.0,"key":"REST"},{"data":"Evolve","floor":15.0,"key":"SMITH"},{"data":"Corruption","floor":23.0,"key":"SMITH"},{"data":"Dark Embrace","floor":27.0,"key":"SMITH"},{"floor":32.0,"key":"REST"},{"floor":41.0,"key":"REST"},{"floor":44.0,"key":"REST"}],"circlet_count":0,"master_deck":["AscendersBane","Strike_R","Strike_R","Strike_R","Defend_R","Defend_R","Defend_R+1","Defend_R","Bash","Fire Breathing+1","Power Through+1","Intimidate","Seeing Red","Pommel Strike","Evolve+1","Whirlwind","Corruption+1","Power Through+1","Second Wind","Flash of Steel","Dark Embrace+1","Fire Breathing","Seeing Red+1","Power Through"],"relics":["Burning Blood","Ice Cream","Centennial Puzzle","CeramicFish","Matryoshka","Philosopher\u0027s Stone","HornCleat","Blood Vial","Nunchaku","Mark of Pain","Old Coin","Bag of Marbles","Mummified Hand","Mercury Hourglass","Juzu Bracelet"],"acts_visited":["Exordium","TheCity","TheBeyond"],"potions_floor_usage":[],"damage_taken":[{"damage":4.0,"enemies":"Small Slimes","floor":1.0,"turns":4.0},{"damage":9.0,"enemies":"Jaw Worm","floor":2.0,"turns":4.0},{"damage":1.0,"enemies":"Cultist","floor":3.0,"turns":5.0},{"damage":2.0,"enemies":"3 Louse","floor":5.0,"turns":4.0},{"damage":10.0,"enemies":"Lagavulin","floor":6.0,"turns":7.0},{"damage":8.0,"enemies":"Blue Slaver","floor":7.0,"turns":5.0},{"damage":0.0,"enemies":"Large Slime","floor":12.0,"turns":4.0},{"damage":20.0,"enemies":"3 Sentries","floor":13.0,"turns":3.0},{"damage":7.0,"enemies":"Exordium Wildlife","floor":14.0,"turns":3.0},{"damage":21.0,"enemies":"Slime Boss","floor":16.0,"turns":7.0},{"damage":9.0,"enemies":"Chosen","floor":18.0,"turns":5.0},{"damage":12.0,"enemies":"Shell Parasite","floor":21.0,"turns":5.0},{"damage":28.0,"enemies":"Slavers","floor":24.0,"turns":4.0},{"damage":5.0,"enemies":"Snecko","floor":25.0,"turns":5.0},{"damage":12.0,"enemies":"Snake Plant","floor":28.0,"turns":5.0},{"damage":4.0,"enemies":"Centurion and Healer","floor":29.0,"turns":5.0},{"damage":20.0,"enemies":"Cultist and Chosen","floor":31.0,"turns":3.0},{"damage":20.0,"enemies":"Champ","floor":33.0,"turns":10.0},{"damage":30.0,"enemies":"3 Darklings","floor":35.0,"turns":4.0},{"damage":14.0,"enemies":"Orb Walker","floor":36.0,"turns":4.0},{"damage":39.0,"enemies":"Spire Growth","floor":38.0,"turns":6.0},{"damage":1.0,"enemies":"Mind Bloom Boss Battle","floor":39.0,"turns":6.0},{"damage":28.0,"enemies":"Reptomancer","floor":40.0,"turns":4.0},{"damage":31.0,"enemies":"Giant Head","floor":42.0,"turns":9.0},{"damage":0.0,"enemies":"3 Darklings","floor":45.0,"turns":2.0},{"damage":65,"enemies":"Reptomancer","floor":46,"turns":3}],"seed_played":"9187607048179825860","potions_obtained":[{"floor":3.0,"key":"BlessingOfTheForge"},{"floor":5.0,"key":"BlessingOfTheForge"},{"floor":7.0,"key":"SkillPotion"},{"floor":12.0,"key":"DistilledChaos"},{"floor":14.0,"key":"Energy Potion"},{"floor":18.0,"key":"DuplicationPotion"},{"floor":31.0,"key":"Strength Potion"},{"floor":33.0,"key":"FearPotion"},{"floor":35.0,"key":"Energy Potion"},{"floor":36.0,"key":"Fire Potion"},{"floor":42.0,"key":"AttackPotion"}],"is_trial":false,"path_per_floor":["M","M","M","?","M","E","M","R","T","R","?","M","E","M","R","B",null,"M","?","$","M","$","R","E","M","T","R","M","M","?","M","R","B",null,"M","M","?","M","?","E","R","E","T","R","M","E"],"character_chosen":"IRONCLAD","items_purchased":["HornCleat","Flash of Steel"],"campfire_rested":4,"item_purchase_floors":[20,22],"current_hp_per_floor":[52,49,54,31,35,31,29,29,29,51,44,50,36,35,35,20,61,58,58,58,52,52,52,30,33,33,33,29,33,33,21,43,31,64,42,36,61,28,35,15,33,10,10,28,36,0,0],"gold":675,"neow_bonus":"ONE_RARE_RELIC","is_daily":false,"chose_seed":false,"campfire_upgraded":4,"win_rate":0.0,"timestamp":1609857791,"path_taken":["M","M","M","?","M","E","M","R","T","R","?","M","E","M","R","BOSS","M","?","$","M","$","R","E","M","T","R","?","M","?","M","R","BOSS","M","M","?","M","?","E","R","E","T","R","M","E"],"items_purchased_type":["Relic","Card"],"build_version":"2020-12-22","purchased_purges":1,"victory":false,"max_hp_per_floor":[75,75,75,75,75,75,75,75,75,75,75,75,75,75,75,75,75,75,75,75,75,75,75,75,75,75,75,75,75,75,75,75,75,75,75,75,61,61,61,61,61,61,61,61,61,61,61],"relic_stats":{"Blood Vial":24,"Centennial Puzzle":[57],"Nunchaku":[10],"counters":[26,126],"Mummified Hand":[5],"CeramicFish":90,"Juzu Bracelet":0,"obtain_stats":[{"Ice Cream":0,"CeramicFish":9,"Juzu Bracelet":43,"Burning Blood":0,"Old Coin":39,"Mercury Hourglass":43,"Blood Vial":24,"Centennial Puzzle":6,"Nunchaku":26,"Matryoshka":13,"HornCleat":20,"Mummified Hand":42,"Philosopher\u0027s Stone":17,"Mark of Pain":34,"Bag of Marbles":40},{"Ice Cream":0,"CeramicFish":6,"Juzu Bracelet":24,"Burning Blood":0,"Old Coin":22,"Mercury Hourglass":24,"Blood Vial":13,"Centennial Puzzle":5,"Nunchaku":14,"Matryoshka":8,"HornCleat":11,"Mummified Hand":24,"Philosopher\u0027s Stone":10,"Mark of Pain":18,"Bag of Marbles":23},{"Ice Cream":0,"CeramicFish":29,"Juzu Bracelet":121,"Burning Blood":0,"Old Coin":108,"Mercury Hourglass":121,"Blood Vial":60,"Centennial Puzzle":24,"Nunchaku":65,"Matryoshka":36,"HornCleat":51,"Mummified Hand":121,"Philosopher\u0027s Stone":46,"Mark of Pain":88,"Bag of Marbles":112}],"Burning Blood":150,"Mercury Hourglass":[42]},"card_choices":[{"not_picked":["Pommel Strike","Intimidate"],"picked":"Fire Breathing","floor":1.0},{"not_picked":["Flex","Carnage"],"picked":"Power Through","floor":2.0},{"not_picked":["Ghostly Armor","Uppercut"],"picked":"Intimidate","floor":3.0},{"not_picked":["Armaments","Warcry","Iron Wave"],"picked":"SKIP","floor":5.0},{"not_picked":["Heavy Blade","Brutality"],"picked":"Seeing Red","floor":6.0},{"not_picked":["Cleave","Perfected Strike"],"picked":"Pommel Strike","floor":7.0},{"not_picked":["Havoc","Iron Wave"],"picked":"Evolve","floor":12.0},{"not_picked":["Clash","Burning Pact"],"picked":"Whirlwind","floor":13.0},{"not_picked":["Intimidate","Carnage","Iron Wave"],"picked":"SKIP","floor":14.0},{"not_picked":["Double Tap","Bludgeon"],"picked":"Corruption","floor":16.0},{"not_picked":["Twin Strike","Thunderclap","Sword Boomerang"],"picked":"SKIP","floor":18.0},{"not_picked":["Pommel Strike","Thunderclap"],"picked":"Second Wind","floor":21.0},{"not_picked":["Havoc","Sentinel"],"picked":"Dark Embrace","floor":24.0},{"not_picked":["Armaments","Heavy Blade","Rampage"],"picked":"SKIP","floor":25.0},{"not_picked":["Pummel","Twin Strike","Flex"],"picked":"SKIP","floor":28.0},{"not_picked":["Carnage","True Grit"],"picked":"Fire Breathing","floor":29.0},{"not_picked":["Rupture","Twin Strike","Evolve+1"],"picked":"SKIP","floor":31.0},{"not_picked":["Sword Boomerang","Havoc"],"picked":"Seeing Red+1","floor":35.0},{"not_picked":["Dual Wield+1","Perfected Strike+1","Rage"],"picked":"SKIP","floor":36.0},{"not_picked":["Dual Wield+1","Perfected Strike+1","Rage"],"picked":"SKIP","floor":36.0},{"not_picked":["Body Slam","Iron Wave","Dual Wield"],"picked":"SKIP","floor":38.0},{"not_picked":["Clash+1","Pommel Strike","Whirlwind+1"],"picked":"SKIP","floor":40.0},{"not_picked":["Anger","Twin Strike+1","Thunderclap+1"],"picked":"SKIP","floor":42.0},{"not_picked":["Carnage","Metallicize"],"picked":"Power Through","floor":45.0}],"player_experience":1733145,"relics_obtained":[{"floor":6.0,"key":"Centennial Puzzle"},{"floor":9.0,"key":"CeramicFish"},{"floor":13.0,"key":"Matryoshka"},{"floor":24.0,"key":"Blood Vial"},{"floor":26.0,"key":"Nunchaku"},{"floor":39.0,"key":"Old Coin"},{"floor":40.0,"key":"Bag of Marbles"},{"floor":42.0,"key":"Mummified Hand"},{"floor":43.0,"key":"Mercury Hourglass"},{"floor":43.0,"key":"Juzu Bracelet"}],"event_choices":[{"damage_healed":0.0,"max_hp_gain":0.0,"max_hp_loss":0.0,"gold_gain":0.0,"event_name":"Shining Light","player_choice":"Entered Light","floor":4.0,"gold_loss":0.0,"damage_taken":23.0,"cards_upgraded":["Defend_R","Power Through"]},{"cards_removed":["Strike_R"],"damage_healed":0.0,"max_hp_gain":0.0,"max_hp_loss":0.0,"gold_gain":0.0,"event_name":"Golden Wing","player_choice":"Card Removal","floor":11.0,"gold_loss":0.0,"damage_taken":7.0},{"damage_healed":0.0,"max_hp_gain":0.0,"max_hp_loss":0.0,"gold_gain":0.0,"event_name":"Duplicator","player_choice":"Copied","floor":19.0,"gold_loss":0.0,"damage_taken":0.0,"cards_obtained":["Power Through"]},{"damage_healed":0.0,"max_hp_gain":0.0,"max_hp_loss":0.0,"gold_gain":0.0,"event_name":"Cursed Tome","player_choice":"Ignored","floor":30.0,"gold_loss":0.0,"damage_taken":0.0},{"damage_healed":61.0,"max_hp_gain":0.0,"max_hp_loss":14.0,"gold_gain":0.0,"event_name":"The Moai Head","player_choice":"Heal","floor":37.0,"gold_loss":0.0,"damage_taken":0.0},{"damage_healed":0.0,"max_hp_gain":0.0,"max_hp_loss":0.0,"gold_gain":0.0,"event_name":"MindBloom","player_choice":"Fight","floor":39.0,"gold_loss":0.0,"damage_taken":0.0}],"is_beta":false,"boss_relics":[{"not_picked":["Runic Dome","Black Star"],"picked":"Philosopher\u0027s Stone"},{"not_picked":["Busted Crown","Coffee Dripper"],"picked":"Mark of Pain"}],"items_purged_floors":[22],"is_endless":false,"potions_floor_spawned":[3,5,7,12,14,18,31,33,35,36,38,42],"killed_by":"Reptomancer","ascension_level":20}}