{"host":"ikjt6v4q6zrcj3if","time":1609860358,"event":{"mods":["BaseMod","CapriCore","Colored Map","Downfall","Luminous","Minty Spire (QoL Compilation)","Permanent Neow","Quick Restart","Replay The Spire","Robot Space Explorer","Somnambulant","Spicy Shops","StSLib","SuperFastMode","The Exalted","The Marked","The Runesmith","TheSwordswoman","WarShipGirlsR/??è≠èóR mod"],"gold_per_floor":[119,138,138,24,24,24,58,76,76,76,95,108,126,26,26,131,131,149,149,161,36,50,80,80,80,134,134,82,82,82],"floor_reached":29,"playtime":4387,"items_purged":["theMarked:Strike","theMarked:Defend","theMarked:Strike"],"score":243,"play_id":"a37e87cd-84dc-4e42-9257-86f415cee359","local_time":"20210106002558","is_ascension_mode":false,"campfire_choices":[{"data":"theMarked:SoldierOfQuellstein","floor":6,"key":"SMITH"},{"data":"theMarked:ResourceFulStrike","floor":10,"key":"SMITH"},{"data":"theMarked:AttractMetal","floor":15,"key":"SMITH"},{"data":"theMarked:SummonStrength","floor":24,"key":"SMITH"},{"data":"theMarked:WardOff","floor":27,"key":"SMITH"}],"circlet_count":0,"master_deck":["theMarked:Strike","theMarked:Defend","theMarked:Defend","theMarked:SoldierOfQuellstein+1","theMarked:ResourceFulStrike+1","theMarked:Opportunist","theMarked:WardOff+1","theMarked:AttractMetal+1","theMarked:SwordAndMagic+1","theMarked:SummonStrength+1","theMarked:BanishingStrike+1","theMarked:MysticalArsenal+1","theMarked:StartUp+1","theMarked:BanishingStrike+1"],"relics":["theMarked:BronzeBlade","Bromod:ArcaneDeflection","Molten Egg 2","Du-Vu Doll","ReplayFunnel"],"acts_visited":["Exordium","TheCity"],"potions_floor_usage":[3,16,18],"damage_taken":[{"damage":3,"enemies":"Jaw Worm","floor":1,"turns":3},{"damage":1,"enemies":"Cultist","floor":2,"turns":3},{"damage":12,"enemies":"Cultist","floor":3,"turns":5},{"damage":19,"enemies":"Gremlin Nob","floor":7,"turns":4},{"damage":0,"enemies":"Small Slimes","floor":8,"turns":2},{"damage":2,"enemies":"2 Fungi Beasts","floor":11,"turns":3},{"damage":3,"enemies":"Lots of Slimes","floor":12,"turns":6},{"damage":0,"enemies":"Exordium Wildlife","floor":13,"turns":3},{"damage":6,"enemies":"The Guardian","floor":16,"turns":11},{"damage":14,"enemies":"2 Thieves","floor":18,"turns":2},{"damage":0,"enemies":"3 Byrds","floor":20,"turns":6},{"damage":26,"enemies":"Centurion and Healer","floor":22,"turns":5},{"damage":22,"enemies":"Book of Stabbing","floor":23,"turns":4},{"damage":5,"enemies":"Cultist and Chosen","floor":29,"turns":1}],"seed_played":"-6402823244724202526","potions_obtained":[{"floor":1,"key":"Fire Potion"},{"floor":11,"key":"Dexterity Potion"},{"floor":16,"key":"Death Potion"},{"floor":20,"key":"Elixir"},{"floor":23,"key":"SteroidPotion"}],"is_trial":false,"path_per_floor":["M","M","?","$","?","R","E","M","T","R","M","M","M","$","R","B",null,"M","?","M","$","M","E","R","?","T","R","$","M"],"character_chosen":"THE_DEFAULT","items_purchased":["theMarked:Opportunist","theMarked:BanishingStrike+1"],"campfire_rested":0,"item_purchase_floors":[4,28],"current_hp_per_floor":[60,59,47,47,47,47,28,28,28,28,26,23,23,23,23,17,63,49,49,49,49,23,1,1,1,1,1,1,0,0],"gold":82,"neow_bonus":"REMOVE_TWO","is_daily":false,"chose_seed":false,"campfire_upgraded":5,"win_rate":0.0,"timestamp":1609860358,"path_taken":["M","M","?","?","?","R","E","M","T","R","?","M","M","$","R","BOSS","M","?","M","$","M","E","R","?","T","R","$","M"],"items_purchased_type":["Card","Card"],"build_version":"2020-12-22","purchased_purges":3,"victory":false,"max_hp_per_floor":[63,63,63,63,63,63,63,63,63,63,63,63,63,63,63,63,63,63,63,63,63,63,63,63,63,63,63,63,63,63],"card_choices":[{"not_picked":["theMarked:Generate","theMarked:TwofoldDefense","theMarked:Static"],"picked":"SKIP","floor":1},{"not_picked":["theMarked:Aftermath","theMarked:TunnelVision"],"picked":"theMarked:ResourceFulStrike","floor":2},{"not_picked":["theMarked:Overthink","theMarked:Aftermath"],"picked":"theMarked:WardOff","floor":7},{"not_picked":["theMarked:RepellingDischarge","theMarked:GodGivenPower","theMarked:Frustration"],"picked":"SKIP","floor":8},{"not_picked":["theMarked:Seal","theMarked:ContemptForTheProud+1"],"picked":"theMarked:AttractMetal","floor":11},{"not_picked":["theMarked:GodGivenPower","theMarked:WastefulDefense","theMarked:ContemptForTheProud+1"],"picked":"SKIP","floor":12},{"not_picked":["theMarked:ChainLightning+1","theMarked:WastefulAttack+1"],"picked":"theMarked:SwordAndMagic+1","floor":13},{"not_picked":["theMarked:SuspiciousRaven","theMarked:Vacuum+1"],"picked":"theMarked:SummonStrength","floor":16},{"not_picked":["theMarked:MaelstromOfLightning","theMarked:RepellingDischarge"],"picked":"theMarked:BanishingStrike+1","floor":18},{"not_picked":["theMarked:Overthink","theMarked:WardOff"],"picked":"theMarked:MysticalArsenal+1","floor":20},{"not_picked":["theMarked:DeterminationOfTheMarked","theMarked:EmpowerWeapon"],"picked":"theMarked:StartUp+1","floor":22},{"not_picked":["theMarked:WastefulDefense","theMarked:Panic","theMarked:HeightenedSenses+1"],"picked":"SKIP","floor":23}],"player_experience":352857,"relics_obtained":[{"floor":7,"key":"Bromod:ArcaneDeflection"},{"floor":9,"key":"Molten Egg 2"},{"floor":23,"key":"Du-Vu Doll"},{"floor":26,"key":"ReplayFunnel"}],"event_choices":[{"cards_removed":["theMarked:Strike"],"damage_healed":0,"gold_gain":0,"player_choice":"Purged","damage_taken":0,"max_hp_gain":0,"max_hp_loss":0,"event_name":"Purifier","floor":5,"gold_loss":0},{"damage_healed":0,"gold_gain":0,"player_choice":"Bought 0 Potions","damage_taken":0,"max_hp_gain":0,"max_hp_loss":0,"event_name":"The Woman in Blue","floor":25,"gold_loss":0}],"is_beta":false,"boss_relics":[{"not_picked":["ChewingGum","Velvet Choker"],"picked":"theMarked:BronzeBlade"}],"items_purged_floors":[4,14,21],"is_endless":false,"potions_floor_spawned":[1,11,16,20,23],"killed_by":"Cultist and Chosen","ascension_level":0}}