{"host":"9n6i2vl93jt4o42q","time":1609888990,"event":{"mods":["BaseMod","Downfall","Minty Spire (QoL Compilation)","Relic Stats","StSLib"],"gold_per_floor":[99,119,1,15,15,15,40,57,91,91,109,142,161,194,221,325,379,229,256,279,279,300,385,411,336,352,390,390,16,16,45,65,179,179,179,213,244,244,253,15,15,35,35,44,62,62,62,91,119,119,119,166,1,1,1],"floor_reached":56,"playtime":14951,"items_purged":["hexamod:Haunted","sneckomod:UnknownCommonAttack"],"score":1338,"play_id":"6fdbaeb6-f4b5-4c03-bf67-4ebd8b2eb8d2","local_time":"20210106002310","is_ascension_mode":true,"campfire_choices":[{"data":"sneckomod:TailWhip","floor":1.0,"key":"SMITH"},{"data":"sneckomod:SnekBite","floor":6.0,"key":"SMITH"},{"floor":10.0,"key":"RECALL"},{"data":"sneckomod:Cheat","floor":18.0,"key":"SMITH"},{"data":"sneckomod:TrashToTreasure","floor":25.0,"key":"SMITH"},{"data":"Apotheosis","floor":30.0,"key":"SMITH"},{"data":"sneckomod:SnakeSap","floor":35,"key":"SMITH"},{"data":"Violence","floor":43,"key":"SMITH"},{"floor":47,"key":"REST"},{"floor":54,"key":"REST"}],"circlet_count":0,"master_deck":["sneckomod:TailWhip+1","sneckomod:SnekBite+1","sneckomod:Unknown","sneckomod:Unknown+1","sneckomod:SnakeSap","sneckomod:IronFang","sneckomod:CheapStock","sneckomod:RainOfDice","sneckomod:UnknownExhaust+1","expansioncontent:DarkVoid","sneckomod:PureSnecko","sneckomod:SoulDraw","sneckomod:Cheat+1","sneckomod:ImprovisedAttack","sneckomod:UnknownBlock","sneckomod:UnknownRareSkill","sneckomod:TrashToTreasure+1","sneckomod:UnlimitedRolls","sneckomod:ImprovisedGuard","sneckomod:UnknownBlock","sneckomod:UnknownDexterity+1","sneckomod:SnekBeam+1","sneckomod:QuickBite","sneckomod:QuickBite+1","sneckomod:SnakeSap+1","Apotheosis+1","sneckomod:Nope","sneckomod:QuickBite","sneckomod:MorePower","sneckomod:Unknown3Cost+1","sneckomod:QuickMove","sneckomod:UnknownDexterity+1","sneckomod:QuickMove+1","sneckomod:UnknownExhaust+1","sneckomod:IronFang+1","Violence+1","sneckomod:Unknown1Cost+1","sneckomod:UnknownUncommonAttack+1","sneckomod:UnknownStrength+1","sneckomod:DiceCrush+1","sneckomod:Unknown3Cost+1","sneckomod:MasterEye","sneckomod:UnknownUncommonPower+1","sneckomod:UnknownDexterity+1","sneckomod:MasterEye"],"relics":["sneckomod:SneckoSoul","Orichalcum","Vajra","Shuriken","War Paint","CeramicFish","Pandora\u0027s Box","downfall:HeartBlessingRed","downfall:HeartBlessingGreen","downfall:HeartBlessingBlue","Ancient Tea Set","Lee\u0027s Waffle","Cursed Key","Toy Ornithopter","Membership Card","Thread and Needle","Dead Branch","Unceasing Top"],"acts_visited":["Exordium","TheCity","TheBeyond","TheEnding"],"potions_floor_usage":[50,55],"damage_taken":[{"damage":0.0,"enemies":"Cultist","floor":2.0,"turns":3.0},{"damage":0.0,"enemies":"downfall:FleeingMerchant","floor":3.0,"turns":4.0},{"damage":5.0,"enemies":"Small Slimes","floor":4.0,"turns":3.0},{"damage":0.0,"enemies":"2 Louse","floor":8.0,"turns":2.0},{"damage":6.0,"enemies":"Lagavulin","floor":9.0,"turns":4.0},{"damage":10.0,"enemies":"Blue Slaver","floor":11.0,"turns":3.0},{"damage":3.0,"enemies":"3 Sentries","floor":12.0,"turns":4.0},{"damage":0.0,"enemies":"Large Slime","floor":13.0,"turns":3.0},{"damage":3.0,"enemies":"Gremlin Nob","floor":14.0,"turns":3.0},{"damage":0.0,"enemies":"3 Louse","floor":15.0,"turns":1.0},{"damage":17.0,"enemies":"downfall:Ironclad","floor":16.0,"turns":4.0},{"damage":19.0,"enemies":"3 Byrds","floor":19.0,"turns":5.0},{"damage":0.0,"enemies":"Chosen","floor":20.0,"turns":3.0},{"damage":7.0,"enemies":"Snake Plant","floor":22.0,"turns":2.0},{"damage":19.0,"enemies":"Centurion and Healer","floor":26.0,"turns":6.0},{"damage":46.0,"enemies":"Slavers","floor":27.0,"turns":5.0},{"damage":8.0,"enemies":"downfall:FleeingMerchant","floor":29.0,"turns":4.0},{"damage":2.0,"enemies":"Snecko","floor":31.0,"turns":3.0},{"damage":4.0,"enemies":"Cultist and Chosen","floor":32.0,"turns":3.0},{"damage":0.0,"enemies":"downfall:Defect","floor":33.0,"turns":7.0},{"damage":30,"enemies":"3 Darklings","floor":36,"turns":4},{"damage":7,"enemies":"3 Shapes","floor":37,"turns":5},{"damage":0,"enemies":"downfall:FleeingMerchant","floor":40,"turns":4},{"damage":16,"enemies":"3 Darklings","floor":42,"turns":3},{"damage":8,"enemies":"downfall:FleeingMerchant","floor":44,"turns":3},{"damage":1,"enemies":"Spire Growth","floor":45,"turns":4},{"damage":0,"enemies":"Sphere and 2 Shapes","floor":48,"turns":2},{"damage":17,"enemies":"3 Darklings","floor":49,"turns":4},{"damage":44,"enemies":"downfall:Silent","floor":50,"turns":10},{"damage":54,"enemies":"downfall:CharBossMerchant","floor":52,"turns":9},{"damage":8,"enemies":"downfall:NeowBoss","floor":55,"turns":13}],"seed_played":"-2809449742355659686","potions_obtained":[{"floor":4.0,"key":"Dexterity Potion"},{"floor":8.0,"key":"sneckomod:DiceRollPotion"},{"floor":13.0,"key":"sneckomod:OffclassReductionPotion"},{"floor":22.0,"key":"Ancient Potion"},{"floor":31.0,"key":"hexamod:EctoCoolerPotion"},{"floor":45,"key":"Guardian:BlockOnCardUsePotion"},{"floor":52,"key":"DistilledChaos"}],"is_trial":false,"path_per_floor":["R","M","$","M","?","R","T","M","E","R","M","E","M","E","M","B",null,"R","M","M","?","M","?","T","R","M","E","?","$","R","M","M","B",null,"R","M","M","?","?","$","T","M","R","$","M","?","R","M","M","B",null,"E","$","R","B",null],"character_chosen":"THE_SNECKO","items_purchased":["sneckomod:IronFang","sneckomod:CheapStock","Lee\u0027s Waffle","sneckomod:SnakeSap","Apotheosis","Violence","Membership Card","Thread and Needle","sneckomod:MasterEye","Unceasing Top"],"campfire_rested":2,"item_purchase_floors":[3,3,29,29,29,40,44,44,53,53],"current_hp_per_floor":[90,90,90,89,90,90,90,90,84,84,78,75,75,72,73,57,96,96,85,86,86,79,65,65,75,56,10,10,115,115,113,109,109,115,115,86,80,80,80,81,81,66,66,60,59,59,95,95,79,40,122,70,70,107,106],"gold":1,"neow_bonus":"RANDOM_COMMON_RELIC","is_daily":false,"chose_seed":false,"campfire_upgraded":7,"win_rate":0.0,"timestamp":1609888990,"path_taken":["R","M","$","?","?","R","T","M","E","R","M","E","M","E","M","BOSS","R","M","?","?","M","?","T","R","M","E","?","$","R","M","M","BOSS","R","M","M","?","?","$","T","?","R","$","M","?","R","?","M","BOSS","E","$","R","BOSS"],"items_purchased_type":["Card","Card","Relic","Card","Card","Card","Relic","Relic","Card","Relic"],"build_version":"2020-12-22","purchased_purges":2,"victory":true,"max_hp_per_floor":[90,90,90,90,91,91,91,91,91,91,91,91,91,91,92,93,96,96,97,98,98,98,98,98,108,108,108,108,115,115,115,115,115,115,115,116,117,117,117,118,118,119,119,121,121,121,121,121,122,122,122,124,124,124,124],"relic_stats":{"Lee\u0027s Waffle":113,"counters":[31,133],"Shuriken":[55],"CeramicFish":315,"Dead Branch":[43],"Pandora\u0027s Box":["sneckomod:UnknownClassHEXA_GHOST_PURPLE","sneckomod:UnknownClassTHE_CHAMP_GRAY","sneckomod:TrashToTreasure","sneckomod:UnlimitedRolls","sneckomod:ImprovisedGuard","sneckomod:UnknownCommonAttack"],"Orichalcum":[180],"War Paint":["sneckomod:Unknown","sneckomod:UnknownExhaust"],"Cursed Key":1,"obtain_stats":[{"Lee\u0027s Waffle":29,"downfall:HeartBlessingRed":18,"CeramicFish":14,"Dead Branch":52,"Vajra":7,"downfall:HeartBlessingGreen":18,"Thread and Needle":44,"Orichalcum":0,"War Paint":12,"sneckomod:SneckoSoul":0,"Ancient Tea Set":27,"Cursed Key":34,"Shuriken":9,"downfall:HeartBlessingBlue":25,"Pandora\u0027s Box":17,"Membership Card":44,"Toy Ornithopter":39,"Unceasing Top":53},{"Lee\u0027s Waffle":17,"downfall:HeartBlessingRed":11,"CeramicFish":9,"Dead Branch":30,"Vajra":3,"downfall:HeartBlessingGreen":11,"Thread and Needle":25,"Orichalcum":0,"War Paint":7,"sneckomod:SneckoSoul":0,"Ancient Tea Set":16,"Cursed Key":20,"Shuriken":5,"downfall:HeartBlessingBlue":14,"Pandora\u0027s Box":11,"Membership Card":25,"Toy Ornithopter":22,"Unceasing Top":30},{"Lee\u0027s Waffle":59,"downfall:HeartBlessingRed":34,"CeramicFish":29,"Dead Branch":120,"Vajra":10,"downfall:HeartBlessingGreen":34,"Thread and Needle":91,"Orichalcum":0,"War Paint":23,"sneckomod:SneckoSoul":0,"Ancient Tea Set":55,"Cursed Key":72,"Shuriken":16,"downfall:HeartBlessingBlue":44,"Pandora\u0027s Box":34,"Membership Card":91,"Toy Ornithopter":81,"Unceasing Top":120}],"Toy Ornithopter":10,"Unceasing Top":[4]},"card_choices":[{"not_picked":["sneckomod:UnknownX","sneckomod:Unknown2Cost"],"picked":"sneckomod:SnakeSap","floor":2.0},{"not_picked":["sneckomod:UnknownCommonAttack","sneckomod:WideSting","sneckomod:SoulRoll"],"picked":"SKIP","floor":3.0},{"not_picked":["sneckomod:UnknownBlock","sneckomod:DiceCrush"],"picked":"sneckomod:RainOfDice","floor":4.0},{"not_picked":["sneckomod:UnknownBlock","sneckomod:SoulRoll"],"picked":"sneckomod:PureSnecko","floor":8.0},{"not_picked":["sneckomod:UnknownEthereal","sneckomod:SoulExchange"],"picked":"sneckomod:SoulDraw","floor":9.0},{"not_picked":["sneckomod:WideSting","sneckomod:DiceBlock","sneckomod:Unknown1Cost"],"picked":"SKIP","floor":11.0},{"not_picked":["sneckomod:SoulExchange","sneckomod:UnknownClassPURPLE"],"picked":"sneckomod:Cheat","floor":12.0},{"not_picked":["sneckomod:UnknownVulnerable","sneckomod:SoulRoll"],"picked":"sneckomod:ImprovisedAttack","floor":13.0},{"not_picked":["sneckomod:UnknownClassSLIMEBOUND","sneckomod:DiceBlock","sneckomod:DiceCrush"],"picked":"SKIP","floor":14.0},{"not_picked":["sneckomod:DangerNoodle","sneckomod:IronFang"],"picked":"sneckomod:UnknownBlock","floor":15.0},{"not_picked":["sneckomod:Unknown3Cost","sneckomod:Cheat"],"picked":"sneckomod:UnknownRareSkill","floor":16.0},{"not_picked":["sneckomod:SoulRoll","sneckomod:UnknownExhaust"],"picked":"sneckomod:UnknownBlock","floor":19.0},{"not_picked":["sneckomod:WideSting","sneckomod:UnknownWeak+1"],"picked":"sneckomod:UnknownDexterity+1","floor":20.0},{"not_picked":["sneckomod:SoulRoll","sneckomod:Unknown1Cost"],"picked":"sneckomod:SnekBeam+1","floor":22.0},{"not_picked":["sneckomod:UnknownExhaust","sneckomod:UnlimitedRolls","sneckomod:SoulRoll"],"picked":"SKIP","floor":26.0},{"not_picked":["sneckomod:UnknownX","sneckomod:DiceCrush+1"],"picked":"sneckomod:QuickBite","floor":27.0},{"not_picked":["sneckomod:SoulRoll+1","sneckomod:UnknownClassGREEN"],"picked":"sneckomod:QuickBite+1","floor":29.0},{"not_picked":["sneckomod:Unknown0Cost","sneckomod:UnknownClassPURPLE"],"picked":"sneckomod:Nope","floor":31.0},{"not_picked":["sneckomod:SoulDraw","sneckomod:SoulRoll"],"picked":"sneckomod:QuickBite","floor":32.0},{"not_picked":["sneckomod:Cheat","sneckomod:Mudshield"],"picked":"sneckomod:MorePower","floor":33.0},{"not_picked":["sneckomod:UnknownClassPURPLE+1","sneckomod:UnknownColorless+1"],"picked":"sneckomod:Unknown3Cost+1","floor":36},{"not_picked":["sneckomod:DiceCrush","sneckomod:UnknownExhaust"],"picked":"sneckomod:QuickMove","floor":36},{"not_picked":["sneckomod:UnknownStrike+1","sneckomod:UnknownClassHEXA_GHOST_PURPLE+1"],"picked":"sneckomod:UnknownDexterity+1","floor":37},{"not_picked":["sneckomod:Cheat","sneckomod:DiceBoulder"],"picked":"sneckomod:QuickMove+1","floor":37},{"not_picked":["sneckomod:UnknownWeak+1","sneckomod:UnknownX+1"],"picked":"sneckomod:UnknownExhaust+1","floor":40},{"not_picked":["sneckomod:Nope+1","sneckomod:UnknownClassHEXA_GHOST_PURPLE+1"],"picked":"sneckomod:IronFang+1","floor":40},{"not_picked":["sneckomod:UnknownWeak+1","sneckomod:UnknownUncommonPower+1"],"picked":"sneckomod:Unknown1Cost+1","floor":42},{"not_picked":["sneckomod:UnknownCommonSkill+1","sneckomod:UnknownStrike","sneckomod:UnknownClassHEXA_GHOST_PURPLE"],"picked":"SKIP","floor":42},{"not_picked":["sneckomod:UnknownStrike+1","sneckomod:UnknownCommonAttack+1"],"picked":"sneckomod:UnknownUncommonAttack+1","floor":44},{"not_picked":["sneckomod:IronFang","sneckomod:Mudshield"],"picked":"sneckomod:UnknownStrength+1","floor":44},{"not_picked":["sneckomod:UnknownClassSLIMEBOUND+1","sneckomod:SnekBeam+1","sneckomod:UnknownDexterity"],"picked":"SKIP","floor":45},{"not_picked":["sneckomod:UnknownClassSLIMEBOUND+1","sneckomod:UnknownExhaust+1"],"picked":"sneckomod:DiceCrush+1","floor":48},{"not_picked":["sneckomod:UnknownDexterity+1","sneckomod:Unknown2Cost+1"],"picked":"sneckomod:Unknown3Cost+1","floor":49},{"not_picked":["sneckomod:UnknownCommonAttack+1","sneckomod:SnakeSap"],"picked":"sneckomod:MasterEye","floor":49},{"not_picked":["sneckomod:UnknownEthereal+1","sneckomod:UnknownDexterity+1"],"picked":"sneckomod:UnknownUncommonPower+1","floor":52},{"not_picked":["sneckomod:UnknownVulnerable","sneckomod:DiceCrush"],"picked":"sneckomod:UnknownDexterity+1","floor":52}],"player_experience":2127246,"relics_obtained":[{"floor":7.0,"key":"Vajra"},{"floor":9.0,"key":"Shuriken"},{"floor":12.0,"key":"War Paint"},{"floor":14.0,"key":"CeramicFish"},{"floor":27.0,"key":"Ancient Tea Set"},{"floor":39,"key":"Toy Ornithopter"},{"floor":52,"key":"Dead Branch"}],"event_choices":[{"damage_healed":0.0,"max_hp_gain":0.0,"max_hp_loss":0.0,"gold_gain":0.0,"event_name":"Ghosts","player_choice":"Ignored","floor":28.0,"gold_loss":0.0,"damage_taken":0.0},{"cards_removed":["sneckomod:UnknownClassHEXA_GHOST_PURPLE"],"damage_healed":0,"gold_gain":0,"player_choice":"Purged","damage_taken":0,"max_hp_gain":0,"max_hp_loss":0,"event_name":"Purifier","floor":46,"gold_loss":0}],"is_beta":false,"boss_relics":[{"not_picked":["Empty Cage","Calling Bell"],"picked":"Pandora\u0027s Box"},{"not_picked":["Runic Pyramid","Black Star"],"picked":"Cursed Key"}],"items_purged_floors":[40,44],"is_endless":false,"potions_floor_spawned":[4,8,13,15,16,20,22,31,33,45,49,52],"ascension_level":1}}