{"host":"fdq5pmhluajjrf8d","time":1609807633,"event":{"mods":["BaseMod","Minty Spire (QoL Compilation)"],"gold_per_floor":[116,65,65,78,94,126,138,138,187,201,201,201,232,232,232,309,309,283,116,116,129,141,141,104,104,172,192,192,206,206,206],"floor_reached":30,"playtime":1517,"items_purged":[],"score":468,"play_id":"de3c321d-3d0a-4920-9dde-b127f2cc1071","local_time":"20210104194713","is_ascension_mode":true,"campfire_choices":[{"data":"Noxious Fumes","floor":8.0,"key":"SMITH"},{"floor":11.0,"key":"REST"},{"data":"Bouncing Flask","floor":15.0,"key":"SMITH"},{"floor":23,"key":"REST"},{"data":"Footwork","floor":25,"key":"SMITH"}],"circlet_count":0,"master_deck":["AscendersBane","Strike_G","Strike_G","Strike_G","Defend_G","Defend_G","Defend_G","Defend_G","Survivor","Neutralize","Noxious Fumes+1","Bane","Crippling Poison","Neutralize","Deadly Poison","PiercingWail","PiercingWail","Well Laid Plans","Bouncing Flask+1","Doppelganger","Catalyst","Footwork+1","Infinite Blades","Blur","Accuracy","Heel Hook","Caltrops","Predator"],"relics":["Ring of the Snake","Mummified Hand","Omamori","Boot","Art of War","Snecko Eye","Toxic Egg 2"],"acts_visited":["Exordium","TheCity"],"potions_floor_usage":[22,29,29,30],"damage_taken":[{"damage":3.0,"enemies":"Small Slimes","floor":1.0,"turns":5.0},{"damage":4.0,"enemies":"Cultist","floor":4.0,"turns":4.0},{"damage":7.0,"enemies":"Jaw Worm","floor":5.0,"turns":4.0},{"damage":17.0,"enemies":"3 Sentries","floor":6.0,"turns":6.0},{"damage":3.0,"enemies":"Large Slime","floor":7.0,"turns":5.0},{"damage":4.0,"enemies":"3 Louse","floor":10.0,"turns":4.0},{"damage":15.0,"enemies":"Lagavulin","floor":13.0,"turns":5.0},{"damage":16.0,"enemies":"Hexaghost","floor":16.0,"turns":9.0},{"damage":13.0,"enemies":"2 Thieves","floor":18.0,"turns":4.0},{"damage":0,"enemies":"Spheric Guardian","floor":21,"turns":2},{"damage":20,"enemies":"Centurion and Healer","floor":22,"turns":5},{"damage":8,"enemies":"Snecko","floor":27,"turns":4},{"damage":4,"enemies":"Cultist and Chosen","floor":29,"turns":5},{"damage":43,"enemies":"Slavers","floor":30,"turns":3}],"seed_played":"1961228312056795757","potions_obtained":[{"floor":1.0,"key":"Explosive Potion"},{"floor":4.0,"key":"CunningPotion"},{"floor":7.0,"key":"SkillPotion"},{"floor":10.0,"key":"DuplicationPotion"},{"floor":16.0,"key":"Block Potion"},{"floor":18.0,"key":"Ancient Potion"},{"floor":22,"key":"Explosive Potion"},{"floor":29,"key":"SkillPotion"}],"is_trial":false,"path_per_floor":["M","$","?","M","M","E","M","R","T","M","R","?","E","?","R","B",null,"M","$","?","M","M","R","$","R","T","M","?","M","E"],"character_chosen":"THE_SILENT","items_purchased":["Bane","Catalyst","Footwork","Accuracy"],"campfire_rested":2,"item_purchase_floors":[2,19,19,24],"current_hp_per_floor":[62,62,62,58,51,34,31,31,31,27,48,48,33,33,33,17,58,45,45,45,45,25,46,46,46,46,38,38,34,0,0],"gold":206,"neow_bonus":"TEN_PERCENT_HP_BONUS","is_daily":false,"chose_seed":false,"campfire_upgraded":3,"win_rate":0.0,"timestamp":1609807633,"path_taken":["M","$","?","?","M","E","M","R","T","M","R","?","E","?","R","BOSS","M","$","?","?","M","R","?","R","T","M","?","M","E"],"items_purchased_type":["Card","Card","Card","Card"],"build_version":"2020-12-22","purchased_purges":0,"victory":false,"max_hp_per_floor":[72,72,72,72,72,72,72,72,72,72,72,72,72,72,72,72,72,72,72,72,72,72,72,72,72,72,72,72,72,72,72],"card_choices":[{"not_picked":["Concentrate","Prepared"],"picked":"Noxious Fumes","floor":1.0},{"not_picked":["Leg Sweep","Dagger Throw"],"picked":"Deadly Poison","floor":4.0},{"not_picked":["Deadly Poison","Dodge and Roll"],"picked":"PiercingWail","floor":5.0},{"not_picked":["All Out Attack","Concentrate","Grand Finale"],"picked":"SKIP","floor":6.0},{"not_picked":["Cloak And Dagger","Endless Agony"],"picked":"PiercingWail","floor":7.0},{"not_picked":["Skewer","Dodge and Roll"],"picked":"Well Laid Plans","floor":10.0},{"not_picked":["Backstab","Eviscerate"],"picked":"Bouncing Flask","floor":13.0},{"not_picked":["Grand Finale","Bullet Time"],"picked":"Doppelganger","floor":16.0},{"not_picked":["Terror","Setup","Bouncing Flask"],"picked":"SKIP","floor":18.0},{"not_picked":["Poisoned Stab","Quick Slash","Dash"],"picked":"SKIP","floor":21},{"not_picked":["Dodge and Roll+1","Expertise"],"picked":"Blur","floor":22},{"not_picked":["Quick Slash","Tactician+1","Deflect+1"],"picked":"SKIP","floor":27},{"not_picked":["Flying Knee","Blade Dance+1"],"picked":"Predator","floor":29}],"player_experience":1899026,"relics_obtained":[{"floor":6.0,"key":"Mummified Hand"},{"floor":9.0,"key":"Omamori"},{"floor":13.0,"key":"Art of War"},{"floor":26,"key":"Toxic Egg 2"}],"event_choices":[{"damage_healed":0.0,"max_hp_gain":0.0,"max_hp_loss":0.0,"gold_gain":0.0,"event_name":"Match and Keep!","player_choice":"2 cards matched","floor":3.0,"gold_loss":0.0,"damage_taken":0.0,"cards_obtained":["Crippling Poison","Neutralize"]},{"damage_healed":0.0,"max_hp_gain":0.0,"max_hp_loss":0.0,"gold_gain":0.0,"event_name":"Dead Adventurer","player_choice":"Searched \u00271\u0027 times","floor":12.0,"gold_loss":0.0,"damage_taken":0.0,"relics_obtained":["Boot"]},{"damage_healed":0.0,"max_hp_gain":0.0,"max_hp_loss":0.0,"gold_gain":0.0,"event_name":"Scrap Ooze","player_choice":"Fled","floor":14.0,"gold_loss":0.0,"damage_taken":0.0},{"damage_healed":0,"gold_gain":0,"cards_transformed":["Strike_G"],"player_choice":"Transformed","damage_taken":0,"max_hp_gain":0,"max_hp_loss":0,"event_name":"Transmorgrifier","floor":20,"gold_loss":0,"cards_obtained":["Infinite Blades"]},{"damage_healed":0,"gold_gain":0,"cards_transformed":["Strike_G","Defend_G"],"player_choice":"Became Test Subject","damage_taken":0,"max_hp_gain":0,"max_hp_loss":0,"event_name":"Drug Dealer","floor":28,"gold_loss":0,"cards_obtained":["Heel Hook","Caltrops"]}],"is_beta":false,"boss_relics":[{"not_picked":["HoveringKite","WristBlade"],"picked":"Snecko Eye"}],"items_purged_floors":[],"is_endless":false,"potions_floor_spawned":[1,4,7,10,16,18,22,29],"killed_by":"Slavers","ascension_level":19}}