{"host":"yxzbjgn8r2ozgaoi","time":1609859999,"event":{"mods":["Act Like it!","BaseMod","CapriCore","Chen","Friendly Minions","Gensokyo","Hallownest","KinomotoSakuraMod(木之本樱)","Kiyohime（清姬）","Koishi","Lobotomy","LobotomyExtend","Marisa（F雨　魔理沙）","Minty Spire (QoL Compilation)","Prisma Mod","Quick Restart","Reimu（博丽灵梦）","Remilia（蕾米莉亚）","Replay The Spire","SOS（斯巴达之子）","StSLib","The Animator","The Bug Knight","The Immortal","Youmu（魂魄妖梦）","Yuyuko","【功能Mod】聪明的最终Boss","篝火指南"],"gold_per_floor":[117,117,129,140,152,152,152,152],"floor_reached":7,"playtime":354,"items_purged":[],"score":43,"play_id":"d1365a97-3056-497b-a202-7429156d3047","local_time":"20210105231959","is_ascension_mode":false,"campfire_choices":[{"data":"AsuraSword","floor":6,"key":"SMITH"}],"circlet_count":0,"master_deck":["Strike_YM","Strike_YM","Strike_YM","Strike_YM","Defend_YM","Defend_YM","Defend_YM","Defend_YM","SlashOfPresentWorld","WheelOfPainOfLivingAndDead","Mercenary","CherryBlossomFlashing","LongBird","HumanKnowledgeSword","AsuraSword+1","FairyFestival","PhosphoricSlash"],"relics":["HalfPhantom","CogitoBucket","LetterFromLob"],"acts_visited":["Exordium"],"potions_floor_usage":[7],"damage_taken":[{"damage":10,"enemies":"Small Slimes","floor":1,"turns":4},{"damage":4,"enemies":"Cultist","floor":3,"turns":4},{"damage":7,"enemies":"Jaw Worm","floor":4,"turns":3},{"damage":16,"enemies":"3 Louse","floor":5,"turns":4},{"damage":50,"enemies":"Gremlin Nob","floor":7,"turns":3}],"seed_played":"1341981655468968551","potions_obtained":[{"floor":1,"key":"BlessingOfTheForge"},{"floor":4,"key":"BlessingOfTheForge"},{"floor":5,"key":"CausticAgent"}],"is_trial":false,"path_per_floor":["M","?","M","M","M","R","E"],"character_chosen":"YOUMU","items_purchased":[],"campfire_rested":0,"item_purchase_floors":[],"current_hp_per_floor":[65,75,71,64,48,48,0,0],"gold":152,"neow_bonus":"","is_daily":false,"chose_seed":false,"campfire_upgraded":1,"win_rate":0.0,"timestamp":1609859999,"path_taken":["M","?","M","M","M","R","E"],"items_purchased_type":[],"build_version":"2020-12-22","purchased_purges":0,"victory":false,"max_hp_per_floor":[75,75,75,75,75,75,75,75],"card_choices":[{"not_picked":["Murderer","WhitesApple"],"picked":"Mercenary","floor":1},{"not_picked":["SpiderLilyBurial","PreachingAvici"],"picked":"CherryBlossomFlashing","floor":1},{"not_picked":["SpiderBud","UniverseFragment"],"picked":"LongBird","floor":3},{"not_picked":["ObsessionWithThePresentWorld","GhostSword"],"picked":"HumanKnowledgeSword","floor":3},{"not_picked":["Murderer","SpiderBud","BeautyBeast"],"picked":"Singing Bowl","floor":4},{"not_picked":["ObsessionSword","SwordExtraction"],"picked":"AsuraSword","floor":4},{"not_picked":["UniverseFragment","Bloodbath"],"picked":"FairyFestival","floor":5},{"not_picked":["ObsessionSword","SlashOfMeditation"],"picked":"PhosphoricSlash","floor":5}],"player_experience":148211,"relics_obtained":[{"floor":1,"key":"LetterFromLob"}],"event_choices":[{"damage_healed":10,"gold_gain":0,"player_choice":"Full Heal","damage_taken":0,"max_hp_gain":0,"max_hp_loss":0,"event_name":"Wheel of Change","floor":2,"gold_loss":0}],"is_beta":false,"boss_relics":[],"items_purged_floors":[],"is_endless":false,"potions_floor_spawned":[1,4,5],"killed_by":"Gremlin Nob","ascension_level":0}}