{"host":"8anlmvy5ylhozj27","time":1609850735,"event":{"mods":["2.2 Compatiblity","Act Like it!","Aspiration","BaseMod","Best Route Mod","Better Match","Better Note","Better Skull","Better Third Choice","BetterRewards","Block Reminder","Colored Map","Colored Powertips","Conspire","Duelist Mod","Energized Spire","GifTheSpireLib","Gold Saver","Halation","Hermit","Highlight Path","Hubris","Infinite Spire","Ironclad Rager","Minty Spire (QoL Compilation)","Permanent Neow","Quick Restart","Rare Cards Sparkle","Replay The Spire","Spicy Shops","StSLib","Stuff the Spire","The Bladedancer","The Blue Laboratory","The Disciple","The Exalted","The Necromancer","The Sage","Transform Curses","Wandering Minibosses","vexMod"],"gold_per_floor":[111,286,297,313,388,418,438,438,438],"floor_reached":8,"playtime":1058,"items_purged":["Defend_G"],"score":58,"play_id":"2e362cfa-c1b3-4a67-b5eb-4036378a502b","local_time":"20210105134535","is_ascension_mode":false,"campfire_choices":[],"circlet_count":0,"master_deck":["Strike_G","Strike_G","Strike_G","Strike_G","Strike_G","Defend_G","Defend_G","Defend_G","Defend_G","Survivor","Neutralize","Dash","Infinite Blades","Clumsy","Quick Slash","Doubt","Cloak And Dagger","Bane","Quick Slash","Infinite Blades"],"relics":["halation:PapillonHeart","sagemod:Blowpipe","infinitespire:Chaos","Bromod:ArcaneVictory","hubris:Metronome","halation:VictoryRuler"],"acts_visited":["Exordium"],"potions_floor_usage":[7,7,8],"damage_taken":[{"damage":2,"enemies":"Cultist","floor":1,"turns":4},{"damage":0,"enemies":"Small Slimes","floor":3,"turns":3},{"damage":0,"enemies":"2 Louse","floor":4,"turns":2},{"damage":18,"enemies":"3 Sentries","floor":6,"turns":9},{"damage":15,"enemies":"Gremlin Gang","floor":7,"turns":5},{"damage":10,"enemies":"Gremlin Nob","floor":8,"turns":3}],"seed_played":"2752959586130954317","potions_obtained":[{"floor":1,"key":"blueLaboratory:EnragingPotion"},{"floor":3,"key":"blueLaboratory:HorrorPotion"},{"floor":7,"key":"Languid Potion"}],"is_trial":false,"path_per_floor":["M","?","M","M","?","E","M","E"],"character_chosen":"THE_SILENT","items_purchased":["Dash","Infinite Blades","Replay:Baseball","infinitespire:Chaos","Bromod:ArcaneVictory","hubris:Metronome"],"campfire_rested":0,"item_purchase_floors":[0,0,0,0,0,0],"current_hp_per_floor":[37,37,39,41,30,15,4,0,0],"gold":438,"neow_bonus":"","is_daily":false,"chose_seed":false,"campfire_upgraded":0,"win_rate":0.0,"timestamp":1609850735,"path_taken":["M","?","M","M","?","E","M","E"],"items_purchased_type":["Card","Card","Relic","Relic","Relic","Relic"],"build_version":"2020-12-22","purchased_purges":1,"victory":false,"max_hp_per_floor":[70,70,70,70,70,70,70,70,70],"card_choices":[{"not_picked":["StuffTheSpire:Repulse","Blade Dance"],"picked":"Quick Slash","floor":1},{"not_picked":["Draining Mist","StuffTheSpire:ClusterCrunch"],"picked":"Cloak And Dagger","floor":3},{"not_picked":["Dodge and Roll","Calculated Gamble"],"picked":"Bane","floor":4},{"not_picked":["Reflex","Hidden Blade"],"picked":"Quick Slash","floor":6},{"not_picked":["Accuracy","StuffTheSpire:BumpUp"],"picked":"Infinite Blades","floor":7}],"player_experience":130169,"relics_obtained":[{"floor":6,"key":"halation:VictoryRuler"}],"event_choices":[{"damage_healed":0,"gold_gain":175,"player_choice":"AGREE","damage_taken":111,"max_hp_gain":0,"max_hp_loss":0,"event_name":"betterThird:BetterSerpent","floor":2,"gold_loss":0},{"damage_healed":0,"gold_gain":75,"player_choice":"Gold","damage_taken":11,"max_hp_gain":0,"max_hp_loss":0,"event_name":"betterThird:BetterGoop","floor":5,"gold_loss":0}],"is_beta":false,"boss_relics":[],"items_purged_floors":[0],"is_endless":false,"potions_floor_spawned":[1,3,7],"killed_by":"Gremlin Nob","ascension_level":0}}