{"host":"b27nfues4ccs4ehp","time":1609806027,"event":{"mods":["BaseMod","BetterRewards","Card Forge","Colored Powertips","Custom Start","Friendly Minions","Highlight Path","Hubris","Infinite Spire","Minty Spire (QoL Compilation)","Replay The Spire","StSLib","The Animator","The Necromancer"],"gold_per_floor":[116,127,127,142,153,153,184,203,203,222,242,242,256,256,256,359,359,371,360,110,110,129,129,129,129,129,129],"floor_reached":26,"playtime":3054,"items_purged":[],"score":212,"play_id":"15bd767d-2c62-4eb2-a8e4-ac9dc9084fc3","local_time":"20210104162027","is_ascension_mode":false,"campfire_choices":[{"floor":6.0,"key":"REST"},{"floor":12.0,"key":"REST"},{"floor":15.0,"key":"REST"},{"floor":23.0,"key":"REST"}],"circlet_count":0,"master_deck":["Strike_P+1","Strike_P","Strike_P","Strike_P+1","Defend_P","Defend_P","Defend_P","Defend_P","Eruption","Vigilance+1","SashWhip","Crescendo","Replay:Fractal Strike","Pray+1","Evaluate","EmptyBody","ClearTheMind","SashWhip","CutThroughFate","Replay:Anticipation","Ragnarok","Swivel","Perseverance","GremboGang","infinitespire:Collect","infinitespire:Starlight","Prostrate"],"relics":["PureWater","Seething Fire","Hammer of Thor","Anvil of the Gods","Whetstone","Bottled Flame","Honey Jar"],"acts_visited":["TheCity"],"potions_floor_usage":[],"damage_taken":[{"damage":0.0,"enemies":"2 Louse","floor":1.0,"turns":2.0},{"damage":0.0,"enemies":"Cultist","floor":2.0,"turns":2.0},{"damage":0.0,"enemies":"infinitespire:Voidling","floor":4.0,"turns":3.0},{"damage":7.0,"enemies":"Exordium Wildlife","floor":5.0,"turns":4.0},{"damage":14.0,"enemies":"Lagavulin","floor":7.0,"turns":5.0},{"damage":0.0,"enemies":"Looter","floor":8.0,"turns":2.0},{"damage":21.0,"enemies":"Large Slime","floor":10.0,"turns":7.0},{"damage":15.0,"enemies":"Gremlin Gang","floor":11.0,"turns":5.0},{"damage":3.0,"enemies":"Looter","floor":13.0,"turns":2.0},{"damage":52.0,"enemies":"Fading Forest","floor":16.0,"turns":11.0},{"damage":30.0,"enemies":"3 Byrds","floor":18.0,"turns":6.0},{"damage":3.0,"enemies":"2 Thieves","floor":19.0,"turns":4.0},{"damage":21.0,"enemies":"Snake Plant","floor":22.0,"turns":5.0},{"damage":6,"enemies":"Gremlin Leader","floor":26,"turns":1}],"seed_played":"8126876225662113021","potions_obtained":[{"floor":2.0,"key":"AttackPotion"},{"floor":5.0,"key":"LiquidBronze"},{"floor":7.0,"key":"Elixir"},{"floor":8.0,"key":"Dexterity Potion"},{"floor":19.0,"key":"Cursed Concoction"}],"is_trial":false,"path_per_floor":["M","M","?","M","M","R","E","M","T","M","M","R","M","?","R","B",null,"M","M","?","AVR","M","R","PTL","PTL","E"],"character_chosen":"WATCHER","items_purchased":[],"campfire_rested":4,"item_purchase_floors":[],"current_hp_per_floor":[72,72,54,54,47,68,54,54,54,33,18,39,36,22,43,9,72,42,39,39,39,28,49,49,49,43,43],"gold":129,"neow_bonus":"RANDOM_COMMON_RELIC","is_daily":false,"chose_seed":false,"campfire_upgraded":0,"win_rate":0.0,"timestamp":1609806027,"path_taken":["M","M","?","?","M","R","E","M","T","?","M","R","M","?","R","BOSS","M","M","?","AVR","M","R","PTL","PTL","E"],"items_purchased_type":[],"build_version":"2020-12-22","purchased_purges":0,"victory":false,"max_hp_per_floor":[72,72,72,72,72,72,72,72,72,72,72,72,72,72,72,72,72,72,72,72,72,72,72,72,72,72,72],"card_choices":[{"not_picked":["WheelKick","ClearTheMind"],"picked":"SashWhip","floor":1.0},{"not_picked":["ThirdEye","Prostrate"],"picked":"Crescendo","floor":2.0},{"not_picked":["infinitespire:Execution","ReplayTheSpireMod:??????????????????????"],"picked":"Replay:Fractal Strike","floor":3.0},{"not_picked":["Indignation","Worship"],"picked":"Pray","floor":4.0},{"not_picked":["ConjureBlade","Fasting2"],"picked":"Evaluate","floor":5.0},{"not_picked":["Replay:Cycle","Nirvana"],"picked":"EmptyBody","floor":7.0},{"not_picked":["Wallop","WindmillStrike"],"picked":"ClearTheMind","floor":8.0},{"not_picked":["Replay:ManipulateFuture","PathToVictory"],"picked":"SashWhip","floor":10.0},{"not_picked":["SignatureMove","ThirdEye"],"picked":"CutThroughFate","floor":11.0},{"not_picked":["Crescendo","Replay:BluntJabs"],"picked":"Replay:Anticipation","floor":13.0},{"not_picked":["LessonLearned","Replay:LoomingThreat"],"picked":"Ragnarok","floor":16.0},{"not_picked":["Consecrate","EmptyBody","Replay:ManipulateFuture+1"],"picked":"Swivel","floor":18.0},{"not_picked":["Evaluate","Crescendo","FlurryOfBlows+1"],"picked":"Perseverance","floor":19.0},{"not_picked":["CrushJoints","ThirdEye","Replay:BluntJabs"],"picked":"Prostrate","floor":22.0}],"player_experience":228792,"relics_obtained":[{"floor":7.0,"key":"Bottled Flame"}],"event_choices":[{"damage_healed":0.0,"max_hp_gain":0.0,"max_hp_loss":0.0,"gold_gain":0.0,"event_name":"Shining Light","player_choice":"Entered Light","floor":14.0,"gold_loss":0.0,"damage_taken":14.0,"cards_upgraded":["Pray","Vigilance"]}],"is_beta":false,"boss_relics":[{"not_picked":["hubris:Stopwatch","hubris:ScarierMask"],"picked":"Honey Jar"}],"items_purged_floors":[],"is_endless":false,"potions_floor_spawned":[2,5,7,8,11,13,19],"killed_by":"Gremlin Leader","ascension_level":0}}