{"host":"mydft8i2zzydgggw","time":1609863419,"event":{"mods":["AchievementEnabler","BaseMod","BetterRewards","Colored Map","Colored Powertips","DeckTracker","Keyboard Shortcuts","Minty Spire (QoL Compilation)","Quick Restart","Rare Cards Sparkle","StSLib","SuperFastMode","The Poker Player","everything is the same but u backflip on backflip"],"gold_per_floor":[110,110,110,1,25,63,63,88,88,188,207,282,282,300,300,426,426,426,426],"floor_reached":18,"playtime":326,"items_purged":["Defend_P"],"score":213,"play_id":"4a68ceae-cd56-44e6-be6f-f2ab81485103","local_time":"20210106011659","is_ascension_mode":true,"campfire_choices":[{"data":"Conclude","floor":7,"key":"SMITH"},{"data":"Eruption","floor":13,"key":"SMITH"},{"data":"Halt","floor":15,"key":"SMITH"}],"circlet_count":0,"master_deck":["Strike_P","Defend_P","Defend_P","Defend_P","Eruption+1","Vigilance","Pain","Adaptation","EmptyBody","Conclude+1","Prostrate","FlurryOfBlows+1","Halt+1","LessonLearned+1","SpiritShield+1","Ragnarok+1","JustLucky+1"],"relics":["PureWater","NeowsBlessing","Golden Idol","WarpedTongs","Letter Opener","Molten Egg 2","Astrolabe"],"acts_visited":["Exordium","TheCity"],"potions_floor_usage":[11,16,16],"damage_taken":[{"damage":0,"enemies":"Jaw Worm","floor":1,"turns":1},{"damage":0,"enemies":"Cultist","floor":5,"turns":1},{"damage":2,"enemies":"3 Sentries","floor":6,"turns":2},{"damage":3,"enemies":"Small Slimes","floor":8,"turns":2},{"damage":4,"enemies":"Red Slaver","floor":11,"turns":3},{"damage":2,"enemies":"3 Louse","floor":14,"turns":3},{"damage":28,"enemies":"Hexaghost","floor":16,"turns":8},{"damage":67,"enemies":"3 Byrds","floor":18,"turns":3}],"seed_played":"1073435751770497408","potions_obtained":[{"floor":1,"key":"LiquidBronze"},{"floor":6,"key":"SkillPotion"},{"floor":8,"key":"BlessingOfTheForge"}],"is_trial":false,"path_per_floor":["M","?","?","$","M","E","R","M","T","?","M","?","R","M","R","B",null,"M"],"character_chosen":"WATCHER","items_purchased":["Adaptation"],"campfire_rested":0,"item_purchase_floors":[4],"current_hp_per_floor":[72,67,67,67,67,65,65,62,62,62,58,47,47,45,45,17,67,0,0],"gold":426,"neow_bonus":"THREE_ENEMY_KILL","is_daily":false,"chose_seed":false,"campfire_upgraded":3,"win_rate":0.0,"timestamp":1609863419,"path_taken":["M","?","?","$","M","E","R","?","T","?","?","?","R","M","R","BOSS","M"],"items_purchased_type":["Card"],"build_version":"2020-12-22","purchased_purges":1,"victory":false,"max_hp_per_floor":[72,67,67,67,67,67,67,67,67,67,67,67,67,67,67,67,67,67,67],"card_choices":[{"not_picked":["LikeWater","WreathOfFlame","Crescendo"],"picked":"SKIP","floor":1},{"not_picked":["EmptyMind","Evaluate"],"picked":"EmptyBody","floor":5},{"not_picked":["CarveReality","Study"],"picked":"Conclude","floor":6},{"not_picked":["Fasting2","SashWhip"],"picked":"Prostrate","floor":8},{"not_picked":["SashWhip+1","ClearTheMind"],"picked":"FlurryOfBlows+1","floor":11},{"not_picked":["Crescendo","Perseverance"],"picked":"Halt","floor":14},{"not_picked":["Ragnarok+1","DeusExMachina"],"picked":"LessonLearned+1","floor":16}],"player_experience":107115,"relics_obtained":[{"floor":6,"key":"Letter Opener"},{"floor":9,"key":"Molten Egg 2"}],"event_choices":[{"damage_healed":0,"gold_gain":0,"player_choice":"Lose Max HP","damage_taken":0,"relics_obtained":["Golden Idol"],"max_hp_gain":0,"max_hp_loss":5,"event_name":"Golden Idol","floor":2,"gold_loss":0},{"damage_healed":0,"gold_gain":0,"player_choice":"Rummage","damage_taken":0,"relics_obtained":["WarpedTongs"],"max_hp_gain":0,"max_hp_loss":0,"event_name":"Accursed Blacksmith","floor":3,"gold_loss":0,"cards_obtained":["Pain"]},{"damage_healed":0,"gold_gain":100,"player_choice":"Pray","damage_taken":0,"max_hp_gain":0,"max_hp_loss":0,"event_name":"Golden Shrine","floor":10,"gold_loss":0},{"damage_healed":0,"gold_gain":75,"player_choice":"Gather Gold","damage_taken":11,"max_hp_gain":0,"max_hp_loss":0,"event_name":"World of Goop","floor":12,"gold_loss":0}],"is_beta":false,"boss_relics":[{"not_picked":["Velvet Choker","Runic Dome"],"picked":"Astrolabe"}],"items_purged_floors":[4],"is_endless":false,"potions_floor_spawned":[1,6,8],"killed_by":"3 Byrds","ascension_level":3}}