{"host":"5dk97cf2ubw2v967","time":1609859087,"event":{"mods":["AlwaysNeverKeys","BaseMod","Better Altar","Better Vampires","Block Reminder","Colored Powertips","Downfall","Googly Eyes","Highlight Path","Minty Spire (QoL Compilation)","Permanent Neow","Potion Indicator Mod","Quick Restart","Relic Filter","Relic Stats","Say the Spire","Spicy Shops","StSLib","Waifu the Spire","everything is the same but u backflip on backflip"],"gold_per_floor":[199,215,233,247,247,258,258,271,305,321,321,332,357,368,380,457,457,457,457,9,0,0,0,0,0,0,0,0,0,0,0,0,0,0,0,0,0,0,0,0,0,0,0,0,0,0,0,0,0,0,0,0],"floor_reached":50,"playtime":2903,"items_purged":[],"score":1355,"play_id":"0545fc07-8bea-47ea-b061-749f553c4f60","local_time":"20210105150447","is_ascension_mode":true,"campfire_choices":[{"data":"Guardian:TwinSlam","floor":1,"key":"SMITH"},{"floor":11,"key":"REST"},{"data":"Guardian:WalkerClaw","floor":18,"key":"SMITH"},{"data":"Guardian:AncientConstruct","floor":23,"key":"SMITH"},{"data":"Guardian:Harden","floor":28,"key":"SMITH"},{"data":"Guardian:Repulse","floor":30,"key":"SMITH"},{"data":"Guardian:Orbwalk","floor":35,"key":"SMITH"},{"floor":40,"key":"REST"},{"data":"Guardian:Suspension","floor":47,"key":"SMITH"}],"circlet_count":0,"master_deck":["AscendersBane","Guardian:Strike_Guardian","Guardian:Strike_Guardian","Guardian:Strike_Guardian","Guardian:Strike_Guardian","Guardian:Defend_Guardian","Guardian:Defend_Guardian","Guardian:Defend_Guardian","Guardian:Defend_Guardian","Guardian:CurlUp","Guardian:TwinSlam+1","Guardian:WalkerClaw+1","Guardian:VentSteam","Guardian:BronzeOrb","Guardian:BronzeOrb","Guardian:Suspension+1","Guardian:BronzeOrb","Guardian:Harden+1","Guardian:FloatingOrbs","Guardian:Incinerate","Guardian:AncientConstruct+1","Guardian:SpikerProtocol","Guardian:Repulse+1","Guardian:Orbwalk+1","Guardian:DecasProtection","Guardian:Aged","Guardian:PrismaticBarrier","Guardian:SentryBeam","Guardian:DecasProtection","Guardian:DecasProtection+1","expansioncontent:CaCaw","expansioncontent:CaCaw","expansioncontent:ManipulateTime","Guardian:Gem_White","Guardian:ChargeUp"],"relics":["Guardian:ModeShifter","Shuriken","Ice Cream","Pen Nib","Ectoplasm","Mummified Hand","Toolbox","Gremlin Horn","Bottled Lightning","Runic Pyramid","Guardian:StasisEgg","Du-Vu Doll","Bottled Tornado","Oddly Smooth Stone","Pantograph"],"acts_visited":["Exordium","TheCity","TheBeyond"],"potions_floor_usage":[9,13,20,26,29,33,50,50],"damage_taken":[{"damage":0,"enemies":"Small Slimes","floor":2,"turns":3},{"damage":1,"enemies":"Cultist","floor":3,"turns":3},{"damage":5,"enemies":"2 Louse","floor":4,"turns":3},{"damage":7,"enemies":"Large Slime","floor":6,"turns":5},{"damage":8,"enemies":"Exordium Thugs","floor":8,"turns":3},{"damage":18,"enemies":"3 Sentries","floor":9,"turns":9},{"damage":0,"enemies":"Blue Slaver","floor":10,"turns":3},{"damage":0,"enemies":"Lots of Slimes","floor":12,"turns":3},{"damage":8,"enemies":"Lagavulin","floor":13,"turns":4},{"damage":0,"enemies":"Exordium Wildlife","floor":14,"turns":2},{"damage":0,"enemies":"3 Louse","floor":15,"turns":2},{"damage":15,"enemies":"downfall:Ironclad","floor":16,"turns":5},{"damage":0,"enemies":"3 Byrds","floor":19,"turns":3},{"damage":0,"enemies":"downfall:FleeingMerchant","floor":20,"turns":4},{"damage":2,"enemies":"downfall:FleeingMerchant","floor":21,"turns":4},{"damage":12,"enemies":"Chosen","floor":22,"turns":3},{"damage":0,"enemies":"Gremlin Leader","floor":25,"turns":4},{"damage":0,"enemies":"Centurion and Healer","floor":26,"turns":4},{"damage":0,"enemies":"downfall:FleeingMerchant","floor":29,"turns":3},{"damage":0,"enemies":"Snake Plant","floor":31,"turns":3},{"damage":0,"enemies":"Cultist and Chosen","floor":32,"turns":3},{"damage":2,"enemies":"downfall:Defect","floor":33,"turns":5},{"damage":0,"enemies":"3 Shapes","floor":36,"turns":2},{"damage":0,"enemies":"Orb Walker","floor":37,"turns":3},{"damage":18,"enemies":"Mind Bloom Boss Battle","floor":39,"turns":6},{"damage":0,"enemies":"3 Darklings","floor":42,"turns":2},{"damage":0,"enemies":"Giant Head","floor":43,"turns":5},{"damage":1,"enemies":"Jaw Worm Horde","floor":44,"turns":3},{"damage":0,"enemies":"Nemesis","floor":45,"turns":5},{"damage":0,"enemies":"4 Shapes","floor":48,"turns":6},{"damage":0,"enemies":"Spire Growth","floor":49,"turns":4},{"damage":84,"enemies":"downfall:Silent","floor":50,"turns":4}],"seed_played":"1194092302106644749","potions_obtained":[{"floor":3,"key":"Dexterity Potion"},{"floor":6,"key":"FearPotion"},{"floor":10,"key":"LiquidMemories"},{"floor":13,"key":"SpeedPotion"},{"floor":22,"key":"LiquidMemories"},{"floor":26,"key":"hexamod:EctoCoolerPotion"},{"floor":31,"key":"LiquidBronze"},{"floor":32,"key":"Guardian:StasisDiscoveryPotion"},{"floor":37,"key":"SteroidPotion"}],"is_trial":false,"path_per_floor":["R","M","M","M","?","M","T","M","E","M","R","M","E","M","M","B",null,"R","M","$","$","M","R","T","E","M","?","R","$","R","M","M","B",null,"R","M","M","?","?","R","T","M","E","M","E","?","R","M","M","B"],"character_chosen":"GUARDIAN","items_purchased":["Mummified Hand","Toolbox"],"campfire_rested":2,"item_purchase_floors":[20,20],"current_hp_per_floor":[65,65,64,59,59,52,52,44,26,26,47,47,39,39,39,24,60,60,60,60,58,46,46,46,46,46,46,46,46,46,46,46,44,65,65,65,65,65,47,68,68,68,68,67,67,57,57,57,57,0,0,0],"gold":0,"neow_bonus":"HUNDRED_GOLD","is_daily":false,"chose_seed":false,"campfire_upgraded":7,"win_rate":0.0,"timestamp":1609859087,"path_taken":["R","M","M","M","?","?","T","M","E","M","R","?","E","M","M","BOSS","R","M","?","$","?","R","T","E","M","?","R","$","R","M","M","BOSS","R","M","M","?","?","R","T","M","E","M","E","?","R","M","M","BOSS"],"items_purchased_type":["Relic","Relic"],"build_version":"2020-12-22","purchased_purges":0,"victory":false,"max_hp_per_floor":[72,72,72,72,72,72,72,72,72,72,72,72,72,72,72,72,72,72,72,72,72,72,72,72,72,72,72,72,72,72,72,72,72,72,72,72,72,72,72,72,72,72,72,72,72,72,72,72,72,72,72,72],"relic_stats":{"Gremlin Horn":[14,14],"counters":[32,121],"Shuriken":[71],"Mummified Hand":[125],"Pantograph":15,"Pen Nib":[26],"Ectoplasm":715,"obtain_stats":[{"Ice Cream":9,"Gremlin Horn":24,"Guardian:StasisEgg":38,"Guardian:ModeShifter":0,"Oddly Smooth Stone":43,"Pen Nib":13,"Bottled Tornado":41,"Du-Vu Doll":39,"Shuriken":7,"Mummified Hand":20,"Pantograph":45,"Toolbox":20,"Ectoplasm":17,"Bottled Lightning":25,"Runic Pyramid":34},{"Ice Cream":6,"Gremlin Horn":16,"Guardian:StasisEgg":24,"Guardian:ModeShifter":0,"Oddly Smooth Stone":27,"Pen Nib":9,"Bottled Tornado":25,"Du-Vu Doll":25,"Shuriken":4,"Mummified Hand":14,"Pantograph":29,"Toolbox":14,"Ectoplasm":12,"Bottled Lightning":17,"Runic Pyramid":22},{"Ice Cream":26,"Gremlin Horn":59,"Guardian:StasisEgg":86,"Guardian:ModeShifter":0,"Oddly Smooth Stone":99,"Pen Nib":36,"Bottled Tornado":92,"Du-Vu Doll":92,"Shuriken":14,"Mummified Hand":52,"Pantograph":107,"Toolbox":52,"Ectoplasm":45,"Bottled Lightning":63,"Runic Pyramid":81}]},"card_choices":[{"not_picked":["Guardian:Repulse","Guardian:TemporalShield"],"picked":"Guardian:WalkerClaw","floor":2},{"not_picked":["Guardian:ChargeCore","Guardian:MultiBeam"],"picked":"Guardian:VentSteam","floor":3},{"not_picked":["Guardian:ChargeUp","Guardian:Recover"],"picked":"Guardian:BronzeOrb","floor":4},{"not_picked":["Guardian:RollAttack","Guardian:ChargeCore"],"picked":"Guardian:BronzeOrb","floor":6},{"not_picked":["Guardian:HyperBeam_Guardian","Guardian:CrystalBeam","Guardian:GuardianWhirl"],"picked":"SKIP","floor":8},{"not_picked":["Guardian:Recover","Guardian:Gem_Lightblue"],"picked":"Guardian:Suspension","floor":9},{"not_picked":["Guardian:PrimingBeam","Guardian:WalkerClaw"],"picked":"Guardian:BronzeOrb","floor":10},{"not_picked":["Guardian:ShieldSpikes","Guardian:Suspension"],"picked":"Guardian:Harden","floor":12},{"not_picked":["Guardian:BaubleBeam","Guardian:Recover"],"picked":"Guardian:FloatingOrbs","floor":13},{"not_picked":["Guardian:Gem_Red","Guardian:PiercingHide"],"picked":"Guardian:Gem_White","floor":14},{"not_picked":["Guardian:TemporalShield","Guardian:ShieldSpikes"],"picked":"Guardian:Incinerate","floor":15},{"not_picked":["Guardian:ExploitGems","Guardian:HyperBeam_Guardian"],"picked":"Guardian:AncientConstruct","floor":16},{"not_picked":["Guardian:TemporalStrike","Guardian:PiercingHide"],"picked":"Guardian:Gem_Lightblue","floor":19},{"not_picked":["Guardian:TemporalShield","Guardian:Recover"],"picked":"Guardian:SpikerProtocol","floor":20},{"not_picked":["Guardian:TimeCapacitor","Guardian:Incinerate"],"picked":"Guardian:Repulse","floor":21},{"not_picked":["Guardian:ChargeCore","Guardian:RollAttack+1"],"picked":"Guardian:Gem_Cyan","floor":22},{"not_picked":["Guardian:GuardianWhirl","Guardian:Preprogram"],"picked":"Guardian:Gem_Yellow","floor":25},{"not_picked":["Guardian:ChargeUp","Guardian:Suspension"],"picked":"Guardian:Orbwalk","floor":26},{"not_picked":["Guardian:Preprogram","Guardian:PrismaticBeam"],"picked":"Guardian:Gem_Orange","floor":29},{"not_picked":["Guardian:ShieldCharger","Guardian:ChargeCore"],"picked":"Guardian:DecasProtection","floor":31},{"not_picked":["Guardian:TimeCapacitor","Guardian:Orbwalk"],"picked":"Guardian:Gem_Yellow","floor":32},{"not_picked":["Guardian:GemFire","Guardian:GemFinder"],"picked":"Guardian:Gem_Orange","floor":33},{"not_picked":["Guardian:PiercingHide","Guardian:Planning","Guardian:Recover"],"picked":"SKIP","floor":36},{"not_picked":["Guardian:Gem_Lightblue","Guardian:WalkerClaw"],"picked":"Guardian:Gem_Red","floor":37},{"not_picked":["Guardian:Harden+1","Guardian:RollAttack"],"picked":"Guardian:PrismaticBarrier","floor":39},{"not_picked":["Guardian:Gem_Red","Guardian:VentSteam"],"picked":"Guardian:SentryBeam","floor":42},{"not_picked":["Guardian:PiercingHide","Guardian:TimeCapacitor"],"picked":"Guardian:DecasProtection","floor":43},{"not_picked":["Guardian:WalkerClaw","Guardian:TemporalStrike+1"],"picked":"Guardian:DecasProtection+1","floor":44},{"not_picked":["Guardian:Gem_Orange","Guardian:Incinerate","Guardian:TemporalShield"],"picked":"SKIP","floor":45},{"not_picked":["expansioncontent:HyperBeam","expansioncontent:YouAreMine"],"picked":"expansioncontent:CaCaw","floor":46},{"not_picked":["expansioncontent:HyperBeam","expansioncontent:SuperHexaguard"],"picked":"expansioncontent:CaCaw","floor":46},{"not_picked":["expansioncontent:FaceSlap","expansioncontent:HyperBeam"],"picked":"expansioncontent:ManipulateTime","floor":46},{"not_picked":["Guardian:MultiBeam","Guardian:Emergency"],"picked":"Guardian:Gem_White","floor":48},{"not_picked":["Guardian:Gem_Lightblue","Guardian:PiercingHide"],"picked":"Guardian:ChargeUp","floor":49}],"player_experience":1306222,"relics_obtained":[{"floor":7,"key":"Shuriken"},{"floor":9,"key":"Ice Cream"},{"floor":13,"key":"Pen Nib"},{"floor":24,"key":"Gremlin Horn"},{"floor":25,"key":"Bottled Lightning"},{"floor":39,"key":"Du-Vu Doll"},{"floor":41,"key":"Bottled Tornado"},{"floor":43,"key":"Oddly Smooth Stone"},{"floor":45,"key":"Pantograph"}],"event_choices":[],"is_beta":false,"boss_relics":[{"not_picked":["Black Star","Guardian:StasisSlotReductionRelic"],"picked":"Ectoplasm"},{"not_picked":["Calling Bell","Fusion Hammer"],"picked":"Runic Pyramid"}],"items_purged_floors":[],"is_endless":false,"potions_floor_spawned":[3,6,10,13,14,15,19,22,26,31,32,37,43,44],"killed_by":"downfall:Silent","ascension_level":20}}