{"host":"vhikgave70uorr7d","time":1609811023,"event":{"mods":["100% Spire Juice","AchievementEnabler","Act Like it!","Ascension Reborn","Ascension Unlocker","Bard","BaseMod","Beaked The Cultist","Better Altar","Better Match","Better Note","Better Sensory Stone","Better Skull","Better Third Choice","BetterRewards","ChefMod","Colored Powertips","Custom Start","Defuse TimeMaze Blight","Downfall","Elementarium","Energized Spire","Evolution","GifTheSpireLib","GungeonMod","Hallownest","Hermit","Hero for Fun","Highlight Path","Hubris","Infinite Spire","JesterMod","Luminous","Marisa????????","Melee Mod","Menagerie","Mimic Mod","Minty Spire (QoL Compilation)","MostiFishMod","Permanent Neow","Quick Restart","Rare Cards Sparkle","Relic Filter","Remove Card Discount Mod","Replay The Spire","Retaliation","Robot Space Explorer","Shade Mod","Shedinja","Small Relic Pack","Somnambulant","Spicy Shops","StSLib","Swap Starting Deck Mod","Td1madao Mod","The Accelerator","The Alterego","The Animator","The Bladedancer","The Blue Laboratory","The Bug Knight","The Construct","The Cursed","The Disciple","The Dragon Tamer","The Factory","The Gatherer","The Hayseed","The Hierophant","The Judge","The Mystic","The Necromancer","The Poker Player","The Runesmith","The Servant 0.9.4","The Vixen","The Wild Card","TheBandit","TheSwordswoman","TheVacant","Transform Curses"],"gold_per_floor":[117,163,0,0,26,26,26,26,57,89,89,60,36,36,36,134,134,150,163,163,163,194,209,239,462,462,475,475,501,501,520,520,615,615,626,626,551,569,489,489,509,509,509,509,509,542,554,104,104,104,104,104,404,432,432],"floor_reached":56,"playtime":5214,"items_purged":["HollowMod:QuickDashStart","HollowMod:QuickDashStart","HollowMod:QuickDashStart","HollowMod:NailStrikeStart","HollowMod:NailStrikeStart"],"score":1500,"play_id":"7fdef5dc-b764-49e5-9c26-a4db0f5b9185","local_time":"20210104204343","is_ascension_mode":true,"campfire_choices":[{"floor":15.0,"key":"REST"},{"floor":32.0,"key":"REST"},{"data":"Hallownest:attackMasterDashSlash","floor":40.0,"key":"SMITH"},{"floor":42.0,"key":"REST"},{"floor":44.0,"key":"REST"},{"data":"HollowMod:GreatSlash","floor":49.0,"key":"SMITH"},{"data":"HollowMod:SoulEater","floor":52.0,"key":"SMITH"}],"circlet_count":0,"master_deck":["HollowMod:DashSlash+1","HollowMod:NailStrikeStart+1","HollowMod:FocusHealStart+1","HollowMod:PogoStrike+1","HollowMod:PureNailStrike+1","HollowMod:GreatSlash+1","HollowMod:SoulSplash+1","HollowMod:ChannelNail+1","HollowMod:DashSlash+1","HollowMod:BaldurShell+1","HollowMod:GoodIntentions+1","HollowMod:GoodIntentions+1","HollowMod:SoulEater+1","HollowMod:HuntersJournal+1","HollowMod:SoulVessel+1","infinitespire:FutureSight+1","HollowMod:VengefulSpirit+1","HollowMod:SoulStrike+1","Pot Of Greed+1","Pot Of Greed+1","HollowMod:FastStrike+1","HollowMod:CornifersMapStart+1","HollowMod:VengefulSpirit+1","HollowMod:HeavyBlow+1","Pot Of Greed+1","HollowMod:ChannelNail+1","HollowMod:SoulSplash+1","Hallownest:attackMasterDashSlash+1","HollowMod:HuntersJournal+1","HollowMod:CoiledNail+1","HollowMod:CornifersMapStart+1","HollowMod:SoulEater+1","HollowMod:SoulEater+1","HollowMod:HuntersJournal+1","HollowMod:GreatSlash+1","HollowMod:RecoilStrike+1","Pot Of Greed+1","HollowMod:DoubleDash+1","HollowMod:BaldurShell+1","Madness+1","hubris:DuctTapeCard","HollowMod:DesolateDive+1"],"relics":["HollowMod:VesselMask","EVO:Axolotl","DaveBox","Brimstone","DSteel32","Juzu Bracelet","SynthV:TestCard","beaked:ShinyBauble","Blue Doll","Bag of Preparation","Hallownest:DreamNailRelic","Toy Ornithopter","Toxic Egg 2","hubris:Towel","beaked:MawFillet","Cauldron","infinitespire:EmpoweringShard","Grinning Jar","Potion Belt","PreservedInsect","DemoMod:OrangeGuonStone","Oddly Smooth Stone","OriginationStaff","ReplayTheSpireMod:DimensionalGlitch","ChiXiaoBlade","ChiXiaoBlade","hubris:HerbalPaste","hubris:SphereOfDissonance","relicPack:DSword","Blood Vial","BargainBundle","Strawberry","hubris:NiceRug","ReplayTheSpireMod:Ninjato","ReplayTheSpireMod:Shallot","Pen Nib","Toolbox","hubris:DuctTape","Anchor"],"acts_visited":["Hallownest:Greenpath","Hallownest:CityofTears","Hallownest:KingdomsEdge","TheEnding"],"potions_floor_usage":[55,55,55,55,55],"damage_taken":[{"damage":1.0,"enemies":"2_ Uuma","floor":1.0,"turns":3.0},{"damage":4.0,"enemies":"Hallownest:2_MossCreeps","floor":9.0,"turns":4.0},{"damage":0.0,"enemies":"Hallownest:eliteVengeflyKing","floor":10.0,"turns":4.0},{"damage":0.0,"enemies":"Hallownest:BossBrokenVessel","floor":16.0,"turns":6.0},{"damage":8.0,"enemies":"Hallownest:2_Mistakes","floor":18.0,"turns":4.0},{"damage":0.0,"enemies":"Hallownest:3_Youths","floor":19.0,"turns":4.0},{"damage":21.0,"enemies":"Hallownest:eliteSoulWarrior","floor":22.0,"turns":5.0},{"damage":0.0,"enemies":"Hallownest:3_Mistakes","floor":23.0,"turns":4.0},{"damage":3.0,"enemies":"Hallownest:Nosk","floor":24.0,"turns":4.0},{"damage":4.0,"enemies":"Hallownest:Master_and_Novice","floor":27.0,"turns":3.0},{"damage":0.0,"enemies":"Hallownest:eliteSoulWarrior","floor":29.0,"turns":2.0},{"damage":0.0,"enemies":"Hallownest:monsterShrumalOgre","floor":31.0,"turns":2.0},{"damage":5.0,"enemies":"Hallownest:BossSoulMaster","floor":33.0,"turns":3.0},{"damage":0.0,"enemies":"Hallownest:2_Littles","floor":35.0,"turns":2.0},{"damage":0.0,"enemies":"Hallownest:3_Siblings","floor":38.0,"turns":3.0},{"damage":21.0,"enemies":"Hallownest:2_Wing_and_1_Kings","floor":41.0,"turns":2.0},{"damage":0.0,"enemies":"Hallownest:eliteCollector","floor":46.0,"turns":2.0},{"damage":0.0,"enemies":"Hallownest:monsterPrimalAspid","floor":47.0,"turns":1.0},{"damage":53.0,"enemies":"Hallownest:BossHollowKnight","floor":50.0,"turns":3.0},{"damage":3.0,"enemies":"hubris:Merchant","floor":53.0,"turns":3.0},{"damage":0,"enemies":"Shield and Spear","floor":54,"turns":1},{"damage":10,"enemies":"The Heart","floor":55,"turns":6}],"seed_played":"-2513591323435602170","potions_obtained":[{"floor":10.0,"key":"SteroidPotion"},{"floor":19.0,"key":"ColorlessPotion"},{"floor":20.0,"key":"Swift Potion"},{"floor":20.0,"key":"blueLaboratory:LouseDecoction"},{"floor":22.0,"key":"blueLaboratory:FruitPreserves"},{"floor":23.0,"key":"Energy Potion"},{"floor":29.0,"key":"blueLaboratory:FrostheartPotion"},{"floor":31.0,"key":"Fire Potion"},{"floor":33.0,"key":"Fruit Juice"},{"floor":38.0,"key":"AttackPotion"},{"floor":46.0,"key":"Block Potion"},{"floor":53.0,"key":"hexamod:EctoCoolerPotion"},{"floor":53.0,"key":"PowerPotion"},{"floor":53.0,"key":"blueLaboratory:RememoryPotion"},{"floor":53.0,"key":"EssenceOfSteel"}],"is_trial":false,"path_per_floor":["M","?","$","?","T","?","$","?","MIM","E","?","$","$","?","R","B",null,"M","M","AVR","?","E","M","E","?","T","M","?","E","?","M","R","B",null,"M","AVR","?","M","?","R","M","R","T","R","?","E","M","$","R","B",null,"R","$","E","B",null],"character_chosen":"THE_BUGKNIGHT","items_purchased":["Blue Doll","HollowMod:GoodIntentions+1","HollowMod:SoulEater","BargainBundle","HollowMod:SoulEater","HollowMod:HuntersJournal+1","HollowMod:GreatSlash","HollowMod:RecoilStrike","Regen Potion","champ:CounterPotion","Strawberry"],"campfire_rested":4,"item_purchase_floors":[3,12,13,48,48,48,48,48,48,48,48],"current_hp_per_floor":[74,74,74,74,74,74,74,65,61,71,71,71,71,14,36,42,75,67,75,75,75,60,70,72,28,28,34,34,40,40,46,68,80,80,80,80,80,80,80,80,61,80,80,80,45,50,51,61,61,33,87,87,84,85,87],"gold":432,"neow_bonus":"TRANSFORM_CARD","is_daily":false,"chose_seed":false,"campfire_upgraded":3,"win_rate":0.0,"timestamp":1609811023,"path_taken":["M","?","?","?","?","?","$","?","MIM","E","?","?","$","?","R","BOSS","M","M","AVR","?","E","M","E","?","T","M","?","E","?","M","R","BOSS","M","AVR","?","M","?","R","M","R","T","R","?","E","M","?","R","BOSS","R","$","E","BOSS"],"items_purchased_type":["Relic","Card","Card","Relic","Card","Card","Card","Card","Potion","Potion","Relic"],"build_version":"2020-12-22","purchased_purges":5,"victory":true,"max_hp_per_floor":[75,75,75,75,75,75,75,75,75,75,75,75,75,75,75,75,75,75,75,75,75,75,75,75,75,75,75,75,75,75,75,75,80,80,80,80,80,80,80,80,80,80,80,80,80,80,80,87,87,87,87,87,87,87,87],"card_choices":[{"not_picked":["HollowMod:PureNailStrike","HollowMod:GoodIntentions"],"picked":"HollowMod:GreatSlash","floor":1.0},{"not_picked":["HollowMod:SiblingsSouls","HollowMod:DescendingDark","HollowMod:CoiledNail","HollowMod:CornifersMapStart"],"picked":"HollowMod:SoulSplash","floor":2.0},{"not_picked":["HollowMod:GoodIntentions","HollowMod:ShapeofUnn","HollowMod:QuirrelsAssistance","HollowMod:ShadowDash"],"picked":"HollowMod:ChannelNail","floor":2.0},{"not_picked":["HollowMod:InfectionAssault","HollowMod:InfectedAttack","HollowMod:WraithStrike","HollowMod:DoubleDash"],"picked":"HollowMod:DashSlash","floor":9.0},{"not_picked":["HollowMod:SoulSplash+1","HollowMod:SharpenedNail","HollowMod:InfectionAssault","HollowMod:AbyssShriek"],"picked":"HollowMod:BaldurShell","floor":10.0},{"not_picked":["HollowMod:HornetsHelp","HollowMod:ElderbugsWisdom","HollowMod:ZotesMagnificence","HollowMod:VoidDash+1"],"picked":"HollowMod:SlysStrikes","floor":16.0},{"not_picked":["HollowMod:SiblingsSouls+1","HollowMod:DungDefenderAura+1","HollowMod:SiblingsShadow+1","HollowMod:ZotesMagnificence"],"picked":"HollowMod:HuntersJournal+1","floor":18.0},{"not_picked":["HollowMod:theNailsmith+1","HollowMod:NewLittleFool+1","HollowMod:WraithStrike+1","HollowMod:SoulSplash+1"],"picked":"HollowMod:SoulVessel+1","floor":19.0},{"not_picked":["HollowMod:DreamGate+1","HollowMod:InfectionAssault+1","HollowMod:MonarchWings+1","HollowMod:CloakDash+1"],"picked":"HollowMod:VengefulSpirit","floor":22.0},{"not_picked":["HollowMod:Hiveblood+1","HollowMod:DoubleDash+1","HollowMod:VengefulSpirit","HollowMod:MonarchWings+1"],"picked":"HollowMod:SoulStrike+1","floor":23.0},{"not_picked":["HollowMod:CloakDash+1","HollowMod:CycloneSlash","HollowMod:WraithStrike+1","HollowMod:MothsMistake+1"],"picked":"HollowMod:FastStrike","floor":24.0},{"not_picked":["HollowMod:InfectedAttack+1","HollowMod:NewLittleFool","HollowMod:DreamGate+1","HollowMod:NewJinnsSoul+1"],"picked":"HollowMod:CornifersMapStart+1","floor":27.0},{"not_picked":["HollowMod:HowlingWraiths+1","HollowMod:PerfectDash+1","HollowMod:ChannelNail+1","HollowMod:SharpenedShadows+1"],"picked":"HollowMod:VengefulSpirit+1","floor":29.0},{"not_picked":["HollowMod:InfectedCysts+1","HollowMod:DoubleDash+1","HollowMod:CoiledNail","HollowMod:TaintedHusks+1"],"picked":"HollowMod:HeavyBlow+1","floor":31.0},{"not_picked":["HollowMod:NewInfectedGuardian+1","HollowMod:VoidDash+1","HollowMod:MidwifesHunger","HollowMod:theNailsmith+1"],"picked":"HollowMod:SoulMaster","floor":33.0},{"not_picked":["HollowMod:InfectedCysts","HollowMod:CloakDash+1","HollowMod:SharpenedNail","HollowMod:AbyssShriek+1"],"picked":"HollowMod:ChannelNail+1","floor":35.0},{"not_picked":["HollowMod:InfectedAttack+1","HollowMod:DoubleDash+1","HollowMod:NewGlowingWomb","HollowMod:HowlingWraiths+1"],"picked":"HollowMod:SoulSplash+1","floor":38.0},{"not_picked":["HollowMod:BaldurShell","HollowMod:NewJinnsSoul+1","HollowMod:DreamGate+1","HollowMod:InfectedAttack"],"picked":"HollowMod:HuntersJournal+1","floor":41.0},{"not_picked":["HollowMod:FallenFury","HollowMod:ChannelNail+1","HollowMod:MonarchWings+1","HollowMod:DungDefenderAura+1"],"picked":"HollowMod:CoiledNail+1","floor":46.0},{"not_picked":["HollowMod:LifebloodCocoon+1","HollowMod:DescendingDark+1","HollowMod:HeavyBlow+1","HollowMod:InfectedAttack+1"],"picked":"HollowMod:CornifersMapStart+1","floor":47.0},{"not_picked":[],"picked":"HollowMod:DoubleDash+1","floor":53.0},{"not_picked":[],"picked":"HollowMod:BaldurShell","floor":53.0},{"not_picked":[],"picked":"Madness+1","floor":53.0},{"not_picked":["HollowMod:InfectedAttack+1"],"picked":"SKIP","floor":53.0},{"not_picked":["HollowMod:FallenFury"],"picked":"SKIP","floor":53.0},{"not_picked":["HollowMod:MonarchWings+1"],"picked":"SKIP","floor":53.0},{"not_picked":["expansioncontent:Corrupt+1"],"picked":"SKIP","floor":53.0},{"not_picked":["HollowMod:SharpenedNail","HollowMod:GoodIntentions+1","HollowMod:DoubleDash+1","HollowMod:GrimmsGift+1"],"picked":"HollowMod:DesolateDive","floor":54}],"player_experience":386734,"relics_obtained":[{"floor":1.0,"key":"SynthV:TestCard"},{"floor":2.0,"key":"beaked:ShinyBauble"},{"floor":5.0,"key":"Bag of Preparation"},{"floor":9.0,"key":"Toy Ornithopter"},{"floor":10.0,"key":"Toxic Egg 2"},{"floor":22.0,"key":"infinitespire:EmpoweringShard"},{"floor":24.0,"key":"Grinning Jar"},{"floor":26.0,"key":"DemoMod:OrangeGuonStone"},{"floor":29.0,"key":"Oddly Smooth Stone"},{"floor":43.0,"key":"hubris:SphereOfDissonance"},{"floor":46.0,"key":"Blood Vial"},{"floor":53.0,"key":"ReplayTheSpireMod:Ninjato"},{"floor":53.0,"key":"ReplayTheSpireMod:Shallot"},{"floor":53.0,"key":"Pen Nib"},{"floor":53.0,"key":"Toolbox"},{"floor":53.0,"key":"hubris:DuctTape"},{"floor":54,"key":"Anchor"}],"event_choices":[{"damage_healed":0.0,"max_hp_gain":0.0,"max_hp_loss":0.0,"gold_gain":0.0,"event_name":"betterSkull:BetterSkull","player_choice":"UP UP UP UP ","floor":14.0,"gold_loss":0.0,"damage_taken":65.0,"cards_upgraded":["HollowMod:DashSlash","HollowMod:PogoStrike","HollowMod:FocusHealStart","HollowMod:SoulEater"],"relics_obtained":[]},{"damage_healed":0.0,"max_hp_gain":0.0,"max_hp_loss":0.0,"gold_gain":223.0,"event_name":"betterSkull:BetterSkull","player_choice":"GO GO RE RE ","floor":25.0,"gold_loss":0.0,"damage_taken":50.0,"cards_upgraded":[],"relics_obtained":["Potion Belt","PreservedInsect"]},{"damage_healed":0.0,"max_hp_gain":0.0,"max_hp_loss":0.0,"gold_gain":0.0,"event_name":"betterMatch:BetterMatch","player_choice":"2","floor":37.0,"gold_loss":0.0,"damage_taken":0.0,"cards_obtained":[]}],"is_beta":false,"boss_relics":[{"not_picked":["RhineCircuit","EE1DDrone"],"picked":"beaked:MawFillet"},{"not_picked":["relicPack:StarArrow","RhineSuit"],"picked":"ReplayTheSpireMod:DimensionalGlitch"}],"items_purged_floors":[3,3,3,3,3],"is_endless":false,"potions_floor_spawned":[10,19,22,23,29,31,33,38,46],"ascension_level":0}}