{"host":"usrgk25etjl0nf5i","time":1609816275,"event":{"mods":["2.2 Compatiblity","BaseMod","Downfall","Hubris","Minty Spire (QoL Compilation)","StSLib","SuperFastMode"],"gold_per_floor":[99,99,99,113,28,39,39,74,74,100,100,132,47,75,106,118,118,118],"floor_reached":16,"playtime":721,"items_purged":[],"score":208,"play_id":"a4058133-9c5d-4c01-9ee7-16769af12d80","local_time":"20210104191115","is_ascension_mode":true,"campfire_choices":[{"floor":1,"key":"RECALL"},{"floor":9,"key":"REST"}],"circlet_count":0,"master_deck":["AscendersBane","Guardian:Strike_Guardian","Guardian:Strike_Guardian","Guardian:Strike_Guardian","Guardian:Defend_Guardian","Guardian:Defend_Guardian","Guardian:Defend_Guardian","Guardian:CurlUp","Guardian:TwinSlam","Guardian:Gem_Purple","Guardian:Clone","Guardian:ArmoredProtocol","Guardian:BronzeArmor","Guardian:GatlingBeam","Guardian:Gem_Yellow","Guardian:Harden","Guardian:Suspension","Guardian:FloatingOrbs","Guardian:StasisEngine","Guardian:DecasProtection"],"relics":["Guardian:ModeShifter","Bronze Scales","sneckomod:BlankCard","Pear","hubris:CrystalStatue","Guardian:PocketSentry","hubris:CuriousFeather","MawBank"],"acts_visited":["Exordium"],"potions_floor_usage":[12,16,16],"damage_taken":[{"damage":0,"enemies":"Small Slimes","floor":4,"turns":4},{"damage":0,"enemies":"downfall:FleeingMerchant","floor":5,"turns":4},{"damage":5,"enemies":"Cultist","floor":6,"turns":4},{"damage":30,"enemies":"Lagavulin","floor":8,"turns":11},{"damage":11,"enemies":"Gremlin Nob","floor":10,"turns":5},{"damage":11,"enemies":"Lagavulin","floor":12,"turns":6},{"damage":3,"enemies":"downfall:FleeingMerchant","floor":13,"turns":4},{"damage":21,"enemies":"Gremlin Nob","floor":14,"turns":5},{"damage":12,"enemies":"Jaw Worm","floor":15,"turns":3},{"damage":4,"enemies":"downfall:Ironclad","floor":16,"turns":5}],"seed_played":"-236272530451844594","potions_obtained":[{"floor":4,"key":"sneckomod:MuddlingPotion"},{"floor":8,"key":"CultistPotion"},{"floor":10,"key":"PowerPotion"},{"floor":14,"key":"LiquidBronze"}],"is_trial":false,"path_per_floor":["R","?","?","M","$","M","T","E","R","E","?","E","$","E","M","B"],"character_chosen":"GUARDIAN","items_purchased":["Guardian:ArmoredProtocol","Guardian:FloatingOrbs"],"campfire_rested":1,"item_purchase_floors":[5,13],"current_hp_per_floor":[72,60,60,60,60,55,65,35,62,51,51,40,37,16,4,0,0,0],"gold":118,"neow_bonus":"RANDOM_COMMON_RELIC","is_daily":false,"chose_seed":false,"campfire_upgraded":0,"win_rate":0.0,"timestamp":1609816275,"path_taken":["R","?","?","?","$","M","T","E","R","E","?","E","$","E","M","BOSS"],"items_purchased_type":["Card","Card"],"build_version":"2020-12-22","purchased_purges":0,"victory":false,"max_hp_per_floor":[80,80,80,80,80,80,90,90,90,90,90,90,90,90,90,90,90,90],"card_choices":[{"not_picked":["Guardian:PolyBeam","Guardian:TemporalStrike"],"picked":"Guardian:Gem_Purple","floor":4},{"not_picked":["Guardian:SpikerProtocol","Guardian:PrimingBeam"],"picked":"Guardian:Clone","floor":5},{"not_picked":["Guardian:Gem_Red","Guardian:GuardianWhirl"],"picked":"Guardian:BronzeArmor","floor":6},{"not_picked":["Guardian:Planning","Guardian:WalkerClaw"],"picked":"Guardian:GatlingBeam","floor":8},{"not_picked":["Guardian:PrimingBeam","Guardian:Clone"],"picked":"Guardian:Gem_Yellow","floor":10},{"not_picked":["Guardian:Gem_Cyan","Guardian:Suspension"],"picked":"Guardian:Harden","floor":12},{"not_picked":["Guardian:TemporalShield","Guardian:ChargeCore"],"picked":"Guardian:Suspension","floor":13},{"not_picked":["Guardian:EvasiveProtocol","Guardian:CrystalBeam"],"picked":"Guardian:StasisEngine","floor":14},{"not_picked":["Guardian:Gem_Red","Guardian:Suspension"],"picked":"Guardian:DecasProtection","floor":15}],"player_experience":626357,"relics_obtained":[{"floor":7,"key":"Pear"},{"floor":8,"key":"hubris:CrystalStatue"},{"floor":10,"key":"Guardian:PocketSentry"},{"floor":12,"key":"hubris:CuriousFeather"},{"floor":14,"key":"MawBank"}],"event_choices":[{"damage_healed":0,"gold_gain":0,"player_choice":"Success","damage_taken":12,"relics_obtained":["sneckomod:BlankCard"],"max_hp_gain":0,"max_hp_loss":0,"event_name":"Scrap Ooze","floor":2,"gold_loss":0},{"cards_removed":["Guardian:Defend_Guardian"],"damage_healed":0,"gold_gain":0,"player_choice":"Offered Basic","damage_taken":0,"max_hp_gain":0,"max_hp_loss":0,"event_name":"Bonfire Elementals","floor":3,"gold_loss":0}],"is_beta":false,"boss_relics":[],"items_purged_floors":[],"is_endless":false,"potions_floor_spawned":[4,8,10,14],"killed_by":"downfall:Ironclad","ascension_level":13}}