{"host":"uoq8e77duj6rs50g","time":1609872596,"event":{"mods":["BaseMod","Better Match","Better Note","Better Third Choice","BetterRewards","Block Reminder","ChefMod","Curses Come First","Hermit","Hubris","Ironclad Rager","Minty Spire (QoL Compilation)","Relic Stats","Replay The Spire","Shade Mod","StSLib","The Blue Laboratory","The Cursed","The Dragon Tamer","The Exalted","The Judge","The Marked","The Runesmith","The Servant 0.9.4","TheSwordswoman"],"gold_per_floor":[116,116,116,116,131,158,58,58,83,108,108,141,160,179,179,278,278,295,295,295,313,327,327,427,456,456,467,259,259,279,294,294,294,294],"floor_reached":33,"playtime":4234,"items_purged":["Regret"],"score":303,"play_id":"44d4d364-a20c-4179-b068-cd725b93f9a7","local_time":"20210105134956","is_ascension_mode":true,"campfire_choices":[{"floor":8.0,"key":"REST"},{"floor":11.0,"key":"REST"},{"floor":15.0,"key":"REST"},{"floor":23.0,"key":"REST"},{"floor":29.0,"key":"REST"},{"floor":32,"key":"REST"}],"circlet_count":0,"master_deck":["Zap","Dualcast","ICR:ProbingStrike+1","ICR:ProbingStrike","ICR:ProbingStrike","ICR:ProbingStrike","ICR:AutoDefend","ICR:AutoDefend","ICR:AutoDefend","ICR:AutoDefend","Redo","Rage","Conserve Battery","Coolheaded","Streamline","ReplayTheSpireMod:Calculation Training","BasicCrystalCard","Double Energy","ReplayRNGCard+1","Leap","Sunder+1","Barrage+1","hubris:PowerSurge","Panic Button","ReplayTheSpireMod:Calculation Training+1","Beam Cell"],"relics":["Cracked Core","Letter Opener","hubris:TenFootPole","hubris:Icosahedron","Runesmith:Nanobots","Art of War","Anchor","Kunai","Inserter","Strawberry","Meat on the Bone","Whetstone"],"acts_visited":["Exordium","TheCity"],"potions_floor_usage":[33,33],"damage_taken":[{"damage":2.0,"enemies":"Jaw Worm","floor":1.0,"turns":4.0},{"damage":8.0,"enemies":"2 Louse","floor":5.0,"turns":2.0},{"damage":17.0,"enemies":"Lagavulin","floor":6.0,"turns":7.0},{"damage":12.0,"enemies":"3 Sentries","floor":12.0,"turns":7.0},{"damage":0.0,"enemies":"Small Slimes","floor":13.0,"turns":3.0},{"damage":0.0,"enemies":"Looter","floor":14.0,"turns":3.0},{"damage":45.0,"enemies":"Hexaghost","floor":16.0,"turns":13.0},{"damage":6.0,"enemies":"Shell Parasite","floor":18.0,"turns":9.0},{"damage":17.0,"enemies":"2 Thieves","floor":21.0,"turns":4.0},{"damage":17.0,"enemies":"Centurion and Healer","floor":22.0,"turns":10.0},{"damage":6.0,"enemies":"Book of Stabbing","floor":25.0,"turns":7.0},{"damage":10.0,"enemies":"Snake Plant","floor":27.0,"turns":4.0},{"damage":0.0,"enemies":"3 Cultists","floor":30.0,"turns":4.0},{"damage":8.0,"enemies":"Centurion and Healer","floor":31.0,"turns":8.0},{"damage":82,"enemies":"Pondfish","floor":33,"turns":14}],"seed_played":"-261710537145305576","potions_obtained":[{"floor":13.0,"key":"Venom Potion"},{"floor":16.0,"key":"Weak Potion"},{"floor":21.0,"key":"blueLaboratory:ImpenetrablePotion"}],"is_trial":false,"path_per_floor":["M","?","?","?","M","E","$","R","T","T","R","E","M","M","R","B",null,"M","$","?","M","M","R","?","E","T","M","$","R","M","M","R","B"],"character_chosen":"DEFECT","items_purchased":["Streamline","Whetstone","ReplayTheSpireMod:Calculation Training+1"],"campfire_rested":6,"item_purchase_floors":[7,28,28],"current_hp_per_floor":[73,73,46,46,38,21,21,43,43,43,65,53,53,53,75,30,75,69,69,69,52,35,57,57,58,58,48,48,72,72,64,82,0,0],"gold":294,"neow_bonus":"DEFECT_WARDEN","is_daily":false,"chose_seed":false,"campfire_upgraded":0,"win_rate":0.0,"timestamp":1609872596,"path_taken":["M","?","?","?","M","E","$","R","T","?","R","E","?","M","R","BOSS","M","$","?","M","M","R","?","E","T","M","$","R","M","M","R","BOSS"],"items_purchased_type":["Card","Relic","Card"],"build_version":"2020-12-22","purchased_purges":1,"victory":false,"max_hp_per_floor":[75,75,75,75,75,75,75,75,75,75,75,75,75,75,75,75,75,75,75,75,75,75,75,75,82,82,82,82,82,82,82,82,82,82],"relic_stats":{"Inserter":[28],"counters":[15,99],"Art of War":[21],"Letter Opener":[317],"Kunai":[6],"Whetstone":["Sunder","ICR:ProbingStrike"],"obtain_stats":[{"Runesmith:Nanobots":6,"Anchor":10,"hubris:Icosahedron":4,"Inserter":17,"Strawberry":25,"hubris:TenFootPole":3,"Art of War":9,"Letter Opener":2,"Kunai":12,"Whetstone":28,"Cracked Core":0,"Meat on the Bone":26},{"Runesmith:Nanobots":3,"Anchor":3,"hubris:Icosahedron":1,"Inserter":7,"Strawberry":11,"hubris:TenFootPole":1,"Art of War":3,"Letter Opener":1,"Kunai":4,"Whetstone":12,"Cracked Core":0,"Meat on the Bone":11},{"Runesmith:Nanobots":13,"Anchor":13,"hubris:Icosahedron":4,"Inserter":39,"Strawberry":69,"hubris:TenFootPole":4,"Art of War":13,"Letter Opener":4,"Kunai":20,"Whetstone":73,"Cracked Core":0,"Meat on the Bone":69}],"Meat on the Bone":0},"card_choices":[{"not_picked":["Leap","Panic Button"],"picked":"Redo","floor":1.0},{"not_picked":["Hologram","Chaos"],"picked":"Conserve Battery","floor":5.0},{"not_picked":["Turbo","Sweeping Beam"],"picked":"Coolheaded","floor":6.0},{"not_picked":["Coolheaded","BootSequence"],"picked":"ReplayTheSpireMod:Calculation Training","floor":12.0},{"not_picked":["Redo","ReplayTheSpireMod:Reroute Power"],"picked":"BasicCrystalCard","floor":13.0},{"not_picked":["Stack","BootSequence"],"picked":"Double Energy","floor":14.0},{"not_picked":["Biased Cognition","Amplify"],"picked":"ReplayRNGCard","floor":16.0},{"not_picked":["Go for the Eyes","Redo"],"picked":"Leap","floor":18.0},{"not_picked":["Go for the Eyes+1","Turbo"],"picked":"Sunder","floor":21.0},{"not_picked":["Cold Snap+1","Capacitor+1"],"picked":"Barrage+1","floor":22.0},{"not_picked":["Rip and Tear","Stack"],"picked":"hubris:PowerSurge","floor":25.0},{"not_picked":["Streamline","Coolheaded"],"picked":"Panic Button","floor":27.0},{"not_picked":["Streamline","Meteor Strike"],"picked":"Beam Cell","floor":30.0},{"not_picked":["FTL","Sweeping Beam","Sunder"],"picked":"SKIP","floor":31.0}],"player_experience":377917,"relics_obtained":[{"floor":6.0,"key":"Runesmith:Nanobots"},{"floor":9.0,"key":"Art of War"},{"floor":10.0,"key":"Anchor"},{"floor":12.0,"key":"Kunai"},{"floor":25.0,"key":"Strawberry"},{"floor":26.0,"key":"Meat on the Bone"}],"event_choices":[{"damage_healed":0.0,"max_hp_gain":0.0,"max_hp_loss":0.0,"gold_gain":0.0,"event_name":"Big Fish","player_choice":"Box","floor":2.0,"gold_loss":0.0,"damage_taken":0.0,"relics_obtained":["Letter Opener"],"cards_obtained":["Regret"]},{"damage_healed":0.0,"max_hp_gain":0.0,"max_hp_loss":0.0,"gold_gain":100.0,"event_name":"Golden Shrine","player_choice":"Pray","floor":24.0,"gold_loss":0.0,"damage_taken":0.0}],"is_beta":false,"boss_relics":[{"not_picked":["Cursed Key","Bromod:ArcaneBarrier"],"picked":"Inserter"}],"items_purged_floors":[7],"is_endless":false,"potions_floor_spawned":[13,16,21,27,30],"killed_by":"Pondfish","ascension_level":2}}