{"host":"kq2g769nefmuyn7c","time":1609846826,"event":{"mods":["ATMod(°¢èªMod)","Act Like it!","BaseMod","Gensokyo","Koishi","Marisa£¨ìFÓê¡¡Ä§ÀíÉ³£©","Minty Spire (QoL Compilation)","Replay The Spire","StSLib"],"gold_per_floor":[112,112,112,112,123,152,152,172,197,231,231,250,250,269,269,367,367,380,380,436,72,128,207,207,282,361,110,110,136,136,386,386,485,485,501,501,521,521,537,565,565,636,663,674,694,4,19,44,44,44,44,44,10,41,41],"floor_reached":56,"playtime":3839,"items_purged":["Koishi:BasicStrike","Koishi:BasicStrike+1","Koishi:BasicDefend"],"score":1737,"play_id":"6e54b3a7-a6a9-4af9-9bf5-51e47c0a8c01","local_time":"20210105194026","is_ascension_mode":true,"campfire_choices":[{"data":"AT_FamilyPortrait","floor":7,"key":"SMITH"},{"data":"Koishi:ImGoingToCallYouNow","floor":11,"key":"SMITH"},{"data":"Koishi:ReflexRadar","floor":13,"key":"SMITH"},{"data":"Koishi:EmbersOfLove","floor":15,"key":"SMITH"},{"data":"Koishi:ReleaseOfTheId","floor":28,"key":"SMITH"},{"data":"Koishi:HeartStoppingHorror","floor":30,"key":"SMITH"},{"data":"Koishi:GeneticsOfTheUnconscious","floor":32,"key":"SMITH"},{"floor":41,"key":"RECALL"}],"circlet_count":0,"master_deck":["Koishi:BasicDefend","Koishi:Provoke","AT_FamilyPortrait+1","Koishi:EmbersOfLove+1","Koishi:PredatoryInstincts","Koishi:CatchAndRose","Koishi:MindNumbingTerror","Koishi:ImGoingToCallYouNow+1","Koishi:ReflexRadar+1","Koishi:GeneticsOfTheUnconscious+1","Koishi:GrowingPain","Koishi:UnconsciousUrges","Koishi:Untouchable","Koishi:Untouchable+1","Koishi:ImGoingToCallYouNow","Koishi:DreadfulBlow","Koishi:ImGoingToCallYouNow","Koishi:ReleaseOfTheId+1","Koishi:Whimsy","Impatience","Koishi:HeartStoppingHorror+1","Koishi:Ego","Koishi:UnconsciousUprising+1","Koishi:RoseHell","Koishi:SubterraneanRose+1","Koishi:Prune+1","Koishi:FourthEye+1","Koishi:SilentAndRestless+1","Koishi:UnansweredLove+1","Koishi:PredatoryInstincts+1","Purity","Koishi:Whimsy","Koishi:MentalBreakdown+1","Koishi:LastRemote+1","Koishi:ApparitionsStalkTheNight","Koishi:YoukaiPolygraph+1"],"relics":["Koishi:ImaginaryFriend","AT_ATBox","NeowsBlessing","ReplayTheSpireMod:Ring of Challenge","ReplayTheSpireMod:Ring of Collecting","Happy Flower","Pet Ghost","Whetstone","ReplayTheSpireMod:Ring of Addiction","Chameleon Ring","White Beast Statue","Anchor","Honey Jar","Membership Card","Tiny Chest","Mummified Hand","Gensokyo:MosesMiracle","PreservedInsect","Mercury Hourglass","ReplayTheSpireMod:Ring of Exchange","Question Card","Medical Kit","Juzu Bracelet","AT_LudenTempest","Fusion Hammer","Ring of Hypnosis","Molten Egg 2","Counterbalance","Lizard Tail","Ring of Fangs","ChewingGum","Potion Belt","Koishi:AHoleWhereASisterShouldBe","Shuriken"],"acts_visited":["Gensokyo:Gensokyo","Gensokyo:Gensokyoer","Gensokyo:Gensokyoest","TheEnding"],"potions_floor_usage":[10,12,20,20,23,25,37,39,40,42,42,44,45,47,50,55,55,55,55,55,55,55,55,55,55],"damage_taken":[{"damage":0,"enemies":"Gensokyo:2_Kodama","floor":1,"turns":1},{"damage":0,"enemies":"Gensokyo:3_Fairies","floor":5,"turns":2},{"damage":0,"enemies":"Gensokyo:Aya","floor":6,"turns":1},{"damage":0,"enemies":"Gensokyo:Gryphon","floor":8,"turns":2},{"damage":7,"enemies":"Gensokyo:Cirno","floor":10,"turns":6},{"damage":4,"enemies":"Gensokyo:CorruptedTreant","floor":12,"turns":3},{"damage":0,"enemies":"Gensokyo:3_Kodama","floor":14,"turns":3},{"damage":7,"enemies":"Gensokyo:Kokoro","floor":16,"turns":10},{"damage":29,"enemies":"Gensokyo:Chomper","floor":18,"turns":4},{"damage":17,"enemies":"Gensokyo:CosmicMonolith","floor":20,"turns":4},{"damage":0,"enemies":"Gensokyo:Swordslinger","floor":22,"turns":5},{"damage":17,"enemies":"Gensokyo:Tenshi","floor":23,"turns":4},{"damage":55,"enemies":"Gensokyo:Koishi","floor":25,"turns":8},{"damage":9,"enemies":"Gensokyo:Tenshi","floor":29,"turns":3},{"damage":19,"enemies":"Gensokyo:Eiki","floor":33,"turns":5},{"damage":0,"enemies":"Gensokyo:3_Bats","floor":35,"turns":3},{"damage":0,"enemies":"Gensokyo:AncientGuardian","floor":37,"turns":3},{"damage":0,"enemies":"Gensokyo:Rafflesia","floor":39,"turns":4},{"damage":0,"enemies":"Gensokyo:Kasen","floor":40,"turns":3},{"damage":29,"enemies":"Gensokyo:Marisa","floor":42,"turns":3},{"damage":0,"enemies":"Gensokyo:3_Boulders","floor":44,"turns":3},{"damage":0,"enemies":"Gensokyo:Dusk_and_Dawn","floor":45,"turns":4},{"damage":0,"enemies":"Gensokyo:Sharpion","floor":47,"turns":3},{"damage":0,"enemies":"Gensokyo:Kasen","floor":48,"turns":4},{"damage":0,"enemies":"Gensokyo:Yuyuko","floor":50,"turns":4},{"damage":0,"enemies":"Shield and Spear","floor":54,"turns":4},{"damage":0,"enemies":"The Heart","floor":55,"turns":3}],"seed_played":"2785169988241885268","potions_obtained":[{"floor":8,"key":"SteroidPotion"},{"floor":9,"key":"Adrenaline Potion"},{"floor":9,"key":"Languid Potion"},{"floor":10,"key":"Weak Potion"},{"floor":12,"key":"Explosive Potion"},{"floor":14,"key":"AttackPotion"},{"floor":16,"key":"Weak Potion"},{"floor":18,"key":"DuplicationPotion"},{"floor":20,"key":"BlessingOfTheForge"},{"floor":22,"key":"Fire Potion"},{"floor":23,"key":"SpeedPotion"},{"floor":25,"key":"Swift Potion"},{"floor":29,"key":"ColorlessPotion"},{"floor":33,"key":"Strength Potion"},{"floor":35,"key":"SpeedPotion"},{"floor":37,"key":"Swift Potion"},{"floor":40,"key":"Fruit Juice"},{"floor":42,"key":"CultistPotion"},{"floor":44,"key":"SneckoOil"},{"floor":45,"key":"PowerPotion"},{"floor":47,"key":"Cursed Concoction"},{"floor":48,"key":"BlessingOfTheForge"},{"floor":52,"key":"Swift Potion"},{"floor":52,"key":"Toxic Potion"},{"floor":54,"key":"Swift Potion"}],"is_trial":false,"path_per_floor":["M","?","?","?","M","E","R","M","T","E","R","M","R","M","R","B",null,"M","?","M","$","M","E","?","E","T","$","R","E","R","?","R","B",null,"M","?","M","T","M","E","R","E","T","M","M","$","M","E","R","B",null,"R","$","E","B",null],"character_chosen":"KOISHI","items_purchased":["Membership Card","Koishi:ImGoingToCallYouNow","Tiny Chest","Koishi:DreadfulBlow","Impatience","Medical Kit","Juzu Bracelet","ChewingGum","Purity","Potion Belt","Koishi:ApparitionsStalkTheNight"],"campfire_rested":0,"item_purchase_floors":[21,21,21,21,27,27,27,46,46,46,53],"current_hp_per_floor":[60,60,36,36,41,45,45,49,49,54,54,60,60,60,60,58,58,48,48,56,56,56,56,56,50,50,50,50,54,54,51,49,49,49,47,47,47,47,47,47,47,54,54,54,54,54,54,54,54,54,54,54,54,52,52],"gold":41,"neow_bonus":"THREE_ENEMY_KILL","is_daily":false,"chose_seed":false,"campfire_upgraded":7,"win_rate":0.0,"timestamp":1609846826,"path_taken":["M","?","?","?","M","E","R","?","T","E","R","?","R","M","R","BOSS","M","?","M","$","M","E","?","E","T","$","R","E","R","?","R","BOSS","M","?","M","?","M","E","R","E","T","M","M","$","M","E","R","BOSS","R","$","E","BOSS"],"items_purchased_type":["Relic","Card","Relic","Card","Card","Relic","Relic","Relic","Card","Relic","Card"],"build_version":"2020-12-22","purchased_purges":3,"victory":true,"max_hp_per_floor":[60,60,60,60,60,60,60,60,60,60,60,60,60,60,60,58,58,58,56,56,56,56,56,56,56,56,56,56,54,54,51,49,49,49,47,47,47,47,47,47,47,54,54,54,54,54,54,54,54,54,54,54,54,52,52],"card_choices":[{"not_picked":["Koishi:UnansweredLove","Koishi:Prune"],"picked":"Koishi:EmbersOfLove","floor":1},{"not_picked":["Koishi:PhantomStrike","Koishi:DNAsFlaw"],"picked":"Koishi:PredatoryInstincts","floor":5},{"not_picked":["Koishi:JumpScare","Koishi:DreadfulBlow"],"picked":"Koishi:CatchAndRose","floor":6},{"not_picked":["Koishi:BloodcurdlingScream","Koishi:RacingHeart"],"picked":"Koishi:MindNumbingTerror","floor":8},{"not_picked":["Koishi:RollingInRichesHeart","Koishi:Ego"],"picked":"Koishi:ImGoingToCallYouNow","floor":10},{"not_picked":["Koishi:ParalyzingFear","Koishi:DreadfulBlow"],"picked":"Koishi:ReflexRadar","floor":12},{"not_picked":["Koishi:SubterraneanRose","Koishi:FreudianInstinct"],"picked":"Koishi:GeneticsOfTheUnconscious","floor":14},{"not_picked":["Koishi:Ego","Koishi:ConfinedInnocent"],"picked":"Koishi:GrowingPain","floor":16},{"not_picked":["Koishi:EmbryosDream+1","Koishi:Vanish","Koishi:BloodcurdlingScream"],"picked":"Koishi:UnconsciousUrges","floor":18},{"not_picked":["Koishi:TraumaticStroke","Koishi:Vanish","Koishi:FleetingPhantom"],"picked":"Koishi:Untouchable+1","floor":20},{"not_picked":["Koishi:UnconsciousUrges+1","Koishi:DreadfulBlow","Koishi:EmbersOfLove+1"],"picked":"Koishi:ImGoingToCallYouNow","floor":22},{"not_picked":["Koishi:UnansweredLove+1","Koishi:StingingMind","Koishi:ParalyzingFear"],"picked":"Koishi:ReleaseOfTheId","floor":23},{"not_picked":["Koishi:CatchAndRose","Koishi:ConditionedTeleport","Koishi:PhantomBarrier+1"],"picked":"Koishi:Whimsy","floor":25},{"not_picked":["Koishi:Untouchable+1","Koishi:PhantomStrike+1","Koishi:Whimsy+1","Koishi:UnconsciousUprising"],"picked":"Koishi:HeartStoppingHorror","floor":29},{"not_picked":["Koishi:TerrifyingSpectre","Koishi:ConfinedInnocent","Koishi:Heartbroken","Koishi:HeartStoppingHorror"],"picked":"Koishi:Ego","floor":33},{"not_picked":["Koishi:Prune+1","Koishi:TremblingHands","Koishi:StingingMind+1","Koishi:Whimsy+1"],"picked":"Koishi:UnconsciousUprising+1","floor":35},{"not_picked":["Koishi:RacingHeart+1","Koishi:FleetingPhantom","Koishi:UnansweredLove","Koishi:PhantomBarrier"],"picked":"Koishi:SubterraneanRose+1","floor":37},{"not_picked":["Koishi:UnseenTerror+1","Koishi:CatchAndRose+1","Koishi:BloodcurdlingScream+1","Koishi:JumpScare"],"picked":"Koishi:Prune+1","floor":39},{"not_picked":["Koishi:FleetingPhantom","Koishi:SubterraneanRose","Koishi:GeneticsOfTheUnconscious+1","Koishi:PredatoryInstincts"],"picked":"Koishi:FourthEye+1","floor":40},{"not_picked":["Koishi:Bloodlust+1","Koishi:GeneticsOfTheUnconscious+1","Koishi:JumpScare","Koishi:LastRemote+1"],"picked":"Koishi:SilentAndRestless+1","floor":42},{"not_picked":["Koishi:Prune+1","Koishi:CatchAndRose","Koishi:EmbryosDream+1","Koishi:SubconsciousSweep+1"],"picked":"Koishi:UnansweredLove+1","floor":44},{"not_picked":["Koishi:SubterraneanRose+1","Koishi:FleetingPhantom","Koishi:StingingMind+1","Koishi:RacingHeart+1"],"picked":"Koishi:PredatoryInstincts+1","floor":45},{"not_picked":["Koishi:PredatoryInstincts+1","Koishi:UnansweredLove","Koishi:UnconsciousUprising","Koishi:SpiritedAway+1"],"picked":"Koishi:Whimsy","floor":47},{"not_picked":["Koishi:FourthEye","Koishi:Whimsy+1","Koishi:ReleaseOfTheId","Koishi:UnseenTerror+1"],"picked":"Koishi:MentalBreakdown+1","floor":48},{"not_picked":["Koishi:LastRemote+1","Koishi:UnconsciousUprising+1","Koishi:ParalyzingFear+1","Koishi:MindNumbingTerror+1"],"picked":"Koishi:YoukaiPolygraph+1","floor":54}],"player_experience":128671,"relics_obtained":[{"floor":2,"key":"ReplayTheSpireMod:Ring of Challenge"},{"floor":2,"key":"ReplayTheSpireMod:Ring of Collecting"},{"floor":6,"key":"Pet Ghost"},{"floor":9,"key":"Whetstone"},{"floor":9,"key":"ReplayTheSpireMod:Ring of Addiction"},{"floor":9,"key":"Chameleon Ring"},{"floor":9,"key":"White Beast Statue"},{"floor":10,"key":"Anchor"},{"floor":23,"key":"Mummified Hand"},{"floor":25,"key":"PreservedInsect"},{"floor":25,"key":"Mercury Hourglass"},{"floor":26,"key":"ReplayTheSpireMod:Ring of Exchange"},{"floor":26,"key":"Question Card"},{"floor":29,"key":"AT_LudenTempest"},{"floor":33,"key":"Gensokyo:MosesMiracle"},{"floor":38,"key":"Ring of Hypnosis"},{"floor":38,"key":"Molten Egg 2"},{"floor":40,"key":"Counterbalance"},{"floor":42,"key":"Lizard Tail"},{"floor":43,"key":"Ring of Fangs"},{"floor":48,"key":"Koishi:AHoleWhereASisterShouldBe"},{"floor":54,"key":"Shuriken"}],"event_choices":[],"is_beta":false,"boss_relics":[{"not_picked":["Replay:Drink Me","Tiny House"],"picked":"Honey Jar"},{"not_picked":["SacredBark","Cauldron"],"picked":"Fusion Hammer"}],"items_purged_floors":[21,27,46],"is_endless":false,"potions_floor_spawned":[8,10,12,14,16,18,20,22,23,25,29,33,35,37,39,40,42,44,45,47,48,54],"ascension_level":3}}