{"host":"h2zaclyrd1q1i31f","time":1609831132,"event":{"mods":["BaseMod","Colored Map","Downfall","Hermit","Minty Spire (QoL Compilation)","Permanent Neow","StSLib","SuperFastMode","The Hierophant","The Mystic","The Servant 0.9.4"],"gold_per_floor":[99,110,124,74,59,59,85,97,97,116,216,316,241,251,265,361,361,361,377,395,407,25,35,35,35,35,46,46,81,81,99,117,220,220,145,157,7,20,5,5,5,20,20,49,49,62,62,325,336,336],"floor_reached":51,"playtime":3577,"items_purged":["Guardian:Defend_Guardian"],"score":796,"play_id":"0ab536db-871e-4d56-ba5f-eae090a76952","local_time":"20210105011852","is_ascension_mode":false,"campfire_choices":[{"floor":1,"key":"RECALL"},{"data":"Guardian:ChargeCore","floor":6,"key":"SMITH"},{"data":"Guardian:FloatingOrbs","floor":9,"key":"SMITH"},{"data":"Guardian:TemporalStrike","floor":13,"key":"SMITH"},{"data":"Guardian:RevengeProtocol","floor":18,"key":"SMITH"},{"floor":25,"key":"REST"},{"floor":28,"key":"REST"},{"data":"Guardian:HyperBeam_Guardian","floor":35,"key":"SMITH"},{"data":"Guardian:BaubleBeam","floor":40,"key":"SMITH"},{"data":"expansioncontent:BronzeBeam","floor":45,"key":"SMITH"}],"circlet_count":0,"master_deck":["Guardian:Defend_Guardian","Guardian:Defend_Guardian","Guardian:CurlUp","Guardian:TwinSlam","Guardian:ChargeCore+1","Guardian:PiercingHide+1","Guardian:FloatingOrbs+1","Guardian:TemporalStrike+1","Guardian:Preprogram","Guardian:RevengeProtocol+1","Guardian:Emergency","Guardian:FloatingOrbs+1","Guardian:ShieldCharger","Guardian:TemporalShield+1","Bite","Bite","Bite","Bite","Bite","Guardian:DonusPower+1","Guardian:BaubleBeam+1","Guardian:HyperBeam_Guardian+1","Guardian:TimeCapacitor+1","Guardian:WalkerClaw+1","expansioncontent:BronzeBeam+1","Guardian:SentryBeam","Guardian:WalkerClaw+1","Guardian:Incinerate"],"relics":["Guardian:ModeShifter","downfall:HeartBlessingRed","Philosopher\u0027s Stone","Calipers","Nunchaku","Toxic Egg 2","Empty Cage","downfall:HeartBlessingGreen","Meat on the Bone","StoneCalendar"],"acts_visited":["Exordium","TheCity","TheBeyond"],"potions_floor_usage":[10,11,11,16,16,22,27,29,33,38,47,48,50,50],"damage_taken":[{"damage":0,"enemies":"Cultist","floor":2,"turns":4},{"damage":0,"enemies":"Small Slimes","floor":3,"turns":4},{"damage":1,"enemies":"downfall:FleeingMerchant","floor":4,"turns":4},{"damage":1,"enemies":"downfall:FleeingMerchant","floor":5,"turns":4},{"damage":0,"enemies":"2 Louse","floor":8,"turns":2},{"damage":3,"enemies":"Gremlin Gang","floor":10,"turns":4},{"damage":16,"enemies":"downfall:Heads","floor":11,"turns":7},{"damage":0,"enemies":"Exordium Wildlife","floor":14,"turns":3},{"damage":10,"enemies":"Lots of Slimes","floor":15,"turns":2},{"damage":20,"enemies":"downfall:Ironclad","floor":16,"turns":6},{"damage":6,"enemies":"Spheric Guardian","floor":19,"turns":4},{"damage":0,"enemies":"Chosen","floor":20,"turns":4},{"damage":9,"enemies":"Sentry and Sphere","floor":21,"turns":5},{"damage":19,"enemies":"downfall:FleeingMerchant","floor":22,"turns":4},{"damage":35,"enemies":"Snecko","floor":23,"turns":6},{"damage":17,"enemies":"Snake Plant","floor":27,"turns":4},{"damage":33,"enemies":"Gremlin Leader","floor":29,"turns":6},{"damage":18,"enemies":"Cultist and Chosen","floor":31,"turns":6},{"damage":4,"enemies":"3 Cultists","floor":32,"turns":4},{"damage":12,"enemies":"downfall:Watcher","floor":33,"turns":6},{"damage":10,"enemies":"3 Shapes","floor":36,"turns":4},{"damage":22,"enemies":"3 Darklings","floor":38,"turns":3},{"damage":23,"enemies":"downfall:FleeingMerchant","floor":39,"turns":4},{"damage":18,"enemies":"Maw","floor":42,"turns":6},{"damage":16,"enemies":"Reptomancer","floor":44,"turns":6},{"damage":14,"enemies":"Jaw Worm Horde","floor":46,"turns":3},{"damage":0,"enemies":"Nemesis","floor":47,"turns":1},{"damage":0,"enemies":"downfall:FleeingMerchant","floor":48,"turns":2},{"damage":1,"enemies":"Sphere and 2 Shapes","floor":49,"turns":3},{"damage":22,"enemies":"downfall:Silent","floor":50,"turns":9}],"seed_played":"-718201202062786954","potions_obtained":[{"floor":0,"key":"SkillPotion"},{"floor":0,"key":"Ancient Potion"},{"floor":0,"key":"Explosive Potion"},{"floor":2,"key":"champ:CounterPotion"},{"floor":14,"key":"champ:CounterPotion"},{"floor":15,"key":"PowerPotion"},{"floor":20,"key":"EssenceOfSteel"},{"floor":21,"key":"Guardian:StasisDiscoveryPotion"},{"floor":23,"key":"Explosive Potion"},{"floor":27,"key":"Ancient Potion"},{"floor":33,"key":"SmokeBomb"},{"floor":36,"key":"champ:CounterPotion"},{"floor":44,"key":"Energy Potion"},{"floor":46,"key":"DuplicationPotion"}],"is_trial":false,"path_per_floor":["R","M","M","$","$","R","T","M","R","M","?","?","R","M","M","B",null,"R","M","M","M","$","M","T","R","?","M","R","E","?","M","M","B",null,"R","M","?","M","$","R","T","M","?","E","R","M","E","$","M","B",null],"character_chosen":"GUARDIAN","items_purchased":["Guardian:FloatingOrbs","Calipers","SkillPotion","Guardian:Incinerate"],"campfire_rested":2,"item_purchase_floors":[4,22,48,48],"current_hp_per_floor":[80,80,80,79,78,78,78,80,80,77,63,63,63,65,57,39,80,80,74,76,69,52,19,19,43,43,28,52,21,21,17,25,25,80,80,70,90,74,59,59,59,59,59,53,53,47,47,51,56,54],"gold":336,"neow_bonus":"THREE_SMALL_POTIONS","is_daily":false,"chose_seed":false,"campfire_upgraded":7,"win_rate":0.0,"timestamp":1609831132,"path_taken":["R","M","M","?","$","R","T","M","R","M","?","?","R","M","M","BOSS","R","M","M","M","$","M","T","R","?","M","R","E","?","M","M","BOSS","R","M","?","?","$","R","T","M","?","E","R","M","E","$","M","BOSS"],"items_purchased_type":["Card","Relic","Potion","Card"],"build_version":"2020-12-22","purchased_purges":1,"victory":true,"max_hp_per_floor":[80,80,80,80,80,80,80,80,80,80,80,80,80,80,80,80,80,80,80,80,80,80,80,80,80,80,80,80,80,80,80,80,80,80,80,80,90,90,90,90,90,90,90,90,90,90,90,90,90,90],"card_choices":[{"not_picked":["Guardian:Incinerate","Guardian:DecasProtection"],"picked":"Guardian:ChargeCore","floor":2},{"not_picked":["Guardian:PrimingBeam","Guardian:Incinerate"],"picked":"Guardian:PiercingHide","floor":3},{"not_picked":["Guardian:TimeSifter","Guardian:TemporalStrike"],"picked":"Guardian:Planning","floor":4},{"not_picked":["Guardian:ShieldCharger","Guardian:ChargeCore","Guardian:Planning"],"picked":"SKIP","floor":5},{"not_picked":["Guardian:SphericShield","Guardian:TimeCapacitor"],"picked":"Guardian:Recover","floor":8},{"not_picked":["Guardian:ArmoredProtocol","Guardian:ShieldSpikes"],"picked":"Guardian:Gem_Cyan","floor":10},{"not_picked":["Guardian:RollAttack","Guardian:RefractedBeam"],"picked":"Guardian:TemporalStrike","floor":11},{"not_picked":["Guardian:TemporalShield","Guardian:CrystalBeam"],"picked":"Guardian:Gem_Blue","floor":14},{"not_picked":["Guardian:HyperBeam_Guardian","Guardian:RefractedBeam"],"picked":"Guardian:Preprogram","floor":15},{"not_picked":["Guardian:BaubleBeam","Guardian:SphericShield"],"picked":"Guardian:RevengeProtocol","floor":16},{"not_picked":["Guardian:RefractedBeam","Guardian:WalkerClaw"],"picked":"Guardian:Emergency","floor":19},{"not_picked":["Guardian:Gem_Lightblue","Guardian:BronzeOrb+1"],"picked":"Guardian:Gem_Green","floor":20},{"not_picked":["Guardian:CrystalBeam","Guardian:Clone"],"picked":"Guardian:FloatingOrbs+1","floor":21},{"not_picked":["Guardian:TemporalShield","Guardian:TimeBomb"],"picked":"Guardian:Gem_Synthetic","floor":22},{"not_picked":["Guardian:ArmoredProtocol","Guardian:Gem_Lightblue"],"picked":"Guardian:Gem_Crimson","floor":23},{"not_picked":["Guardian:SpikerProtocol","Guardian:Repulse"],"picked":"Guardian:ShieldCharger","floor":27},{"not_picked":["Guardian:Gem_Lightblue","Guardian:CrystalBeam"],"picked":"Guardian:TemporalShield+1","floor":29},{"not_picked":["Guardian:VentSteam+1","Guardian:PrismaticBeam"],"picked":"Guardian:DonusPower+1","floor":31},{"not_picked":["Guardian:ShieldCharger+1","Guardian:Suspension+1"],"picked":"Guardian:BaubleBeam","floor":32},{"not_picked":["Guardian:AncientConstruct","Guardian:ConstructionForm"],"picked":"Guardian:HyperBeam_Guardian","floor":33},{"not_picked":["Guardian:BronzeArmor+1","Guardian:Reroute+1"],"picked":"Guardian:TimeCapacitor+1","floor":36},{"not_picked":["Guardian:Gem_Cyan","Guardian:PrimingBeam"],"picked":"Guardian:Gem_Purple","floor":38},{"not_picked":["Guardian:Gem_White","Guardian:TemporalStrike","Guardian:FloatingOrbs"],"picked":"SKIP","floor":39},{"not_picked":["Guardian:CrystalBeam","Guardian:EvasiveProtocol+1"],"picked":"Guardian:WalkerClaw+1","floor":42},{"not_picked":["expansioncontent:Hexaburn","expansioncontent:AwakenDeath"],"picked":"expansioncontent:BronzeBeam","floor":43},{"not_picked":["Guardian:VentSteam+1","Guardian:CrystalBeam"],"picked":"Guardian:Gem_Fragmented","floor":44},{"not_picked":["Guardian:ShieldCharger+1","Guardian:ChargeCore+1"],"picked":"Guardian:SentryBeam","floor":46},{"not_picked":["Guardian:Gem_Synthetic","Guardian:TemporalShield+1"],"picked":"Guardian:WalkerClaw+1","floor":48},{"not_picked":["Guardian:Reroute+1","Guardian:Gem_Fragmented","Guardian:PrismaticBarrier+1"],"picked":"SKIP","floor":49}],"player_experience":119858,"relics_obtained":[{"floor":7,"key":"Blood Vial"},{"floor":24,"key":"Nunchaku"},{"floor":29,"key":"Toxic Egg 2"},{"floor":41,"key":"Meat on the Bone"},{"floor":44,"key":"StoneCalendar"}],"event_choices":[{"damage_healed":0,"gold_gain":0,"player_choice":"Became a vampire (Vial)","damage_taken":0,"max_hp_gain":0,"max_hp_loss":0,"event_name":"Vampires","floor":30,"relics_lost":["Blood Vial"],"gold_loss":0,"cards_obtained":["Bite","Bite","Bite","Bite","Bite"]}],"is_beta":false,"boss_relics":[{"not_picked":["SlaversCollar","Calling Bell"],"picked":"Philosopher\u0027s Stone"},{"not_picked":["Busted Crown","Fusion Hammer"],"picked":"Empty Cage"}],"items_purged_floors":[22],"is_endless":false,"potions_floor_spawned":[2,3,14,15,20,21,23,27,33,36,44,46],"ascension_level":0}}