{"host":"2se5dq1do2gp0x9k","time":1609872663,"event":{"mods":["BaseMod","Block Reminder","Colored Map","Colored Powertips","Minty Spire (QoL Compilation)","Relic Stats","StSLib","SuperFastMode","Synergy Search"],"gold_per_floor":[118,138,138,157,30,56,66,66,92,126,146,171,185,202,202,277,277,294,314,314,214,230,230,249,284,284,284,318,7,7,35,35,112,112,132,132,183,203,220,252,262,112,112,137,137,171,182,216,216,216],"floor_reached":51,"playtime":3901,"items_purged":["Pain","Defend_P","Strike_P","Doubt"],"score":1472,"play_id":"d698a9ed-bfcf-4445-8604-165656992c81","local_time":"20210105105103","is_ascension_mode":true,"campfire_choices":[{"data":"Wallop","floor":8.0,"key":"SMITH"},{"data":"CrushJoints","floor":15.0,"key":"SMITH"},{"data":"Wallop","floor":23.0,"key":"SMITH"},{"floor":27.0,"key":"REST"},{"data":"Apotheosis","floor":30.0,"key":"SMITH"},{"floor":32.0,"key":"REST"},{"floor":45,"key":"REST"},{"data":"Scrawl","floor":49,"key":"SMITH"}],"circlet_count":0,"master_deck":["AscendersBane","Strike_P","Strike_P+1","Strike_P+1","Defend_P","Defend_P","Defend_P","Eruption","Vigilance","CrushJoints+1","Wallop+1","CarveReality","InnerPeace","Consecrate","EmptyMind","Crescendo","EmptyBody","Wallop+1","DevaForm","ThirdEye","ClearTheMind","JustLucky","Protect","Apotheosis+1","Judgement","Scrawl+1","FearNoEvil+1","FlyingSleeves","CutThroughFate","JustLucky","Writhe","Worship","ThirdEye+1","SashWhip+1"],"relics":["HolyWater","NeowsBlessing","WarpedTongs","Tiny Chest","Bag of Marbles","Akabeko","Matryoshka","Cursed Key","Whetstone","Ancient Tea Set","MealTicket","Pear","Nunchaku","Art of War","Juzu Bracelet","Ornamental Fan","StoneCalendar","Gremlin Horn","Boot"],"acts_visited":["Exordium","TheCity","TheBeyond"],"potions_floor_usage":[46,50],"damage_taken":[{"damage":0.0,"enemies":"Jaw Worm","floor":1.0,"turns":1.0},{"damage":0.0,"enemies":"Cultist","floor":2.0,"turns":1.0},{"damage":0.0,"enemies":"Small Slimes","floor":4.0,"turns":1.0},{"damage":0.0,"enemies":"Gremlin Nob","floor":6.0,"turns":2.0},{"damage":6.0,"enemies":"Exordium Thugs","floor":7.0,"turns":4.0},{"damage":9.0,"enemies":"3 Sentries","floor":10.0,"turns":7.0},{"damage":0.0,"enemies":"2 Fungi Beasts","floor":11.0,"turns":1.0},{"damage":0.0,"enemies":"Gremlin Nob","floor":12.0,"turns":2.0},{"damage":0.0,"enemies":"Red Slaver","floor":13.0,"turns":1.0},{"damage":0.0,"enemies":"Looter","floor":14.0,"turns":1.0},{"damage":15.0,"enemies":"The Guardian","floor":16.0,"turns":7.0},{"damage":20.0,"enemies":"2 Thieves","floor":18.0,"turns":4.0},{"damage":0.0,"enemies":"Chosen","floor":19.0,"turns":3.0},{"damage":18.0,"enemies":"Centurion and Healer","floor":22.0,"turns":4.0},{"damage":0.0,"enemies":"3 Cultists","floor":24.0,"turns":5.0},{"damage":24.0,"enemies":"Gremlin Leader","floor":25.0,"turns":6.0},{"damage":0.0,"enemies":"Slavers","floor":28.0,"turns":4.0},{"damage":9.0,"enemies":"Gremlin Leader","floor":31.0,"turns":7.0},{"damage":5.0,"enemies":"Automaton","floor":33.0,"turns":10.0},{"damage":0.0,"enemies":"3 Shapes","floor":35.0,"turns":2.0},{"damage":14.0,"enemies":"3 Darklings","floor":38.0,"turns":4.0},{"damage":14.0,"enemies":"Writhing Mass","floor":39.0,"turns":5.0},{"damage":7.0,"enemies":"Nemesis","floor":40.0,"turns":7.0},{"damage":5.0,"enemies":"Transient","floor":41.0,"turns":5.0},{"damage":0,"enemies":"Mind Bloom Boss Battle","floor":44,"turns":3},{"damage":0,"enemies":"Giant Head","floor":46,"turns":6},{"damage":16,"enemies":"Spire Growth","floor":47,"turns":4},{"damage":0,"enemies":"Reptomancer","floor":48,"turns":5},{"damage":35,"enemies":"Awakened One","floor":50,"turns":13}],"seed_played":"-6722087608844119237","potions_obtained":[{"floor":6.0,"key":"SkillPotion"},{"floor":7.0,"key":"Weak Potion"},{"floor":18.0,"key":"BottledMiracle"},{"floor":19.0,"key":"DistilledChaos"},{"floor":33.0,"key":"BlessingOfTheForge"},{"floor":38.0,"key":"Explosive Potion"},{"floor":40.0,"key":"Ancient Potion"},{"floor":41.0,"key":"GamblersBrew"},{"floor":47,"key":"StancePotion"}],"is_trial":false,"path_per_floor":["M","M","?","M","$","E","M","R","T","E","M","E","M","M","R","B",null,"M","M","?","$","M","R","M","E","T","R","E","$","R","E","R","B",null,"M","?","T","M","M","E","M","$","T","?","R","E","M","E","R","B",null],"character_chosen":"WATCHER","items_purchased":["ThirdEye","Apotheosis"],"campfire_rested":3,"item_purchase_floors":[5,29],"current_hp_per_floor":[65,65,65,65,65,65,59,59,59,50,50,50,50,50,50,35,63,43,43,72,72,54,54,54,30,30,51,51,51,51,42,63,58,69,69,69,79,65,51,44,39,54,54,54,78,78,62,62,62,27],"gold":216,"neow_bonus":"THREE_ENEMY_KILL","is_daily":false,"chose_seed":false,"campfire_upgraded":5,"win_rate":0.0,"timestamp":1609872663,"path_taken":["M","M","?","M","$","E","M","R","T","E","M","E","?","M","R","BOSS","M","M","?","$","M","R","M","E","T","R","E","$","R","E","R","BOSS","M","?","?","M","M","E","?","$","T","?","R","E","M","E","R","BOSS"],"items_purchased_type":["Card","Card"],"build_version":"2020-12-22","purchased_purges":4,"victory":true,"max_hp_per_floor":[72,72,72,72,72,72,72,72,72,72,72,72,72,72,72,72,72,72,72,72,72,72,72,72,72,72,72,72,72,72,72,72,72,72,72,72,82,82,82,82,82,82,82,82,82,82,82,82,82,82],"relic_stats":{"Gremlin Horn":[8,8],"counters":[29,125],"StoneCalendar":[52],"Juzu Bracelet":0,"Whetstone":["Strike_P","Strike_P"],"Cursed Key":2,"Boot":[2],"WarpedTongs":[86],"Nunchaku":[17],"Ornamental Fan":[108],"Tiny Chest":1,"MealTicket":15,"Art of War":[0],"obtain_stats":[{"Pear":37,"NeowsBlessing":0,"Gremlin Horn":46,"StoneCalendar":44,"Juzu Bracelet":43,"Whetstone":25,"Cursed Key":17,"Ancient Tea Set":28,"Boot":48,"Akabeko":10,"WarpedTongs":3,"Nunchaku":37,"Matryoshka":12,"Ornamental Fan":43,"HolyWater":34,"Tiny Chest":6,"MealTicket":31,"Bag of Marbles":9,"Art of War":40,"PureWater":0},{"Pear":20,"NeowsBlessing":0,"Gremlin Horn":26,"StoneCalendar":25,"Juzu Bracelet":24,"Whetstone":16,"Cursed Key":11,"Ancient Tea Set":17,"Boot":28,"Akabeko":6,"WarpedTongs":2,"Nunchaku":20,"Matryoshka":8,"Ornamental Fan":24,"HolyWater":19,"Tiny Chest":4,"MealTicket":18,"Bag of Marbles":5,"Art of War":23,"PureWater":0},{"Pear":73,"NeowsBlessing":0,"Gremlin Horn":103,"StoneCalendar":97,"Juzu Bracelet":94,"Whetstone":50,"Cursed Key":28,"Ancient Tea Set":54,"Boot":112,"Akabeko":16,"WarpedTongs":2,"Nunchaku":73,"Matryoshka":19,"Ornamental Fan":94,"HolyWater":71,"Tiny Chest":5,"MealTicket":61,"Bag of Marbles":9,"Art of War":89,"PureWater":0}]},"card_choices":[{"not_picked":["EmptyBody","Prostrate"],"picked":"CrushJoints","floor":1.0},{"not_picked":["FlyingSleeves","CrushJoints"],"picked":"Wallop","floor":2.0},{"not_picked":["Sanctity","Nirvana"],"picked":"CarveReality","floor":4.0},{"not_picked":["BowlingBash","Sanctity"],"picked":"InnerPeace","floor":6.0},{"not_picked":["BowlingBash","FollowUp"],"picked":"Consecrate","floor":7.0},{"not_picked":["PathToVictory","Scrawl"],"picked":"EmptyMind","floor":10.0},{"not_picked":["SashWhip","Protect"],"picked":"Crescendo","floor":11.0},{"not_picked":["SashWhip","EmptyBody"],"picked":"LikeWater","floor":12.0},{"not_picked":["BowlingBash","CrushJoints"],"picked":"EmptyBody","floor":13.0},{"not_picked":["EmptyFist","WaveOfTheHand"],"picked":"Wallop","floor":14.0},{"not_picked":["ConjureBlade","MasterReality"],"picked":"DevaForm","floor":16.0},{"not_picked":["SashWhip","LikeWater"],"picked":"ThirdEye","floor":18.0},{"not_picked":["FollowUp","WindmillStrike"],"picked":"ClearTheMind","floor":19.0},{"not_picked":["Prostrate","EmptyBody","Worship"],"picked":"SKIP","floor":22.0},{"not_picked":["EmptyFist","Fasting2"],"picked":"JustLucky","floor":24.0},{"not_picked":["Perseverance","SandsOfTime","Wireheading"],"picked":"SKIP","floor":25.0},{"not_picked":["Nirvana","Wireheading"],"picked":"Protect","floor":28.0},{"not_picked":["Crescendo","Halt"],"picked":"Judgement","floor":31.0},{"not_picked":["ConjureBlade","Alpha"],"picked":"Scrawl","floor":33.0},{"not_picked":["JustLucky","Halt+1"],"picked":"FearNoEvil+1","floor":35.0},{"not_picked":["Wireheading","Prostrate","Evaluate+1"],"picked":"SKIP","floor":38.0},{"not_picked":["EmptyMind","FollowUp+1"],"picked":"FlyingSleeves","floor":39.0},{"not_picked":["Swivel+1","LessonLearned"],"picked":"CutThroughFate","floor":40.0},{"not_picked":["Sanctity","CarveReality"],"picked":"JustLucky","floor":41.0},{"not_picked":["Prostrate","Crescendo+1"],"picked":"Worship","floor":44},{"not_picked":["Conclude","Protect","DeceiveReality"],"picked":"SKIP","floor":46},{"not_picked":["Crescendo","FollowUp"],"picked":"ThirdEye+1","floor":47},{"not_picked":["WreathOfFlame","BowlingBash"],"picked":"SashWhip+1","floor":48}],"player_experience":3776414,"relics_obtained":[{"floor":6.0,"key":"Tiny Chest"},{"floor":9.0,"key":"Bag of Marbles"},{"floor":10.0,"key":"Akabeko"},{"floor":12.0,"key":"Matryoshka"},{"floor":25.0,"key":"Whetstone"},{"floor":28.0,"key":"Ancient Tea Set"},{"floor":31.0,"key":"MealTicket"},{"floor":37.0,"key":"Pear"},{"floor":37.0,"key":"Nunchaku"},{"floor":40.0,"key":"Art of War"},{"floor":43,"key":"Juzu Bracelet"},{"floor":43,"key":"Ornamental Fan"},{"floor":44,"key":"StoneCalendar"},{"floor":46,"key":"Gremlin Horn"},{"floor":48,"key":"Boot"}],"event_choices":[{"damage_healed":0.0,"max_hp_gain":0.0,"max_hp_loss":0.0,"gold_gain":0.0,"event_name":"Accursed Blacksmith","player_choice":"Rummage","floor":3.0,"gold_loss":0.0,"damage_taken":0.0,"relics_obtained":["WarpedTongs"],"cards_obtained":["Pain"]},{"cards_removed":["LikeWater"],"damage_healed":29.0,"max_hp_gain":0.0,"max_hp_loss":0.0,"gold_gain":0.0,"event_name":"Bonfire Elementals","player_choice":"Offered Uncommon","floor":20.0,"gold_loss":0.0,"damage_taken":0.0},{"cards_removed":["ThirdEye"],"damage_healed":0.0,"max_hp_gain":0.0,"max_hp_loss":0.0,"gold_gain":0.0,"event_name":"Falling","player_choice":"Removed Skill","floor":36.0,"gold_loss":0.0,"damage_taken":0.0},{"damage_healed":0,"gold_gain":0,"player_choice":"Fight","damage_taken":0,"max_hp_gain":0,"max_hp_loss":0,"event_name":"MindBloom","floor":44,"gold_loss":0}],"is_beta":false,"boss_relics":[{"not_picked":["Tiny House","SacredBark"],"picked":"Cursed Key"},{"not_picked":["Philosopher\u0027s Stone","Runic Dome"],"picked":"HolyWater"}],"items_purged_floors":[5,21,29,42],"is_endless":false,"potions_floor_spawned":[6,7,10,13,14,18,19,25,33,38,40,41,47,48],"ascension_level":13}}