{"host":"k6u7q08ihsmpx7o5","time":1609857613,"event":{"mods":["BaseMod","Bestiary","Filter the Spire","Minty Spire (QoL Compilation)","Permanent Neow","Relic Stats","StSLib"],"gold_per_floor":[117,129,49,63,83,83,83,83,107,107,117,142,142,154,154,231,231,242,242,261,61,61,93,5,40,40,40,51,77,77,90,90,162,162,180,200,422,422,438,466,477,504,504,579,579,579,579],"floor_reached":46,"playtime":2640,"items_purged":[],"score":1236,"play_id":"043170d7-ed4a-4be7-8cbe-6a4760a5cc0e","local_time":"20210105154013","is_ascension_mode":true,"campfire_choices":[{"data":"Armaments","floor":6,"key":"SMITH"},{"data":"Immolate","floor":8,"key":"SMITH"},{"data":"Fire Breathing","floor":13,"key":"SMITH"},{"data":"Metallicize","floor":15,"key":"SMITH"},{"data":"Ghostly","floor":27,"key":"SMITH"},{"data":"Ghostly","floor":30,"key":"SMITH"},{"floor":32,"key":"REST"},{"floor":45,"key":"REST"}],"circlet_count":0,"master_deck":["AscendersBane","Bash","Dark Embrace","Armaments+1","Havoc","Double Tap","Immolate+1","Whirlwind","Headbutt","Metallicize+1","Fire Breathing+1","Evolve","Exhume","Ghostly+1","Ghostly+1","Ghostly","Shrug It Off","Reckless Charge","Headbutt","Disarm","Exhume","Rupture","Impervious","Second Wind","Armaments+1"],"relics":["Pandora\u0027s Box","Lantern","Boot","SlaversCollar","Anchor","Smiling Mask","Red Mask","Blue Candle","Dream Catcher","Fusion Hammer","Sundial","Pen Nib","Pantograph"],"acts_visited":["Exordium","TheCity","TheBeyond"],"potions_floor_usage":[18,18,28,31,31,42],"damage_taken":[{"damage":8,"enemies":"Small Slimes","floor":1,"turns":2},{"damage":0,"enemies":"2 Louse","floor":2,"turns":1},{"damage":1,"enemies":"Cultist","floor":4,"turns":3},{"damage":6,"enemies":"2 Fungi Beasts","floor":5,"turns":2},{"damage":1,"enemies":"Exordium Wildlife","floor":11,"turns":2},{"damage":19,"enemies":"Lagavulin","floor":12,"turns":5},{"damage":0,"enemies":"3 Louse","floor":14,"turns":1},{"damage":0,"enemies":"Slime Boss","floor":16,"turns":4},{"damage":3,"enemies":"Chosen","floor":18,"turns":3},{"damage":11,"enemies":"3 Byrds","floor":20,"turns":5},{"damage":0,"enemies":"Slavers","floor":23,"turns":1},{"damage":0,"enemies":"Masked Bandits","floor":25,"turns":2},{"damage":0,"enemies":"Snecko","floor":28,"turns":4},{"damage":0,"enemies":"Gremlin Leader","floor":29,"turns":6},{"damage":18,"enemies":"Cultist and Chosen","floor":31,"turns":7},{"damage":7,"enemies":"Automaton","floor":33,"turns":10},{"damage":7,"enemies":"3 Shapes","floor":35,"turns":3},{"damage":0,"enemies":"Orb Walker","floor":36,"turns":5},{"damage":0,"enemies":"Sphere and 2 Shapes","floor":39,"turns":4},{"damage":1,"enemies":"Nemesis","floor":40,"turns":5},{"damage":21,"enemies":"Writhing Mass","floor":41,"turns":8},{"damage":2,"enemies":"Reptomancer","floor":42,"turns":6},{"damage":44,"enemies":"Nemesis","floor":46,"turns":4}],"seed_played":"8812292295714308631","potions_obtained":[{"floor":5,"key":"Swift Potion"},{"floor":11,"key":"ColorlessPotion"},{"floor":14,"key":"DistilledChaos"},{"floor":25,"key":"DistilledChaos"},{"floor":28,"key":"SneckoOil"},{"floor":29,"key":"HeartOfIron"},{"floor":31,"key":"Dexterity Potion"},{"floor":35,"key":"Regen Potion"}],"is_trial":false,"path_per_floor":["M","M","$","M","M","R","?","R","T","?","M","E","R","M","R","B",null,"M","?","M","$","?","E","$","?","T","R","M","E","R","M","R","B",null,"M","M","?","?","M","E","M","E","T","T","R","E"],"character_chosen":"IRONCLAD","items_purchased":["Fire Breathing","Anchor","Shrug It Off","Reckless Charge"],"campfire_rested":2,"item_purchase_floors":[3,21,21,24],"current_hp_per_floor":[60,60,60,59,53,53,46,46,46,46,45,26,26,26,26,26,63,60,37,26,26,26,26,26,26,26,26,26,26,26,8,19,12,31,24,24,24,24,24,23,2,15,15,15,26,0,0],"gold":579,"neow_bonus":"BOSS_RELIC","is_daily":false,"chose_seed":false,"campfire_upgraded":6,"win_rate":0.0,"timestamp":1609857613,"path_taken":["M","M","$","M","M","R","?","R","T","?","M","E","R","M","R","BOSS","M","?","M","$","?","E","?","?","T","R","?","E","R","M","R","BOSS","M","M","?","?","?","E","M","E","T","?","R","E"],"items_purchased_type":["Card","Relic","Card","Card"],"build_version":"2020-12-22","purchased_purges":0,"victory":false,"max_hp_per_floor":[75,75,75,75,75,75,75,75,75,75,75,75,75,75,75,75,75,75,37,37,37,37,37,37,37,37,37,37,37,37,37,37,37,37,37,37,37,37,37,37,37,37,37,37,37,37,37],"relic_stats":{"Dream Catcher":2,"counters":[23,93],"Sundial":[4],"Blue Candle":[1],"Pantograph":0,"Pandora\u0027s Box":["Dark Embrace","Havoc","Limit Break","Searing Blow","Armaments","Havoc","Double Tap","Immolate","Whirlwind"],"Pen Nib":[0],"Boot":[72],"Smiling Mask":0,"obtain_stats":[{"Lantern":9,"Blue Candle":26,"Pen Nib":42,"Boot":12,"Smiling Mask":23,"Burning Blood":0,"SlaversCollar":17,"Anchor":21,"Dream Catcher":29,"Sundial":40,"Pantograph":44,"Pandora\u0027s Box":0,"Fusion Hammer":34,"Red Mask":25},{"Lantern":4,"Blue Candle":12,"Pen Nib":22,"Boot":6,"Smiling Mask":11,"Burning Blood":0,"SlaversCollar":8,"Anchor":10,"Dream Catcher":14,"Sundial":20,"Pantograph":22,"Pandora\u0027s Box":0,"Fusion Hammer":16,"Red Mask":12},{"Lantern":8,"Blue Candle":31,"Pen Nib":89,"Boot":15,"Smiling Mask":29,"Burning Blood":0,"SlaversCollar":20,"Anchor":28,"Dream Catcher":41,"Sundial":75,"Pantograph":89,"Pandora\u0027s Box":0,"Fusion Hammer":58,"Red Mask":31}]},"card_choices":[{"not_picked":["Thunderclap","Bloodletting"],"picked":"Headbutt","floor":1},{"not_picked":["Sword Boomerang","Twin Strike"],"picked":"Metallicize","floor":2},{"not_picked":["Armaments","Sever Soul","Pommel Strike"],"picked":"SKIP","floor":4},{"not_picked":["Pommel Strike","Flex","Warcry"],"picked":"SKIP","floor":5},{"not_picked":["Fire Breathing","Twin Strike","Anger"],"picked":"SKIP","floor":11},{"not_picked":["Inflame","Havoc","Offering"],"picked":"SKIP","floor":12},{"not_picked":["Searing Blow","True Grit"],"picked":"Evolve","floor":14},{"not_picked":["Bludgeon","Juggernaut"],"picked":"Exhume","floor":16},{"not_picked":["Headbutt","Flex","Rampage"],"picked":"SKIP","floor":18},{"not_picked":["Havoc","Warcry","Bloodletting"],"picked":"SKIP","floor":20},{"not_picked":["Hemokinesis","Pummel+1","Twin Strike"],"picked":"SKIP","floor":23},{"not_picked":["Clothesline","Clash+1","Burning Pact"],"picked":"SKIP","floor":28},{"not_picked":["Flex","Clothesline"],"picked":"Headbutt","floor":29},{"not_picked":["Hemokinesis","Juggernaut","True Grit"],"picked":"SKIP","floor":31},{"not_picked":["Armaments","Anger"],"picked":"Disarm","floor":32},{"not_picked":["Demon Form","Bludgeon"],"picked":"Exhume","floor":33},{"not_picked":["Dual Wield","Thunderclap","Infernal Blade"],"picked":"SKIP","floor":35},{"not_picked":["Warcry","Shrug It Off","Body Slam+1"],"picked":"SKIP","floor":36},{"not_picked":["Shrug It Off","Heavy Blade","Iron Wave"],"picked":"SKIP","floor":39},{"not_picked":["Spot Weakness","Thunderclap"],"picked":"Impervious","floor":40},{"not_picked":["Cleave","Sever Soul+1","Clothesline"],"picked":"SKIP","floor":41},{"not_picked":["Infernal Blade","Uppercut"],"picked":"Second Wind","floor":42},{"not_picked":["Headbutt+1","Twin Strike"],"picked":"Armaments+1","floor":45}],"player_experience":1955837,"relics_obtained":[{"floor":9,"key":"Lantern"},{"floor":12,"key":"Boot"},{"floor":23,"key":"Smiling Mask"},{"floor":25,"key":"Red Mask"},{"floor":26,"key":"Blue Candle"},{"floor":29,"key":"Dream Catcher"},{"floor":40,"key":"Sundial"},{"floor":42,"key":"Pen Nib"},{"floor":44,"key":"Pantograph"}],"event_choices":[{"cards_removed":["Searing Blow"],"damage_healed":0,"gold_gain":0,"player_choice":"Card Removal","damage_taken":7,"max_hp_gain":0,"max_hp_loss":0,"event_name":"Golden Wing","floor":7,"gold_loss":0},{"cards_removed":["Limit Break"],"damage_healed":0,"gold_gain":0,"player_choice":"Card Removal","damage_taken":0,"max_hp_gain":0,"max_hp_loss":0,"event_name":"Wheel of Change","floor":10,"gold_loss":0},{"damage_healed":0,"gold_gain":0,"player_choice":"Became a Ghost","damage_taken":0,"max_hp_gain":0,"max_hp_loss":38,"event_name":"Ghosts","floor":19,"gold_loss":0,"cards_obtained":["Ghostly","Ghostly","Ghostly"]},{"damage_healed":0,"gold_gain":0,"player_choice":"Ignored","damage_taken":0,"max_hp_gain":0,"max_hp_loss":0,"event_name":"Vampires","floor":22,"gold_loss":0},{"damage_healed":0,"gold_gain":0,"player_choice":"Fought Bandits","damage_taken":0,"max_hp_gain":0,"max_hp_loss":0,"event_name":"Masked Bandits","floor":25,"gold_loss":0},{"damage_healed":0,"gold_gain":222,"player_choice":"Wore Mask","damage_taken":0,"max_hp_gain":0,"max_hp_loss":0,"event_name":"Tomb of Lord Red Mask","floor":37,"gold_loss":0},{"damage_healed":0,"gold_gain":0,"cards_transformed":["Havoc"],"player_choice":"Transformed","damage_taken":0,"max_hp_gain":0,"max_hp_loss":0,"event_name":"Transmorgrifier","floor":38,"gold_loss":0,"cards_obtained":["Rupture"]}],"is_beta":false,"boss_relics":[{"not_picked":["Calling Bell","Velvet Choker"],"picked":"SlaversCollar"},{"not_picked":["Empty Cage","Busted Crown"],"picked":"Fusion Hammer"}],"items_purged_floors":[],"is_endless":false,"potions_floor_spawned":[5,11,14,16,25,28,29,31,35,36,41],"killed_by":"Nemesis","ascension_level":20}}