{"host":"q3i87yx2dgqr54co","time":1609867121,"event":{"mods":["BaseMod","Block Reminder","Colored Map","Colored Powertips","DeckTracker","Highlight Path","Minty Spire (QoL Compilation)","Permanent Neow","Potionbrewer","Quick Restart","Relic Sorter","Relic Stats","StSLib","The Bug Knight","The Gatherer","The Sage"],"gold_per_floor":[117,131,143,160,179,214,227,291,291,291,317,317,348,362,362,465,465,465,465],"floor_reached":18,"playtime":1478,"items_purged":[],"score":202,"play_id":"a94a5d64-ffe3-43d9-9938-fcd640044b4e","local_time":"20210105121841","is_ascension_mode":true,"campfire_choices":[{"floor":12,"key":"REST"},{"floor":15,"key":"REST"}],"circlet_count":0,"master_deck":["Strike_G","Strike_G","Strike_G","Strike_G","Strike_G","Defend_G","Defend_G","Defend_G","Defend_G","Defend_G","Survivor","Neutralize","Adrenaline","Distraction","Deadly Poison","Bane","Noxious Fumes","Slice","Deadly Poison","Noxious Fumes","Choke","Finisher","Masterful Stab","Phantasmal Killer"],"relics":["Ring of the Snake","Matryoshka","potionbrewer:Torch","Ancient Tea Set","Pear","Incense Burner","Black Star"],"acts_visited":["Exordium","TheCity"],"potions_floor_usage":[6,8,8,11,16],"damage_taken":[{"damage":0,"enemies":"Small Slimes","floor":1,"turns":3},{"damage":1,"enemies":"Cultist","floor":2,"turns":5},{"damage":0,"enemies":"2 Louse","floor":3,"turns":2},{"damage":3,"enemies":"Looter","floor":4,"turns":3},{"damage":3,"enemies":"2 Fungi Beasts","floor":5,"turns":4},{"damage":5,"enemies":"Lagavulin","floor":6,"turns":7},{"damage":7,"enemies":"Large Slime","floor":7,"turns":5},{"damage":15,"enemies":"Gremlin Nob","floor":8,"turns":4},{"damage":33,"enemies":"Gremlin Nob","floor":11,"turns":4},{"damage":4,"enemies":"HollowMod:MossKnight","floor":13,"turns":4},{"damage":4,"enemies":"Exordium Wildlife","floor":14,"turns":4},{"damage":17,"enemies":"Slime Boss","floor":16,"turns":9},{"damage":5,"enemies":"Shell Parasite","floor":18,"turns":3}],"seed_played":"3483253593970627680","potions_obtained":[{"floor":1,"key":"potionbrewer:EndurancePotion"},{"floor":3,"key":"potionbrewer:ToxicPotion"},{"floor":7,"key":"Weak Potion"},{"floor":8,"key":"Regen Potion"},{"floor":13,"key":"PowerPotion"},{"floor":14,"key":"ColorlessPotion"}],"is_trial":false,"path_per_floor":["M","M","M","M","M","E","M","?","T","?","E","R","E","M","R","B",null,"M"],"character_chosen":"THE_SILENT","items_purchased":[],"campfire_rested":2,"item_purchase_floors":[],"current_hp_per_floor":[70,69,69,66,63,58,51,36,36,29,20,44,40,36,60,43,80,75,75],"gold":465,"neow_bonus":"ONE_RANDOM_RARE_CARD","is_daily":false,"chose_seed":false,"campfire_upgraded":0,"win_rate":0.0,"timestamp":1609867121,"path_taken":["M","M","M","M","M","E","M","?","T","?","E","R","E","M","R","BOSS","M"],"items_purchased_type":[],"build_version":"2020-12-22","purchased_purges":0,"victory":false,"max_hp_per_floor":[70,70,70,70,70,70,70,70,70,70,80,80,80,80,80,80,80,80,80],"relic_stats":{"counters":[13,57],"Black Star":0,"obtain_stats":[{"potionbrewer:Torch":8,"Matryoshka":6,"Pear":11,"Incense Burner":13,"Black Star":17,"Ancient Tea Set":9,"Ring of the Snake":0},{"potionbrewer:Torch":8,"Matryoshka":6,"Pear":9,"Incense Burner":10,"Black Star":12,"Ancient Tea Set":8,"Ring of the Snake":0},{"potionbrewer:Torch":33,"Matryoshka":24,"Pear":37,"Incense Burner":41,"Black Star":54,"Ancient Tea Set":33,"Ring of the Snake":0}],"Ring of the Snake":[26]},"card_choices":[{"not_picked":["Masterful Stab","Flying Knee"],"picked":"Distraction","floor":1},{"not_picked":["Poisoned Stab","Dodge and Roll"],"picked":"Deadly Poison","floor":2},{"not_picked":["Escape Plan","Dagger Spray"],"picked":"Bane","floor":3},{"not_picked":["Heel Hook","Dash"],"picked":"Noxious Fumes","floor":4},{"not_picked":["Distraction","Flying Knee"],"picked":"Slice","floor":5},{"not_picked":["Footwork","Predator"],"picked":"Deadly Poison","floor":6},{"not_picked":["Dagger Throw","Dodge and Roll","Deflect"],"picked":"SKIP","floor":7},{"not_picked":["Bane","PiercingWail"],"picked":"Noxious Fumes","floor":8},{"not_picked":["Acrobatics","Dodge and Roll"],"picked":"Choke","floor":11},{"not_picked":["Cloak And Dagger","Bane"],"picked":"Finisher","floor":13},{"not_picked":["Dagger Throw","Malaise"],"picked":"Masterful Stab","floor":14},{"not_picked":["Tools of the Trade","Unload"],"picked":"Phantasmal Killer","floor":16}],"player_experience":133812,"relics_obtained":[{"floor":6,"key":"Matryoshka"},{"floor":8,"key":"potionbrewer:Torch"},{"floor":9,"key":"Ancient Tea Set"},{"floor":11,"key":"Pear"},{"floor":13,"key":"Incense Burner"}],"event_choices":[{"damage_healed":0,"gold_gain":0,"player_choice":"Searched \u00271\u0027 times","damage_taken":0,"max_hp_gain":0,"max_hp_loss":0,"event_name":"Dead Adventurer","floor":8,"gold_loss":0},{"damage_healed":0,"gold_gain":0,"player_choice":"Damaged","damage_taken":7,"max_hp_gain":0,"max_hp_loss":0,"event_name":"Wheel of Change","floor":10,"gold_loss":0}],"is_beta":false,"boss_relics":[{"not_picked":["Runic Pyramid","Calling Bell"],"picked":"Black Star"}],"items_purged_floors":[],"is_endless":false,"potions_floor_spawned":[1,3,7,8,13,14],"killed_by":"Shell Parasite","ascension_level":2}}