{"host":"sz8c8ni79nvzjmmg","time":1609861829,"event":{"mods":["AchievementEnabler","BaseMod","DeckTracker","Keyboard Shortcuts","Minty Spire (QoL Compilation)","SuperFastMode"],"gold_per_floor":[368,90,90,102,122,147,147,147,147],"floor_reached":8,"playtime":246,"items_purged":["Strike_R"],"score":112,"play_id":"8ffb9349-515f-48a3-9b42-30ba9173d4ed","local_time":"20210106005029","is_ascension_mode":true,"campfire_choices":[{"data":"Reprogram","floor":7,"key":"SMITH"}],"circlet_count":0,"master_deck":["AscendersBane","Strike_R","Strike_R","Strike_R","Strike_R","Defend_R","Defend_R","Defend_R","Defend_R","Bash","Clothesline","Shrug It Off","Reprogram+1","Conserve Battery","Acrobatics"],"relics":["Burning Blood","PrismaticShard","Anchor"],"acts_visited":["Exordium"],"potions_floor_usage":[],"damage_taken":[{"damage":10,"enemies":"2 Louse","floor":1,"turns":2},{"damage":1,"enemies":"Cultist","floor":4,"turns":3},{"damage":7,"enemies":"Small Slimes","floor":5,"turns":5},{"damage":42,"enemies":"Gremlin Nob","floor":6,"turns":6},{"damage":38,"enemies":"3 Sentries","floor":8,"turns":12}],"seed_played":"535009578140071733","potions_obtained":[{"floor":4,"key":"Weak Potion"}],"is_trial":false,"path_per_floor":["M","$","?","M","M","E","R","E"],"character_chosen":"IRONCLAD","items_purchased":["PrismaticShard","Shrug It Off"],"campfire_rested":0,"item_purchase_floors":[2,2],"current_hp_per_floor":[64,64,64,68,67,31,31,0,0],"gold":147,"neow_bonus":"TWO_FIFTY_GOLD","is_daily":false,"chose_seed":false,"campfire_upgraded":1,"win_rate":0.0,"timestamp":1609861829,"path_taken":["M","$","?","M","M","E","R","E"],"items_purchased_type":["Relic","Card"],"build_version":"2020-12-22","purchased_purges":1,"victory":false,"max_hp_per_floor":[68,68,68,68,68,68,68,68,68],"card_choices":[{"not_picked":["Armaments","Spot Weakness"],"picked":"Clothesline","floor":1},{"not_picked":["Uppercut","Outmaneuver"],"picked":"Reprogram","floor":4},{"not_picked":["Loop","SashWhip"],"picked":"Conserve Battery","floor":5},{"not_picked":["Shockwave","Flying Knee"],"picked":"Acrobatics","floor":6}],"player_experience":1224357,"relics_obtained":[{"floor":6,"key":"Anchor"}],"event_choices":[{"damage_healed":0,"gold_gain":0,"player_choice":"0 cards matched","damage_taken":0,"max_hp_gain":0,"max_hp_loss":0,"event_name":"Match and Keep!","floor":3,"gold_loss":0,"cards_obtained":[]}],"is_beta":false,"boss_relics":[],"items_purged_floors":[2],"is_endless":false,"potions_floor_spawned":[4],"killed_by":"3 Sentries","ascension_level":20}}