{"host":"9l4mw5jqza9qz9hr","time":1609844901,"event":{"mods":["AchievementEnabler","Always Whale","BaseMod","Colored Map","Minty Spire (QoL Compilation)","StSLib","SuperFastMode"],"gold_per_floor":[115,126,76,76,76,107,117,147,195,120,133,208,236,251,251,355,355,339,239,289,301,316,316,332,360,360,360,378,378,394,410,410,513,513,532,282,332,332,332,357,371,371,371,401,401,10,10,42,42,42],"floor_reached":51,"playtime":2017,"items_purged":["Strike_R","Bash","Defend_R","Defend_R"],"score":1428,"play_id":"85f64b24-e752-455b-8980-0a9f5e4e310f","local_time":"20210105200821","is_ascension_mode":true,"campfire_choices":[{"data":"Juggernaut","floor":15.0,"key":"SMITH"},{"data":"Barricade","floor":23.0,"key":"SMITH"},{"data":"Body Slam","floor":27.0,"key":"SMITH"},{"data":"Body Slam","floor":29.0,"key":"SMITH"},{"data":"Metallicize","floor":32.0,"key":"SMITH"},{"data":"Armaments","floor":42.0,"key":"SMITH"},{"data":"True Grit","floor":45.0,"key":"SMITH"},{"data":"Seeing Red","floor":49,"key":"SMITH"}],"circlet_count":0,"master_deck":["AscendersBane","Defend_R","True Grit+1","Seeing Red+1","Juggernaut+1","Shrug It Off","Shrug It Off","Body Slam+1","Feel No Pain","Shrug It Off","Barricade+1","Intimidate+1","Intimidate+1","Evolve+1","Body Slam+1","Shrug It Off+1","Metallicize+1","Dark Embrace","Armaments+1","Metallicize+1","Shockwave+1"],"relics":["Burning Blood","NeowsBlessing","White Beast Statue","Blood Vial","Strawberry","Du-Vu Doll","Astrolabe","Lantern","Bottled Tornado","Philosopher\u0027s Stone","WingedGreaves","Boot","Toxic Egg 2","Gremlin Horn","HornCleat","Bag of Marbles"],"acts_visited":["Exordium","TheCity","TheBeyond"],"potions_floor_usage":[],"damage_taken":[{"damage":0.0,"enemies":"2 Louse","floor":1.0,"turns":1.0},{"damage":0.0,"enemies":"Small Slimes","floor":2.0,"turns":1.0},{"damage":0.0,"enemies":"Gremlin Nob","floor":6.0,"turns":1.0},{"damage":1.0,"enemies":"Jaw Worm","floor":7.0,"turns":6.0},{"damage":30.0,"enemies":"Lagavulin","floor":8.0,"turns":9.0},{"damage":0.0,"enemies":"Large Slime","floor":11.0,"turns":8.0},{"damage":65.0,"enemies":"Gremlin Nob","floor":13.0,"turns":6.0},{"damage":2.0,"enemies":"Red Slaver","floor":14.0,"turns":4.0},{"damage":6.0,"enemies":"The Guardian","floor":16.0,"turns":10.0},{"damage":3.0,"enemies":"2 Thieves","floor":18.0,"turns":4.0},{"damage":0.0,"enemies":"3 Byrds","floor":21.0,"turns":6.0},{"damage":7.0,"enemies":"Shelled Parasite and Fungi","floor":22.0,"turns":10.0},{"damage":24.0,"enemies":"Snecko","floor":24.0,"turns":7.0},{"damage":46.0,"enemies":"Book of Stabbing","floor":25.0,"turns":8.0},{"damage":4.0,"enemies":"3 Cultists","floor":28.0,"turns":5.0},{"damage":0.0,"enemies":"Sentry and Sphere","floor":30.0,"turns":5.0},{"damage":0.0,"enemies":"Snecko","floor":31.0,"turns":5.0},{"damage":0.0,"enemies":"Champ","floor":33.0,"turns":7.0},{"damage":20.0,"enemies":"Orb Walker","floor":35.0,"turns":4.0},{"damage":6.0,"enemies":"Mind Bloom Boss Battle","floor":37.0,"turns":5.0},{"damage":0.0,"enemies":"Nemesis","floor":40.0,"turns":7.0},{"damage":24.0,"enemies":"3 Darklings","floor":41.0,"turns":5.0},{"damage":0.0,"enemies":"Giant Head","floor":44.0,"turns":6.0},{"damage":1,"enemies":"Nemesis","floor":48,"turns":5},{"damage":23,"enemies":"Time Eater","floor":50,"turns":10}],"seed_played":"7646639224530382718","potions_obtained":[{"floor":7.0,"key":"SteroidPotion"},{"floor":8.0,"key":"SteroidPotion"},{"floor":11.0,"key":"Explosive Potion"},{"floor":13.0,"key":"Fire Potion"},{"floor":16.0,"key":"Ancient Potion"},{"floor":18.0,"key":"DuplicationPotion"},{"floor":21.0,"key":"FearPotion"},{"floor":22.0,"key":"ColorlessPotion"},{"floor":24.0,"key":"Explosive Potion"},{"floor":25.0,"key":"Strength Potion"},{"floor":28.0,"key":"SpeedPotion"},{"floor":30.0,"key":"LiquidBronze"},{"floor":31.0,"key":"BloodPotion"},{"floor":33.0,"key":"Swift Potion"}],"is_trial":false,"path_per_floor":["M","M","?","?","?","E","M","E","T","$","M","?","E","M","R","B",null,"M","$","?","M","M","R","M","E","T","R","M","R","M","M","R","B",null,"M","$","?","?","?","E","M","R","T","E","R","$","?","E","R","B",null],"character_chosen":"IRONCLAD","items_purchased":["Dark Embrace","Armaments","HornCleat"],"campfire_rested":0,"item_purchase_floors":[36,36,46],"current_hp_per_floor":[78,80,80,85,85,85,85,61,68,68,76,65,8,14,14,16,73,78,78,78,86,87,87,71,33,33,33,37,37,45,71,71,79,89,77,77,79,79,79,87,71,71,71,79,79,79,79,86,86,70],"gold":42,"neow_bonus":"THREE_ENEMY_KILL","is_daily":false,"chose_seed":false,"campfire_upgraded":8,"win_rate":0.0,"timestamp":1609844901,"path_taken":["M","M","?","?","?","E","M","E","T","$","M","?","E","?","R","BOSS","M","$","?","M","M","R","M","E","T","R","M","R","?","M","R","BOSS","M","$","?","?","?","E","?","R","T","E","R","$","?","E","R","BOSS"],"items_purchased_type":["Card","Card","Relic"],"build_version":"2020-12-22","purchased_purges":4,"victory":true,"max_hp_per_floor":[80,80,80,85,85,85,85,85,92,92,92,92,92,92,92,92,92,92,92,92,92,92,92,92,92,92,92,92,92,92,92,92,92,92,92,92,92,92,92,92,92,92,92,92,92,92,87,87,87,87],"card_choices":[{"not_picked":["Clash","Havoc","Anger"],"picked":"SKIP","floor":1.0},{"not_picked":["Warcry","Havoc"],"picked":"True Grit","floor":2.0},{"not_picked":["Rage","Second Wind"],"picked":"Juggernaut","floor":6.0},{"not_picked":["Flex","Sword Boomerang"],"picked":"Shrug It Off","floor":7.0},{"not_picked":["Infernal Blade","Dropkick"],"picked":"Shrug It Off","floor":8.0},{"not_picked":["Carnage","Disarm"],"picked":"Body Slam","floor":11.0},{"not_picked":["Wild Strike","Reckless Charge"],"picked":"Feel No Pain","floor":13.0},{"not_picked":["Feel No Pain","Headbutt"],"picked":"Shrug It Off","floor":14.0},{"not_picked":["Brutality","Impervious"],"picked":"Barricade","floor":16.0},{"not_picked":["Dropkick","Anger"],"picked":"Body Slam","floor":18.0},{"not_picked":["Clash","Iron Wave","Flex"],"picked":"SKIP","floor":21.0},{"not_picked":["Clash","Second Wind","Headbutt"],"picked":"SKIP","floor":22.0},{"not_picked":["Intimidate","Body Slam"],"picked":"Shrug It Off+1","floor":24.0},{"not_picked":["Barricade","Headbutt+1","Hemokinesis"],"picked":"SKIP","floor":25.0},{"not_picked":["Wild Strike","Cleave","Shrug It Off"],"picked":"SKIP","floor":28.0},{"not_picked":["Blood for Blood+1","Wild Strike","Twin Strike"],"picked":"SKIP","floor":30.0},{"not_picked":["Heavy Blade","Wild Strike"],"picked":"Metallicize","floor":31.0},{"not_picked":["Exhume","Reaper"],"picked":"Offering","floor":33.0},{"not_picked":["Clash","Anger+1","Dropkick+1"],"picked":"SKIP","floor":35.0},{"not_picked":["Pummel","Armaments+1"],"picked":"Metallicize+1","floor":40.0},{"not_picked":["Iron Wave+1","Perfected Strike+1","Pommel Strike+1"],"picked":"SKIP","floor":41.0},{"not_picked":["Warcry+1","Clothesline","Battle Trance+1"],"picked":"SKIP","floor":44.0},{"not_picked":["Whirlwind","Sword Boomerang+1"],"picked":"Shockwave+1","floor":48}],"player_experience":173956,"relics_obtained":[{"floor":6.0,"key":"White Beast Statue"},{"floor":8.0,"key":"Blood Vial"},{"floor":9.0,"key":"Strawberry"},{"floor":13.0,"key":"Du-Vu Doll"},{"floor":25.0,"key":"Lantern"},{"floor":26.0,"key":"Bottled Tornado"},{"floor":37.0,"key":"WingedGreaves"},{"floor":40.0,"key":"Boot"},{"floor":43.0,"key":"Toxic Egg 2"},{"floor":44.0,"key":"Gremlin Horn"},{"floor":48,"key":"Bag of Marbles"}],"event_choices":[{"cards_removed":["Strike_R"],"damage_healed":0.0,"max_hp_gain":0.0,"max_hp_loss":0.0,"gold_gain":0.0,"event_name":"The Cleric","player_choice":"Card Removal","floor":3.0,"gold_loss":50.0,"damage_taken":0.0},{"damage_healed":0.0,"max_hp_gain":5.0,"max_hp_loss":0.0,"gold_gain":0.0,"event_name":"Big Fish","player_choice":"Donut","floor":4.0,"gold_loss":0.0,"damage_taken":0.0},{"damage_healed":0.0,"max_hp_gain":0.0,"max_hp_loss":0.0,"gold_gain":0.0,"cards_transformed":["Strike_R"],"event_name":"Living Wall","player_choice":"Change","floor":5.0,"gold_loss":0.0,"damage_taken":0.0,"cards_obtained":["Seeing Red"]},{"damage_healed":0.0,"max_hp_gain":0.0,"max_hp_loss":0.0,"gold_gain":75.0,"event_name":"World of Goop","player_choice":"Gather Gold","floor":12.0,"gold_loss":0.0,"damage_taken":11.0},{"damage_healed":0.0,"max_hp_gain":0.0,"max_hp_loss":0.0,"gold_gain":100.0,"event_name":"The Joust","player_choice":"Bet on Murderer","floor":20.0,"gold_loss":50.0,"damage_taken":0.0},{"damage_healed":0.0,"max_hp_gain":0.0,"max_hp_loss":0.0,"gold_gain":0.0,"event_name":"MindBloom","player_choice":"Fight","floor":37.0,"gold_loss":0.0,"damage_taken":0.0},{"cards_removed":["Offering"],"damage_healed":0.0,"max_hp_gain":0.0,"max_hp_loss":0.0,"gold_gain":0.0,"event_name":"Falling","player_choice":"Removed Skill","floor":38.0,"gold_loss":0.0,"damage_taken":0.0},{"damage_healed":0.0,"max_hp_gain":0.0,"max_hp_loss":0.0,"gold_gain":0.0,"event_name":"Tomb of Lord Red Mask","player_choice":"Ignored","floor":39.0,"gold_loss":0.0,"damage_taken":0.0},{"damage_healed":0.0,"max_hp_gain":0.0,"max_hp_loss":5.0,"gold_gain":0.0,"event_name":"Winding Halls","player_choice":"Max HP","floor":47.0,"gold_loss":0.0,"damage_taken":0.0}],"is_beta":false,"boss_relics":[{"not_picked":["SacredBark","Snecko Eye"],"picked":"Astrolabe"},{"not_picked":["Busted Crown","Black Blood"],"picked":"Philosopher\u0027s Stone"}],"items_purged_floors":[10,19,36,46],"is_endless":false,"potions_floor_spawned":[7,8,11,13,14,16,18,21,22,24,25,28,30,31,33,35,37,40,41,44,48],"ascension_level":11}}