{"host":"FirstDane","time":1609815538,"event":{"mods":["BaseMod","Bestiary","Highlight Path","Minty Spire (QoL Compilation)","Relic Stats","Slay the Relics Exporter"],"gold_per_floor":[17,31,31,47,67,94,94,134,159,184,209,244,244,120,120,206,206,233,244,45,45,65,65,82,115,115,145,163,163,177,197,197,275,275,295,312,29,46,61,75,75,102,129,129,143,143,143,175,175,175,175,175],"floor_reached":51,"playtime":4912,"items_purged":["Strike_G","Strike_G"],"score":1596,"play_id":"692eea98-c6a4-4116-9fac-ef219e30637a","local_time":"20210104205858","is_ascension_mode":true,"campfire_choices":[{"data":"Prepared","floor":13,"key":"SMITH"},{"data":"Calculated Gamble","floor":15,"key":"SMITH"},{"data":"Tools of the Trade","floor":23,"key":"SMITH"},{"floor":29,"key":"REST"},{"floor":32,"key":"REST"},{"data":"Apotheosis","floor":41,"key":"SMITH"},{"floor":47,"key":"REST"},{"floor":49,"key":"RECALL"}],"circlet_count":0,"master_deck":["AscendersBane","Strike_G","Strike_G","Defend_G","Defend_G","Defend_G","Defend_G","Defend_G","Survivor","Neutralize","Blade Dance","Phantasmal Killer","Masterful Stab","Dagger Throw","Prepared+1","Calculated Gamble+1","Reflex","Dash","PiercingWail","Tools of the Trade+1","Well Laid Plans","Backflip","Eviscerate","Acrobatics","Corpse Explosion","Terror","Apotheosis+1","Footwork","PiercingWail+1","Night Terror","Crippling Poison","Burst"],"relics":["Ring of the Snake","Tingsha","Gremlin Horn","Oddly Smooth Stone","HoveringKite","Nloth\u0027s Gift","Bronze Scales","Tiny Chest","Shovel","Runic Dome","Frozen Egg 2","Toy Ornithopter","Singing Bowl","Snake Skull"],"acts_visited":["Exordium","TheCity","TheBeyond"],"potions_floor_usage":[8,11,12,18,25,27,30,33,38,38,50],"damage_taken":[{"damage":1,"enemies":"Small Slimes","floor":1,"turns":5},{"damage":0,"enemies":"Jaw Worm","floor":2,"turns":4},{"damage":0,"enemies":"Cultist","floor":4,"turns":3},{"damage":0,"enemies":"Blue Slaver","floor":5,"turns":3},{"damage":21,"enemies":"Gremlin Nob","floor":6,"turns":4},{"damage":0,"enemies":"3 Sentries","floor":8,"turns":4},{"damage":0,"enemies":"Lots of Slimes","floor":10,"turns":1},{"damage":5,"enemies":"Large Slime","floor":11,"turns":7},{"damage":7,"enemies":"Lagavulin","floor":12,"turns":6},{"damage":8,"enemies":"Hexaghost","floor":16,"turns":8},{"damage":7,"enemies":"Shell Parasite","floor":18,"turns":4},{"damage":0,"enemies":"Chosen","floor":19,"turns":3},{"damage":2,"enemies":"Centurion and Healer","floor":22,"turns":6},{"damage":24,"enemies":"Chosen and Byrds","floor":24,"turns":7},{"damage":1,"enemies":"Book of Stabbing","floor":25,"turns":7},{"damage":3,"enemies":"Slavers","floor":27,"turns":7},{"damage":9,"enemies":"Sentry and Sphere","floor":28,"turns":5},{"damage":26,"enemies":"Snake Plant","floor":30,"turns":4},{"damage":2,"enemies":"Centurion and Healer","floor":31,"turns":6},{"damage":8,"enemies":"Collector","floor":33,"turns":7},{"damage":4,"enemies":"3 Darklings","floor":35,"turns":4},{"damage":0,"enemies":"Orb Walker","floor":36,"turns":3},{"damage":2,"enemies":"Transient","floor":38,"turns":6},{"damage":0,"enemies":"4 Shapes","floor":39,"turns":4},{"damage":1,"enemies":"3 Darklings","floor":40,"turns":5},{"damage":0,"enemies":"Nemesis","floor":42,"turns":7},{"damage":23,"enemies":"Transient","floor":45,"turns":6},{"damage":29,"enemies":"Reptomancer","floor":48,"turns":4},{"damage":5,"enemies":"Awakened One","floor":50,"turns":15},{"damage":19,"enemies":"Time Eater","floor":51,"turns":1}],"seed_played":"3837936940779376886","potions_obtained":[{"floor":4,"key":"Explosive Potion"},{"floor":5,"key":"SpeedPotion"},{"floor":8,"key":"Strength Potion"},{"floor":10,"key":"Regen Potion"},{"floor":16,"key":"SneckoOil"},{"floor":19,"key":"Strength Potion"},{"floor":27,"key":"SpeedPotion"},{"floor":30,"key":"SpeedPotion"},{"floor":35,"key":"Strength Potion"},{"floor":36,"key":"Fire Potion"},{"floor":48,"key":"GamblersBrew"}],"is_trial":false,"path_per_floor":["M","M","?","M","M","E","?","E","T","M","M","E","R","$","R","B",null,"M","M","$","?","M","R","M","E","T","E","M","R","M","M","R","B",null,"M","M","$","M","M","M","R","E","T","?","M","T","R","E","R","B","B"],"character_chosen":"THE_SILENT","items_purchased":["PiercingWail","Backflip","Fire Potion","Apotheosis","Footwork"],"campfire_rested":3,"item_purchase_floors":[14,20,20,37,37],"current_hp_per_floor":[58,58,58,58,58,37,37,37,37,37,47,40,40,40,40,32,58,51,51,51,51,49,49,25,24,24,21,12,31,5,3,22,14,53,49,49,49,47,47,46,46,46,46,46,23,23,42,13,13,13,0,0],"gold":175,"neow_bonus":"ONE_RARE_RELIC","is_daily":false,"chose_seed":false,"campfire_upgraded":4,"win_rate":0.0,"timestamp":1609815538,"path_taken":["M","M","?","M","M","E","?","E","T","M","M","E","R","$","R","BOSS","M","M","$","?","M","R","M","E","T","E","M","R","M","M","R","BOSS","M","M","?","M","M","M","R","E","T","?","?","?","R","E","R","BOSS","BOSS"],"items_purchased_type":["Card","Card","Potion","Card","Card"],"build_version":"2020-12-18","purchased_purges":2,"victory":false,"max_hp_per_floor":[66,66,66,66,66,66,66,66,66,66,66,66,66,66,66,66,66,66,66,66,66,66,66,66,66,66,66,66,66,66,66,66,66,66,66,66,66,66,66,66,66,66,66,66,66,66,66,66,66,66,66,66],"relic_stats":{"Gremlin Horn":[29,29],"Singing Bowl":0,"counters":[30,156],"HoveringKite":[96],"Tingsha":[1448],"Snake Skull":[3],"Shovel":0,"Bronze Scales":[279],"Tiny Chest":1,"Nloth\u0027s Gift":5,"obtain_stats":[{"Gremlin Horn":6,"Singing Bowl":46,"CeramicFish":8,"Oddly Smooth Stone":12,"HoveringKite":17,"Tingsha":0,"Snake Skull":48,"Frozen Egg 2":42,"Runic Dome":34,"Shovel":27,"Bronze Scales":25,"Tiny Chest":26,"Nloth\u0027s Gift":21,"Toy Ornithopter":43,"Ring of the Snake":0},{"Gremlin Horn":5,"Singing Bowl":27,"CeramicFish":6,"Oddly Smooth Stone":9,"HoveringKite":10,"Tingsha":0,"Snake Skull":28,"Frozen Egg 2":26,"Runic Dome":20,"Shovel":16,"Bronze Scales":15,"Tiny Chest":15,"Nloth\u0027s Gift":12,"Toy Ornithopter":26,"Ring of the Snake":0},{"Gremlin Horn":19,"Singing Bowl":136,"CeramicFish":23,"Oddly Smooth Stone":37,"HoveringKite":45,"Tingsha":0,"Snake Skull":140,"Frozen Egg 2":130,"Runic Dome":101,"Shovel":79,"Bronze Scales":72,"Tiny Chest":72,"Nloth\u0027s Gift":52,"Toy Ornithopter":130,"Ring of the Snake":0}],"Toy Ornithopter":5,"Ring of the Snake":[60]},"card_choices":[{"not_picked":["Backflip","Outmaneuver"],"picked":"Blade Dance","floor":1},{"not_picked":["Dagger Spray","Deflect"],"picked":"Phantasmal Killer","floor":2},{"not_picked":["Poisoned Stab","Underhanded Strike"],"picked":"Dagger Throw","floor":4},{"not_picked":["Flying Knee","Caltrops","Blade Dance"],"picked":"SKIP","floor":5},{"not_picked":["Setup","Dagger Throw"],"picked":"Prepared","floor":6},{"not_picked":["Acrobatics","Underhanded Strike"],"picked":"Calculated Gamble","floor":8},{"not_picked":["Finisher","Quick Slash"],"picked":"Reflex","floor":10},{"not_picked":["Sucker Punch","Envenom"],"picked":"Dash","floor":11},{"not_picked":["Sucker Punch","Blade Dance","Infinite Blades"],"picked":"SKIP","floor":12},{"not_picked":["Sucker Punch","Blade Dance","Infinite Blades"],"picked":"SKIP","floor":12},{"not_picked":["Sucker Punch","Blade Dance","Infinite Blades"],"picked":"SKIP","floor":12},{"not_picked":["Unload","After Image"],"picked":"Tools of the Trade","floor":16},{"not_picked":["Outmaneuver","Flying Knee"],"picked":"Well Laid Plans","floor":18},{"not_picked":["Deflect","Caltrops","Sucker Punch"],"picked":"SKIP","floor":19},{"not_picked":["Poisoned Stab","Dagger Spray","Eviscerate"],"picked":"SKIP","floor":22},{"not_picked":["Riddle With Holes","Deflect","Poisoned Stab"],"picked":"SKIP","floor":24},{"not_picked":["Riddle With Holes","Deflect","Poisoned Stab"],"picked":"SKIP","floor":24},{"not_picked":["Distraction","Backstab","Grand Finale"],"picked":"SKIP","floor":25},{"not_picked":["Poisoned Stab","Endless Agony","Riddle With Holes+1"],"picked":"SKIP","floor":27},{"not_picked":["Deadly Poison+1","Bane"],"picked":"Eviscerate","floor":28},{"not_picked":["Well Laid Plans","Flying Knee","Deadly Poison"],"picked":"SKIP","floor":30},{"not_picked":["Distraction","Blur+1"],"picked":"Acrobatics","floor":31},{"not_picked":["Glass Knife","A Thousand Cuts"],"picked":"Corpse Explosion","floor":33},{"not_picked":["Blade Dance","Setup","Outmaneuver"],"picked":"SKIP","floor":35},{"not_picked":["Distraction+1","Flying Knee"],"picked":"Terror","floor":36},{"not_picked":["Die Die Die","Acrobatics"],"picked":"PiercingWail+1","floor":38},{"not_picked":["Distraction","Cloak And Dagger","Catalyst+1"],"picked":"SKIP","floor":39},{"not_picked":["Distraction","Phantasmal Killer","Eviscerate"],"picked":"SKIP","floor":40},{"not_picked":["PiercingWail+1","Masterful Stab"],"picked":"Night Terror","floor":42},{"not_picked":["Backstab","Escape Plan+1"],"picked":"Crippling Poison","floor":45},{"not_picked":["Grand Finale","Flying Knee"],"picked":"Burst","floor":48}],"player_experience":3845618,"relics_obtained":[{"floor":6,"key":"Gremlin Horn"},{"floor":8,"key":"CeramicFish"},{"floor":12,"key":"Oddly Smooth Stone"},{"floor":25,"key":"Bronze Scales"},{"floor":26,"key":"Tiny Chest"},{"floor":27,"key":"Shovel"},{"floor":42,"key":"Frozen Egg 2"},{"floor":43,"key":"Toy Ornithopter"},{"floor":46,"key":"Singing Bowl"},{"floor":48,"key":"Snake Skull"}],"event_choices":[{"damage_healed":0,"gold_gain":0,"cards_transformed":["Strike_G"],"player_choice":"Change","damage_taken":0,"max_hp_gain":0,"max_hp_loss":0,"event_name":"Living Wall","floor":3,"gold_loss":0,"cards_obtained":["Masterful Stab"]},{"damage_healed":0,"gold_gain":0,"player_choice":"Fled","damage_taken":0,"max_hp_gain":0,"max_hp_loss":0,"event_name":"Scrap Ooze","floor":7,"gold_loss":0},{"damage_healed":0,"gold_gain":0,"player_choice":"Traded Relic","damage_taken":0,"relics_obtained":["Nloth\u0027s Gift"],"max_hp_gain":0,"max_hp_loss":0,"event_name":"N\u0027loth","floor":21,"relics_lost":["CeramicFish"],"gold_loss":0},{"damage_healed":0,"gold_gain":0,"player_choice":"0 cards matched","damage_taken":0,"max_hp_gain":0,"max_hp_loss":0,"event_name":"Match and Keep!","floor":44,"gold_loss":0,"cards_obtained":[]}],"is_beta":true,"boss_relics":[{"not_picked":["Empty Cage","Black Star"],"picked":"HoveringKite"},{"not_picked":["Busted Crown","Velvet Choker"],"picked":"Runic Dome"}],"items_purged_floors":[14,20],"is_endless":false,"potions_floor_spawned":[4,5,8,10,16,19,24,27,30,35,36,48],"killed_by":"Time Eater","ascension_level":20}}