{"host":"sdjng9zhqonqi3uc","time":1609828642,"event":{"mods":["2.2 Compatiblity","AchievementEnabler","BaseMod","BetterRewards","Colored Powertips","Hero for Fun","Minty Spire (QoL Compilation)","Shop Mod","StSLib","Td1madao Mod","The Animator","The Cursed","The Servant 0.9.4"],"gold_per_floor":[127,138,138,156,178,178,22,22,22,22,41,41,41,56,56,158,158,185,185,202,127,52,52,52],"floor_reached":23,"playtime":1104,"items_purged":["animator:Defend"],"score":217,"play_id":"dec5a067-7a45-445c-9152-706f6a8f5de8","local_time":"20210105073722","is_ascension_mode":true,"campfire_choices":[{"data":"animator:Jibril","floor":6,"key":"SMITH"},{"data":"animator:DolaCouronne","floor":8,"key":"SMITH"},{"data":"animator:Shiro","floor":15,"key":"SMITH"}],"circlet_count":0,"master_deck":["animator:Strike_NoGameNoLife","animator:Defend_NoGameNoLife","animator:Strike+1","animator:Defend","animator:Defend","animator:DolaSchwi+1","animator:DolaCouronne+1","animator:Jibril+1","animator:Vanir","animator:Jibril+1","animator:Shiro+1","animator:Hans","animator:DolaRiku","animator:IzunaHatsuse"],"relics":["animator:LivingPicture","animator:TheMissingPiece","animator:PurgingStone","Gremlin Horn","Juzu Bracelet","Anchor","Sozu","Dream Catcher"],"acts_visited":["Exordium","TheCity"],"potions_floor_usage":[16,16],"damage_taken":[{"damage":0,"enemies":"Jaw Worm","floor":1,"turns":3},{"damage":1,"enemies":"Cultist","floor":2,"turns":3},{"damage":0,"enemies":"Small Slimes","floor":4,"turns":3},{"damage":8,"enemies":"3 Louse","floor":5,"turns":4},{"damage":6,"enemies":"Red Slaver","floor":11,"turns":4},{"damage":8,"enemies":"Blue Slaver","floor":14,"turns":3},{"damage":44,"enemies":"Hexaghost","floor":16,"turns":8},{"damage":20,"enemies":"3 Byrds","floor":18,"turns":4},{"damage":15,"enemies":"Shell Parasite","floor":20,"turns":5},{"damage":37,"enemies":"animator:HornedBat","floor":23,"turns":3}],"seed_played":"-3474197397804059164","potions_obtained":[{"floor":2,"key":"Strength Potion"},{"floor":4,"key":"SkillPotion"},{"floor":5,"key":"Dexterity Potion"},{"floor":16,"key":"SmokeBomb"}],"is_trial":false,"path_per_floor":["M","M","?","M","M","R","$","R","T","?","M","?","?","M","R","B",null,"M","T","M","?","$","E"],"character_chosen":"THE_ANIMATOR","items_purchased":["Juzu Bracelet"],"campfire_rested":0,"item_purchase_floors":[7],"current_hp_per_floor":[66,65,65,65,57,57,57,57,57,57,51,38,66,59,59,15,67,47,47,33,33,33,0,0],"gold":52,"neow_bonus":"UPGRADE_CARD","is_daily":false,"chose_seed":false,"campfire_upgraded":3,"win_rate":0.0,"timestamp":1609828642,"path_taken":["M","M","?","?","M","R","?","R","T","?","M","?","?","M","R","BOSS","M","?","M","?","?","E"],"items_purchased_type":["Relic"],"build_version":"2020-12-22","purchased_purges":1,"victory":false,"max_hp_per_floor":[66,66,66,66,66,66,66,66,66,66,66,66,66,67,67,67,67,67,67,68,68,68,68,68],"card_choices":[{"not_picked":["animator:Millim","animator:Mitsurugi"],"picked":"animator:AcuraTooru","floor":1},{"not_picked":["animator:WinryRockbell","animator:KyokoSakura","animator:Viivi"],"picked":"SKIP","floor":2},{"not_picked":["animator:WinryRockbell","animator:SuzuneAmano","animator:Entoma"],"picked":"SKIP","floor":4},{"not_picked":["animator:DolaRiku","animator:Tet"],"picked":"animator:Jibril","floor":5},{"not_picked":["animator:ElricEdward","animator:MaesHughes"],"picked":"animator:Jibril","floor":11},{"not_picked":["animator:Shichika","animator:Jibril"],"picked":"animator:Shiro","floor":14},{"not_picked":["animator:Wiz","animator:ChaikaTrabant"],"picked":"animator:Hans","floor":16},{"not_picked":["animator:MamiTomoe","animator:Nanami"],"picked":"animator:DolaRiku","floor":18},{"not_picked":["animator:ChlammyZell","animator:Jibril"],"picked":"animator:IzunaHatsuse","floor":20}],"player_experience":270630,"relics_obtained":[{"floor":9,"key":"Anchor"},{"floor":19,"key":"Dream Catcher"}],"event_choices":[{"damage_healed":0,"gold_gain":0,"player_choice":"Gave Potion","damage_taken":0,"relics_obtained":["Gremlin Horn"],"max_hp_gain":0,"max_hp_loss":0,"event_name":"WeMeetAgain","floor":3,"gold_loss":0},{"damage_healed":0,"gold_gain":0,"cards_transformed":["animator:Strike"],"player_choice":"Change","damage_taken":0,"max_hp_gain":0,"max_hp_loss":0,"event_name":"Living Wall","floor":10,"gold_loss":0,"cards_obtained":["animator:Vanir"]},{"damage_healed":0,"gold_gain":0,"player_choice":"Entered Light","damage_taken":13,"max_hp_gain":0,"max_hp_loss":0,"event_name":"Shining Light","floor":12,"gold_loss":0,"cards_upgraded":["animator:Jibril","animator:Strike"]},{"cards_removed":["animator:AcuraTooru"],"damage_healed":28,"gold_gain":0,"player_choice":"Offered Uncommon","damage_taken":0,"max_hp_gain":0,"max_hp_loss":0,"event_name":"Bonfire Elementals","floor":13,"gold_loss":0},{"cards_removed":["animator:Strike"],"damage_healed":0,"gold_gain":0,"player_choice":"Gave Gold","damage_taken":0,"max_hp_gain":0,"max_hp_loss":0,"event_name":"Beggar","floor":21,"gold_loss":75}],"is_beta":false,"boss_relics":[{"not_picked":["Velvet Choker","Ectoplasm"],"picked":"Sozu"}],"items_purged_floors":[22],"is_endless":false,"potions_floor_spawned":[2,4,5,16],"killed_by":"animator:HornedBat","ascension_level":4}}