{"host":"s794kqxf2n1qz2yr","time":1609873245,"event":{"mods":["100% Spire Juice","2.2 Compatiblity","AchievementEnabler","Aspiration","BaseMod","Downfall","Friendly Minions","Hermit","Minty Spire (QoL Compilation)","Permanent Neow","StSLib","The Disciple","The Edgeheg","The Marked"],"gold_per_floor":[113,131,131,11,11,44,44,44,44,44,0,0,0,12,12,110,110,126,126,126],"floor_reached":19,"playtime":1277,"items_purged":[],"score":163,"play_id":"36b19690-5d57-467b-9c00-36d6d07ce25e","local_time":"20210105190045","is_ascension_mode":false,"campfire_choices":[{"floor":8,"key":"REST"},{"floor":13,"key":"REST"},{"floor":15,"key":"REST"}],"circlet_count":0,"master_deck":["Moonworks:Strike","Moonworks:Strike","Moonworks:Strike","Moonworks:Strike","Moonworks:Defend","Moonworks:Defend","Moonworks:Defend","Moonworks:Defend","Moonworks:Ambush","Moonworks:LongDistanceShot","expansioncontent:ChargeUp","Moonworks:CloudOfSeagulls","Moonworks:ScrambledEve","Injury","Moonworks:MiracleRedBeanIceCream","Moonworks:Bloodlust"],"relics":["Moonworks:BrokenBomb","Moonworks:Homemark","Molten Egg 2","Juzu Bracelet","aspiration:ChemicalBlood","aspiration:RunicSpoon"],"acts_visited":["Exordium","TheCity"],"potions_floor_usage":[6,16,18,18,18],"damage_taken":[{"damage":6,"enemies":"Jaw Worm","floor":1,"turns":3},{"damage":5,"enemies":"Small Slimes","floor":2,"turns":4},{"damage":47,"enemies":"Lagavulin","floor":6,"turns":7},{"damage":0,"enemies":"Cultist","floor":14,"turns":3},{"damage":51,"enemies":"Slime Boss","floor":16,"turns":9},{"damage":39,"enemies":"Shell Parasite","floor":18,"turns":7},{"damage":8,"enemies":"Spheric Guardian","floor":19,"turns":3}],"seed_played":"7245915468035234142","potions_obtained":[{"floor":2,"key":"Energy Potion"},{"floor":6,"key":"SneckoOil"},{"floor":18,"key":"Fire Potion"},{"floor":18,"key":"sneckomod:MuddlingPotion"}],"is_trial":false,"path_per_floor":["M","M","?","?","$","E","?","R","T","$","?","$","R","M","R","B",null,"M","M"],"character_chosen":"THE_STARBREAKER","items_purchased":[],"campfire_rested":3,"item_purchase_floors":[],"current_hp_per_floor":[54,49,49,49,49,2,2,20,20,20,20,20,38,38,56,19,60,51,45,45],"gold":126,"neow_bonus":"RANDOM_COLORLESS","is_daily":false,"chose_seed":false,"campfire_upgraded":0,"win_rate":0.0,"timestamp":1609873245,"path_taken":["M","M","?","?","?","E","?","R","T","$","?","?","R","M","R","BOSS","M","M"],"items_purchased_type":[],"build_version":"2020-12-22","purchased_purges":0,"victory":false,"max_hp_per_floor":[60,60,60,60,60,60,60,60,60,60,60,60,60,60,60,60,60,60,60,60],"card_choices":[{"not_picked":["Bandage Up","expansioncontent:ManipulateTime"],"picked":"expansioncontent:ChargeUp","floor":0},{"not_picked":["Moonworks:ScrambledEve","Moonworks:x16BigRocket"],"picked":"Moonworks:CloudOfSeagulls","floor":1},{"not_picked":["Moonworks:UnluckyCharm","Moonworks:LulusLuckyEgg"],"picked":"Moonworks:ScrambledEve","floor":2},{"not_picked":["Moonworks:LulusLuckyEgg","Moonworks:ImOnFire"],"picked":"Moonworks:MiracleRedBeanIceCream","floor":6},{"not_picked":["Moonworks:Poppoformation","Moonworks:Dinner"],"picked":"Moonworks:Bloodlust","floor":14},{"not_picked":["Moonworks:AwakeningOfTalent+1","Moonworks:RagingMadness","Moonworks:IndiscriminateFireSupport+1"],"picked":"SKIP","floor":18}],"player_experience":289180,"relics_obtained":[{"floor":6,"key":"Juzu Bracelet"},{"floor":9,"key":"aspiration:ChemicalBlood"}],"event_choices":[{"damage_healed":0,"gold_gain":0,"player_choice":"Ignored","damage_taken":0,"max_hp_gain":0,"max_hp_loss":0,"event_name":"Liars Game","floor":4,"gold_loss":0},{"damage_healed":0,"gold_gain":0,"player_choice":"Ignored","damage_taken":0,"max_hp_gain":0,"max_hp_loss":0,"event_name":"Shining Light","floor":7,"gold_loss":0},{"damage_healed":0,"gold_gain":0,"player_choice":"Left Gold","damage_taken":0,"max_hp_gain":0,"max_hp_loss":0,"event_name":"World of Goop","floor":11,"gold_loss":44}],"is_beta":false,"boss_relics":[{"not_picked":["SlaversCollar","Coffee Dripper"],"picked":"aspiration:RunicSpoon"}],"items_purged_floors":[],"is_endless":false,"potions_floor_spawned":[2,6],"killed_by":"Spheric Guardian","ascension_level":0}}