{"host":"7r6bd5ce6zscnmwq","time":1609837171,"event":{"mods":["BaseMod","Better Altar","Better Match","Better Note","Better Sensory Stone","Better Skull","Better Third Choice","Better Vampires","Block Reminder","Colored Powertips","Displayed Cursed Tome","Minty Spire (QoL Compilation)","Permanent Neow","Quick Restart","Shop Mod","Spicy Shops","StSLib","The Marked"],"gold_per_floor":[116,135,153,153,167,167,205,205,257,257,257,8,44,69,69,69,69],"floor_reached":16,"playtime":907,"items_purged":[],"score":127,"play_id":"c44979c4-8ce4-4ed1-b23b-1c1a4fb2d587","local_time":"20210105175931","is_ascension_mode":true,"campfire_choices":[{"data":"theMarked:ComboAttacks","floor":6,"key":"SMITH"},{"data":"theMarked:Generate","floor":8,"key":"SMITH"},{"data":"theMarked:TwofoldDefense","floor":10,"key":"SMITH"},{"data":"theMarked:Convert","floor":15,"key":"SMITH"}],"circlet_count":0,"master_deck":["theMarked:Strike","theMarked:Strike","theMarked:Strike+1","theMarked:Strike","theMarked:Strike","theMarked:Defend","theMarked:Defend","theMarked:Defend","theMarked:Defend+1","theMarked:SoldierOfQuellstein+1","theMarked:ComboAttacks+1","theMarked:TwofoldDefense+1","theMarked:WastefulAttack+1","theMarked:Generate+1","Bandage Up","theMarked:Convert+1"],"relics":["theMarked:ArtifactOfAir","Golden Idol","Blue Candle","Whetstone","OrangePellets","Ancient Tea Set"],"acts_visited":["Exordium"],"potions_floor_usage":[7,13],"damage_taken":[{"damage":1,"enemies":"Cultist","floor":1,"turns":3},{"damage":3,"enemies":"2 Louse","floor":2,"turns":3},{"damage":0,"enemies":"Jaw Worm","floor":3,"turns":3},{"damage":0,"enemies":"Large Slime","floor":5,"turns":6},{"damage":10,"enemies":"3 Sentries","floor":7,"turns":7},{"damage":10,"enemies":"Lagavulin","floor":13,"turns":7},{"damage":16,"enemies":"Exordium Thugs","floor":14,"turns":4},{"damage":40,"enemies":"Slime Boss","floor":16,"turns":7}],"seed_played":"8640656984567561651","potions_obtained":[{"floor":3,"key":"Strength Potion"},{"floor":7,"key":"Strength Potion"}],"is_trial":false,"path_per_floor":["M","M","M","?","M","R","E","R","T","R","?","$","E","M","R","B"],"character_chosen":"THE_DEFAULT","items_purchased":["OrangePellets","Bandage Up"],"campfire_rested":0,"item_purchase_floors":[12,12],"current_hp_per_floor":[69,66,66,65,65,65,55,55,55,55,55,55,49,37,37,1,1],"gold":69,"neow_bonus":"UPGRADE_CARD","is_daily":false,"chose_seed":false,"campfire_upgraded":4,"win_rate":0.0,"timestamp":1609837171,"path_taken":["M","?","M","?","M","R","E","R","T","R","?","$","E","?","R","BOSS"],"items_purchased_type":["Relic","Card"],"build_version":"2020-12-22","purchased_purges":0,"victory":false,"max_hp_per_floor":[70,70,70,65,65,65,65,65,65,65,65,65,65,65,65,65,65],"card_choices":[{"not_picked":["theMarked:ElectricStrings","theMarked:StartUp"],"picked":"theMarked:ComboAttacks","floor":1},{"not_picked":["theMarked:Aftermath","theMarked:RepellingDischarge","theMarked:BanishingStrike"],"picked":"SKIP","floor":2},{"not_picked":["theMarked:Static","theMarked:ThrowWeapon"],"picked":"theMarked:TwofoldDefense","floor":3},{"not_picked":["theMarked:ElectricStrings","theMarked:Convert"],"picked":"theMarked:WastefulAttack","floor":5},{"not_picked":["theMarked:CreepingChasm","theMarked:ElectricStrings"],"picked":"theMarked:Generate","floor":7},{"not_picked":["theMarked:Challenge","theMarked:BanishingStrike"],"picked":"theMarked:Convert","floor":13},{"not_picked":["theMarked:WastefulAttack","theMarked:TwofoldDefense","theMarked:SwordAndMagic"],"picked":"SKIP","floor":14}],"player_experience":628013,"relics_obtained":[{"floor":7,"key":"Blue Candle"},{"floor":9,"key":"Whetstone"},{"floor":13,"key":"Ancient Tea Set"}],"event_choices":[{"damage_healed":0,"gold_gain":0,"player_choice":"Lose Max HP","damage_taken":0,"relics_obtained":["Golden Idol"],"max_hp_gain":0,"max_hp_loss":5,"event_name":"Golden Idol","floor":4,"gold_loss":0},{"damage_healed":0,"gold_gain":0,"player_choice":"Forge","damage_taken":0,"max_hp_gain":0,"max_hp_loss":0,"event_name":"Accursed Blacksmith","floor":11,"gold_loss":0,"cards_upgraded":["theMarked:Defend"]}],"is_beta":false,"boss_relics":[],"items_purged_floors":[],"is_endless":false,"potions_floor_spawned":[3,7],"killed_by":"Slime Boss","ascension_level":3}}