{"host":"nukjzc0ca34w6eem","time":1609812262,"event":{"mods":["2.2 Compatiblity","AchievementEnabler","BaseMod","Colored Powertips","Downfall","Minty Spire (QoL Compilation)","StSLib"],"gold_per_floor":[99,99,99,274,274,12,87,98,98,126,142,162,188,212,222,317,317,317,83,183,183,183,183,234,245,20,53,53,53,53,69,86,182,182,182,195,213,225,392,392,392,145,145,39,94,121,121,131,143,143,143,177,16,16,16],"floor_reached":56,"playtime":7705,"items_purged":["Doubt","Slimebound:Strike_Slimebound","Slimebound:Defend_Slimebound","Slimebound:Defend_Slimebound","Slimebound:CorrosiveSpit"],"score":1676,"play_id":"b72ef8b0-634d-42d0-9729-4f075ef4ca25","local_time":"20210104180422","is_ascension_mode":true,"campfire_choices":[{"data":"Slimebound:Split","floor":1.0,"key":"SMITH"},{"data":"Slimebound:DuplicatedForm","floor":18.0,"key":"SMITH"},{"floor":23.0,"key":"RECALL"},{"data":"Slimebound:TongueLash","floor":26.0,"key":"SMITH"},{"data":"Slimebound:Chomp","floor":30.0,"key":"SMITH"},{"data":"Slimebound:SamplingLick","floor":35.0,"key":"SMITH"},{"data":"Slimebound:Recycling","floor":47.0,"key":"SMITH"},{"data":"Slimebound:ComboTackle","floor":54,"key":"SMITH"}],"circlet_count":0,"master_deck":["Slimebound:Tackle","Slimebound:Split+1","Slimebound:FlameTackle","Slimebound:SplitMire","Slimebound:RollThrough","Slimebound:Chomp+1","Slimebound:SpikyOuterGoop","Slimebound:SamplingLick+1","Slimebound:Prepare","Slimebound:RallyTheTroops","Slimebound:ViciousTackle","Slimebound:Equalize","Slimebound:Schlurp+1","Slimebound:DuplicatedForm+1","Slimebound:ComboTackle+1","Slimebound:FinishingTackle","Slimebound:HauntingLick+1","J.A.X.+1","Slimebound:RollThrough+1","Slimebound:TongueLash+1","Slimebound:ForwardTackle","Slimebound:Recycling+1","Slimebound:Schlurp+1","Slimebound:LevelUp","expansioncontent:DonusPower+1","expansioncontent:AwakenDeath","expansioncontent:DefensiveStance","Slimebound:LeadByExample","Slimebound:SlimeSpikes+1","Slimebound:LevelUp"],"relics":["Slimebound:AbsorbEndCombat","downfall:HeartsMalice","Membership Card","Mummified Hand","Toy Ornithopter","Strawberry","Toxic Egg 2","Odd Mushroom","Coffee Dripper","Lantern","MutagenicStrength","downfall:HeartBlessingRed","downfall:HeartBlessingGreen","downfall:HeartBlessingBlue","TungstenRod","Slimebound:MaxSlimesRelic","Empty Cage","hexamod:BolsterEngine","Molten Egg 2","Torii","PrismaticShard","Guardian:GemstoneGun","Sundial","Pen Nib"],"acts_visited":["Exordium","TheCity","TheBeyond","TheEnding"],"potions_floor_usage":[50,55],"damage_taken":[{"damage":0.0,"enemies":"Small Slimes","floor":2.0,"turns":1.0},{"damage":0.0,"enemies":"2 Louse","floor":3.0,"turns":1.0},{"damage":0.0,"enemies":"Jaw Worm","floor":5.0,"turns":1.0},{"damage":22.0,"enemies":"downfall:FleeingMerchant","floor":6.0,"turns":4.0},{"damage":30.0,"enemies":"Large Slime","floor":8.0,"turns":4.0},{"damage":25.0,"enemies":"Lagavulin","floor":10.0,"turns":5.0},{"damage":13.0,"enemies":"2 Fungi Beasts","floor":11.0,"turns":3.0},{"damage":8.0,"enemies":"Blue Slaver","floor":12.0,"turns":3.0},{"damage":45.0,"enemies":"Gremlin Nob","floor":13.0,"turns":4.0},{"damage":34.0,"enemies":"The Mushroom Lair","floor":14.0,"turns":3.0},{"damage":14.0,"enemies":"3 Louse","floor":15.0,"turns":4.0},{"damage":38.0,"enemies":"downfall:Watcher","floor":16.0,"turns":5.0},{"damage":20.0,"enemies":"downfall:FleeingMerchant","floor":19.0,"turns":4.0},{"damage":26.0,"enemies":"downfall:Augmenter","floor":20.0,"turns":4.0},{"damage":41.0,"enemies":"Spheric Guardian","floor":25.0,"turns":3.0},{"damage":61.0,"enemies":"Book of Stabbing","floor":27.0,"turns":4.0},{"damage":10.0,"enemies":"Shell Parasite","floor":31.0,"turns":2.0},{"damage":3.0,"enemies":"3 Cultists","floor":32.0,"turns":3.0},{"damage":69.0,"enemies":"downfall:Silent","floor":33.0,"turns":6.0},{"damage":23.0,"enemies":"Orb Walker","floor":36.0,"turns":2.0},{"damage":35.0,"enemies":"3 Shapes","floor":37.0,"turns":3.0},{"damage":40.0,"enemies":"Transient","floor":38.0,"turns":5.0},{"damage":30.0,"enemies":"downfall:FleeingMerchant","floor":39.0,"turns":4.0},{"damage":23.0,"enemies":"2 Orb Walkers","floor":45.0,"turns":3.0},{"damage":28.0,"enemies":"Giant Head","floor":46.0,"turns":6.0},{"damage":44,"enemies":"Writhing Mass","floor":48,"turns":3},{"damage":21,"enemies":"Jaw Worm Horde","floor":49,"turns":3},{"damage":21,"enemies":"downfall:Defect","floor":50,"turns":6},{"damage":13,"enemies":"downfall:CharBossMerchant","floor":52,"turns":6},{"damage":109,"enemies":"downfall:NeowBoss","floor":55,"turns":17}],"seed_played":"-7987714831698812531","potions_obtained":[{"floor":8.0,"key":"DistilledChaos"},{"floor":10.0,"key":"BlessingOfTheForge"},{"floor":11.0,"key":"Energy Potion"},{"floor":12.0,"key":"Slimebound:SlimyTonguePotion"},{"floor":13.0,"key":"EntropicBrew"},{"floor":14.0,"key":"FearPotion"},{"floor":15.0,"key":"AttackPotion"},{"floor":25.0,"key":"LiquidBronze"},{"floor":31.0,"key":"SteroidPotion"},{"floor":33.0,"key":"Guardian:BlockOnCardUsePotion"},{"floor":37.0,"key":"SpeedPotion"},{"floor":38.0,"key":"ColorlessPotion"},{"floor":45.0,"key":"LiquidMemories"}],"is_trial":false,"path_per_floor":["R","M","M","?","M","$","T","M","?","E","M","M","E","?","M","B",null,"R","$","?","?","?","R","T","M","R","E","T","?","R","M","M","B",null,"R","M","M","M","$","?","T","$","?","?","?","E","R","M","M","B",null,"E","$","R","B",null],"character_chosen":"SLIMEBOUND","items_purchased":["Membership Card","Slimebound:SpikyOuterGoop","Slimebound:FinishingTackle","Slimebound:SpikyOuterGoop","Lantern","Slimebound:HauntingLick+1","hexamod:BolsterEngine","Slimebound:Schlurp+1","Slimebound:LevelUp","Torii","Slimebound:LeadByExample","PrismaticShard","Slimebound:LevelUp","hexamod:EctoCoolerPotion"],"campfire_rested":0,"item_purchase_floors":[6,6,19,19,19,19,39,39,42,42,44,44,53,53],"current_hp_per_floor":[54,54,54,54,54,48,48,36,33,44,49,55,30,21,9,21,56,56,62,67,67,67,67,67,66,76,39,39,39,39,43,56,43,69,69,77,63,70,77,77,77,77,68,68,68,73,73,63,56,72,76,77,77,77,50],"gold":16,"neow_bonus":"THREE_ENEMY_KILL","is_daily":false,"chose_seed":false,"campfire_upgraded":7,"win_rate":0.0,"timestamp":1609812262,"path_taken":["R","M","M","?","M","$","T","M","?","E","M","M","E","?","M","BOSS","R","$","?","?","?","R","T","M","R","E","?","?","R","M","M","BOSS","R","M","M","M","$","?","T","$","?","?","?","E","R","M","M","BOSS","E","$","R","BOSS"],"items_purchased_type":["Relic","Card","Card","Card","Relic","Card","Relic","Card","Card","Relic","Card","Relic","Card","Potion"],"build_version":"2020-12-22","purchased_purges":5,"victory":true,"max_hp_per_floor":[60,60,60,60,60,60,60,60,60,67,67,67,67,67,67,67,67,67,67,67,67,67,67,67,67,77,77,77,77,77,77,77,77,77,77,77,77,77,77,77,77,77,77,77,77,77,77,77,77,77,77,77,77,77,77],"card_choices":[{"not_picked":["Slimebound:LeechEnergy","Slimebound:SpikyOuterGoop"],"picked":"Slimebound:FlameTackle","floor":2.0},{"not_picked":["Slimebound:GoopSpray","Slimebound:AcidTongue"],"picked":"Slimebound:SplitMire","floor":3.0},{"not_picked":["Slimebound:GrowthPunch","Slimebound:PressTheAttack"],"picked":"Slimebound:RollThrough","floor":5.0},{"not_picked":["Slimebound:ProtectTheBoss","Slimebound:SlimeSpikes"],"picked":"Slimebound:Chomp","floor":6.0},{"not_picked":["Slimebound:SplitAcid","Slimebound:LeechingTouch"],"picked":"Slimebound:SamplingLick","floor":8.0},{"not_picked":["Slimebound:GoopTackle","Slimebound:RainOfGoop"],"picked":"Slimebound:Prepare","floor":10.0},{"not_picked":["Slimebound:SamplingLick","Slimebound:LivingWall","Slimebound:SplitMire"],"picked":"SKIP","floor":11.0},{"not_picked":["Slimebound:LeechEnergy","Slimebound:Grow"],"picked":"Slimebound:RallyTheTroops","floor":12.0},{"not_picked":["Slimebound:RainOfGoop+1","Slimebound:FirmFortitude"],"picked":"Slimebound:ViciousTackle","floor":13.0},{"not_picked":["Slimebound:ViciousTackle","Slimebound:GrowthPunch"],"picked":"Slimebound:Equalize","floor":14.0},{"not_picked":["Slimebound:SlimeBrawl+1","Slimebound:SplitMire+1"],"picked":"Slimebound:Schlurp+1","floor":15.0},{"not_picked":["Slimebound:MassFeed","Slimebound:WasteNot+1"],"picked":"Slimebound:DuplicatedForm","floor":16.0},{"not_picked":["Slimebound:LivingWall+1","Slimebound:DouseInSlime+1"],"picked":"Slimebound:ComboTackle","floor":19.0},{"not_picked":[],"picked":"J.A.X.+1","floor":20.0},{"not_picked":["Slimebound:SlimeSpikes+1","Slimebound:ComboTackle"],"picked":"Slimebound:RollThrough+1","floor":20.0},{"not_picked":["Slimebound:SlimeBrawl+1","Slimebound:Recollect+1"],"picked":"Slimebound:TongueLash","floor":25.0},{"not_picked":["Slimebound:GoopTackle","Slimebound:SplitMire+1","Slimebound:SlimeBrawl+1"],"picked":"SKIP","floor":27.0},{"not_picked":["Slimebound:SelfFormingGoo","Slimebound:SplitLeeching+1","Slimebound:ComboTackle+1"],"picked":"SKIP","floor":31.0},{"not_picked":["Slimebound:ComboTackle","Slimebound:SplitBruiser+1"],"picked":"Slimebound:ForwardTackle","floor":32.0},{"not_picked":["Slimebound:RallyTheTroops","Slimebound:LeechLife"],"picked":"Slimebound:Recycling","floor":33.0},{"not_picked":["Slimebound:GrowthPunch","Slimebound:RainOfGoop+1","Slimebound:LeechingTouch+1"],"picked":"SKIP","floor":36.0},{"not_picked":["Slimebound:DisruptingSlam+1","Slimebound:Prepare+1","Slimebound:GoopSpray+1"],"picked":"SKIP","floor":37.0},{"not_picked":["Slimebound:SplitAcid+1","Slimebound:PressTheAttack","Slimebound:SplitMire+1"],"picked":"SKIP","floor":38.0},{"not_picked":["expansioncontent:Sear+1","expansioncontent:PolyBeam+1"],"picked":"expansioncontent:DonusPower+1","floor":43.0},{"not_picked":["expansioncontent:FaceSlap+1","expansioncontent:DefensiveStance"],"picked":"expansioncontent:AwakenDeath","floor":43.0},{"not_picked":["expansioncontent:DefensiveMode","expansioncontent:HyperBeam+1"],"picked":"expansioncontent:DefensiveStance","floor":43.0},{"not_picked":["Guardian:PrimingBeam+1","Go for the Eyes+1","Worship+1"],"picked":"SKIP","floor":46.0},{"not_picked":["All Out Attack+1","Slimebound:Schlurp+1"],"picked":"Slimebound:SlimeSpikes+1","floor":48},{"not_picked":["Slimebound:LeechEnergy+1","sneckomod:DiceBlock+1","Sentinel+1"],"picked":"SKIP","floor":49},{"not_picked":["champ:PreciseThrust+1","champ:Backstep+1","hexamod:ThermalTransfer+1"],"picked":"SKIP","floor":52}],"player_experience":488358,"relics_obtained":[{"floor":7.0,"key":"Mummified Hand"},{"floor":10.0,"key":"Strawberry"},{"floor":13.0,"key":"Toxic Egg 2"},{"floor":14.0,"key":"Odd Mushroom"},{"floor":20.0,"key":"MutagenicStrength"},{"floor":27.0,"key":"TungstenRod"},{"floor":28.0,"key":"Slimebound:MaxSlimesRelic"},{"floor":41.0,"key":"Molten Egg 2"},{"floor":45.0,"key":"Guardian:GemstoneGun"},{"floor":46.0,"key":"Sundial"},{"floor":52,"key":"Pen Nib"}],"event_choices":[{"damage_healed":0.0,"max_hp_gain":0.0,"max_hp_loss":0.0,"gold_gain":0.0,"event_name":"Scrap Ooze","player_choice":"Success","floor":9.0,"gold_loss":0.0,"damage_taken":3.0,"relics_obtained":["Toy Ornithopter"]},{"damage_healed":0.0,"max_hp_gain":0.0,"max_hp_loss":0.0,"gold_gain":0.0,"event_name":"Mushrooms","player_choice":"Fought Mushrooms","floor":14.0,"gold_loss":0.0,"damage_taken":0.0},{"cards_removed":["Slimebound:FinishingTackle"],"damage_healed":0.0,"max_hp_gain":0.0,"max_hp_loss":0.0,"gold_gain":0.0,"event_name":"Back to Basics","player_choice":"Elegance","floor":21.0,"gold_loss":0.0,"damage_taken":0.0},{"damage_healed":0.0,"max_hp_gain":0.0,"max_hp_loss":0.0,"gold_gain":0.0,"event_name":"Ghosts","player_choice":"Ignored","floor":22.0,"gold_loss":0.0,"damage_taken":0.0},{"cards_removed":["Slimebound:SpikyOuterGoop"],"damage_healed":0.0,"max_hp_gain":0.0,"max_hp_loss":0.0,"gold_gain":0.0,"event_name":"Falling","player_choice":"Removed Power","floor":40.0,"gold_loss":0.0,"damage_taken":0.0},{"damage_healed":0.0,"max_hp_gain":0.0,"max_hp_loss":0.0,"gold_gain":0.0,"event_name":"Mysterious Sphere","player_choice":"Fight","floor":45.0,"gold_loss":0.0,"damage_taken":0.0}],"is_beta":false,"boss_relics":[{"not_picked":["Calling Bell","Astrolabe"],"picked":"Coffee Dripper"},{"not_picked":["Cursed Key","Velvet Choker"],"picked":"Empty Cage"}],"items_purged_floors":[6,19,39,42,53],"is_endless":false,"potions_floor_spawned":[8,10,11,12,13,14,15,25,31,33,37,38,45],"ascension_level":9}}