{"host":"87fdiiwflhrwsj8a","time":1609880034,"event":{"mods":["Aspiration","BaseMod","Better Match","Better Third Choice","BetterRewards","Colored Map","Conspire","GifTheSpireLib","Infinite Spire","Minty Spire (QoL Compilation)","Quick Restart","Relic Sorter","Replay The Spire","Robot Space Explorer","StSLib","Stuff the Spire","The Alterego","The Cursed","The Jungle"],"gold_per_floor":[115,148,148,166,180,180,180,213,213,213,224,237,37,52,52,52,52],"floor_reached":16,"playtime":756,"items_purged":[],"score":304,"play_id":"d494c9da-2624-45dd-b91c-c7877a3e7445","local_time":"20210105155354","is_ascension_mode":true,"campfire_choices":[{"floor":6,"key":"REST"},{"data":"Dualcast","floor":10,"key":"SMITH"},{"data":"Zap","floor":15,"key":"SMITH"}],"circlet_count":0,"master_deck":["AscendersBane","Strike_B","Strike_B","Strike_B","Strike_B","Defend_B","Defend_B","Defend_B","Defend_B","Zap+1","Dualcast+1","Panacea+1","StuffTheSpire:LoadUp+1","Static Discharge+1","Chill+1","Conserve Battery+1","StuffTheSpire:LoadUp+1","Apotheosis+1","Leap+1"],"relics":["Cracked Core","Calipers","conspire:Boomerang","Turnip","ClockworkSouvenir","StuffTheSpire:Expresso","PreservedInsect","aspiration:MysteriousAuxiliaryCore","Toxic Egg 2","infinitespire:Lychee Nut","Pantograph","Question Card","StuffTheSpire:Wildfire","Torii"],"acts_visited":["Exordium"],"potions_floor_usage":[2,8],"damage_taken":[{"damage":9,"enemies":"Jaw Worm","floor":1,"turns":3},{"damage":0,"enemies":"conspire:MimicChest","floor":2,"turns":2},{"damage":3,"enemies":"Small Slimes","floor":4,"turns":3},{"damage":2,"enemies":"2 Louse","floor":5,"turns":3},{"damage":9,"enemies":"Gremlin Nob","floor":8,"turns":3},{"damage":2,"enemies":"Lots of Slimes","floor":11,"turns":4},{"damage":0,"enemies":"Gremlin Gang","floor":12,"turns":4},{"damage":0,"enemies":"2 Fungi Beasts","floor":14,"turns":3},{"damage":60,"enemies":"Fading Forest","floor":16,"turns":12}],"seed_played":"-7050231204192910142","potions_obtained":[{"floor":1,"key":"PowerPotion"},{"floor":3,"key":"Adrenaline Potion"},{"floor":3,"key":"FearPotion"},{"floor":12,"key":"PotionOfCapacity"}],"is_trial":false,"path_per_floor":["M","?","?","M","M","R","?","E","T","R","M","M","$","M","R","B"],"character_chosen":"DEFECT","items_purchased":["ClockworkSouvenir","PreservedInsect","Toxic Egg 2","Pantograph","Panacea+1","Apotheosis+1"],"campfire_rested":1,"item_purchase_floors":[0,0,0,0,0,13],"current_hp_per_floor":[18,21,21,23,26,41,41,37,37,37,41,47,47,52,52,0,0],"gold":52,"neow_bonus":"","is_daily":false,"chose_seed":false,"campfire_upgraded":2,"win_rate":0.0,"timestamp":1609880034,"path_taken":["M","?","?","?","?","R","?","E","T","R","?","M","?","?","R","BOSS"],"items_purchased_type":["Relic","Relic","Relic","Relic","Card","Card"],"build_version":"2020-12-22","purchased_purges":0,"victory":false,"max_hp_per_floor":[53,53,53,53,53,53,53,53,53,53,53,53,53,53,53,53,53],"card_choices":[{"not_picked":["ReplayTheSpireMod:Calculation Training+1","Hello World"],"picked":"StuffTheSpire:LoadUp+1","floor":1},{"not_picked":["Sweeping Beam","Ball Lightning","Streamline"],"picked":"Static Discharge","floor":4},{"not_picked":["ReplaySort+1","Turbo+1","Go for the Eyes"],"picked":"Chill+1","floor":5},{"not_picked":["Go for the Eyes","Chill+1","Sweeping Beam"],"picked":"Conserve Battery+1","floor":8},{"not_picked":["Heatsinks","StuffTheSpire:LaunchingStrike","Crystallizer"],"picked":"StuffTheSpire:LoadUp+1","floor":11},{"not_picked":["Chill+1","Sweeping Beam","Undo+1","Rebound"],"picked":"SKIP","floor":12},{"not_picked":["ReplayGash","Ball Lightning","conspire:Rain+1"],"picked":"Leap+1","floor":14}],"player_experience":2626776,"relics_obtained":[{"floor":2,"key":"Question Card"},{"floor":8,"key":"StuffTheSpire:Wildfire"},{"floor":9,"key":"Torii"}],"event_choices":[{"damage_healed":0,"gold_gain":0,"player_choice":"Got Potions","damage_taken":0,"max_hp_gain":0,"max_hp_loss":0,"event_name":"Lab","floor":3,"gold_loss":0},{"damage_healed":0,"gold_gain":0,"player_choice":"Upgraded","damage_taken":0,"max_hp_gain":0,"max_hp_loss":0,"event_name":"Upgrade Shrine","floor":7,"gold_loss":0,"cards_upgraded":["Static Discharge"]}],"is_beta":false,"boss_relics":[],"items_purged_floors":[],"is_endless":false,"potions_floor_spawned":[1,5,12,14],"killed_by":"Fading Forest","ascension_level":20}}