{"host":"yp47u74hk6n79vj1","time":1609831298,"event":{"mods":["BaseMod","Colored Map","Highlight Path","Minty Spire (QoL Compilation)"],"gold_per_floor":[109,109,109,34,109,109,139,89,89,100,100,134,144,157,157,259,259,273,164,164,164,177,177,177],"floor_reached":23,"playtime":546,"items_purged":["Bash","Strike_R"],"score":255,"play_id":"0cf391a1-1f15-4e5f-a81b-033bfd1df41a","local_time":"20210105022138","is_ascension_mode":true,"campfire_choices":[{"floor":6,"key":"RECALL"},{"data":"Defend_R","floor":11,"key":"SMITH"},{"data":"Defend_R","floor":15,"key":"SMITH"}],"circlet_count":0,"master_deck":["Strike_R+1","Defend_R+1","Defend_R+1","Defend_R+1","Thunderclap+1","Bludgeon+1","Juggernaut","CurseOfTheBell","Entrench","Burning Pact","Burning Pact","Brutality"],"relics":["Burning Blood","NeowsBlessing","Molten Egg 2","Calipers","The Courier","Calling Bell","Dream Catcher","Pantograph","StoneCalendar"],"acts_visited":["Exordium","TheCity"],"potions_floor_usage":[12,16,16,18,23],"damage_taken":[{"damage":0,"enemies":"2 Louse","floor":1,"turns":1},{"damage":0,"enemies":"Gremlin Nob","floor":7,"turns":1},{"damage":0,"enemies":"Jaw Worm","floor":10,"turns":1},{"damage":51,"enemies":"Lagavulin","floor":12,"turns":10},{"damage":2,"enemies":"Small Slimes","floor":13,"turns":4},{"damage":0,"enemies":"2 Fungi Beasts","floor":14,"turns":2},{"damage":12,"enemies":"The Guardian","floor":16,"turns":9},{"damage":45,"enemies":"3 Byrds","floor":18,"turns":7},{"damage":13,"enemies":"Chosen","floor":22,"turns":6},{"damage":38,"enemies":"Gremlin Leader","floor":23,"turns":2}],"seed_played":"-2069888560750886711","potions_obtained":[{"floor":7,"key":"ElixirPotion"},{"floor":13,"key":"DuplicationPotion"},{"floor":14,"key":"LiquidBronze"},{"floor":16,"key":"GamblersBrew"},{"floor":22,"key":"SpeedPotion"}],"is_trial":false,"path_per_floor":["M","?","?","$","?","R","E","?","T","M","R","E","M","M","R","B",null,"M","$","?","?","M","E"],"character_chosen":"IRONCLAD","items_purchased":["Burning Pact"],"campfire_rested":0,"item_purchase_floors":[19],"current_hp_per_floor":[80,80,64,64,53,53,59,59,59,65,65,20,24,30,30,24,80,41,41,41,41,34,0,0],"gold":177,"neow_bonus":"THREE_ENEMY_KILL","is_daily":false,"chose_seed":false,"campfire_upgraded":2,"win_rate":0.0,"timestamp":1609831298,"path_taken":["M","?","?","$","?","R","E","?","T","M","R","E","M","M","R","BOSS","M","$","?","?","M","E"],"items_purchased_type":["Card"],"build_version":"2020-12-22","purchased_purges":2,"victory":false,"max_hp_per_floor":[80,80,80,80,80,80,80,80,80,80,80,80,80,80,80,80,80,80,80,80,80,80,80,80],"card_choices":[{"not_picked":["Warcry","Headbutt","Heavy Blade"],"picked":"SKIP","floor":1},{"not_picked":["Dropkick+1","Feel No Pain"],"picked":"Thunderclap+1","floor":7},{"not_picked":["Intimidate","Burning Pact","Armaments"],"picked":"SKIP","floor":10},{"not_picked":["Clash+1","Armaments","Headbutt+1"],"picked":"SKIP","floor":12},{"not_picked":["Flex","Intimidate"],"picked":"Bludgeon+1","floor":13},{"not_picked":["Dual Wield","Clothesline+1","Heavy Blade+1"],"picked":"SKIP","floor":14},{"not_picked":["Bludgeon+1","Brutality"],"picked":"Juggernaut","floor":16},{"not_picked":["Warcry","Infernal Blade+1"],"picked":"Entrench","floor":18},{"not_picked":["Carnage+1","Clothesline+1","Clash+1"],"picked":"SKIP","floor":22}],"player_experience":594516,"relics_obtained":[{"floor":7,"key":"Molten Egg 2"},{"floor":9,"key":"Calipers"},{"floor":12,"key":"The Courier"},{"floor":17,"key":"Dream Catcher"},{"floor":17,"key":"Pantograph"},{"floor":17,"key":"StoneCalendar"}],"event_choices":[{"damage_healed":0,"gold_gain":0,"player_choice":"Ignored","damage_taken":0,"max_hp_gain":0,"max_hp_loss":0,"event_name":"Liars Game","floor":2,"gold_loss":0},{"damage_healed":0,"gold_gain":0,"player_choice":"Entered Light","damage_taken":16,"max_hp_gain":0,"max_hp_loss":0,"event_name":"Shining Light","floor":3,"gold_loss":0,"cards_upgraded":["Defend_R","Strike_R"]},{"damage_healed":0,"gold_gain":75,"player_choice":"Gather Gold","damage_taken":11,"max_hp_gain":0,"max_hp_loss":0,"event_name":"World of Goop","floor":5,"gold_loss":0},{"cards_removed":["Strike_R"],"damage_healed":0,"gold_gain":0,"player_choice":"Card Removal","damage_taken":0,"max_hp_gain":0,"max_hp_loss":0,"event_name":"The Cleric","floor":8,"gold_loss":50},{"cards_removed":["Defend_R"],"damage_healed":0,"gold_gain":0,"player_choice":"Elegance","damage_taken":0,"max_hp_gain":0,"max_hp_loss":0,"event_name":"Back to Basics","floor":20,"gold_loss":0},{"damage_healed":0,"gold_gain":0,"cards_transformed":["Strike_R","Strike_R"],"player_choice":"Became Test Subject","damage_taken":0,"max_hp_gain":0,"max_hp_loss":0,"event_name":"Drug Dealer","floor":21,"gold_loss":0,"cards_obtained":["Burning Pact","Brutality"]}],"is_beta":false,"boss_relics":[{"not_picked":["Pandora\u0027s Box","Mark of Pain"],"picked":"Calling Bell"}],"items_purged_floors":[4,19],"is_endless":false,"potions_floor_spawned":[7,13,14,16,22],"killed_by":"Gremlin Leader","ascension_level":3}}