{"host":"udyc8f81k2jocuhg","time":1609853087,"event":{"mods":["2.2 Compatiblity","BaseMod","Better Third Choice","Colored Powertips","Conspire","Custom Start","GifTheSpireLib","Hermit","Minty Spire (QoL Compilation)","Permanent Neow","Quick Restart","Relic Filter","Relic Stats","Replay The Spire","Shop Mod","Spikes Relics","StSLib","Stuff the Spire"],"gold_per_floor":[109,119,194,82,82,82,82],"floor_reached":6,"playtime":368,"items_purged":[],"score":60,"play_id":"9f279f97-173e-4ecd-bb18-4a3f4e69c40b","local_time":"20210105142447","is_ascension_mode":true,"campfire_choices":[],"circlet_count":0,"master_deck":["AscendersBane","Strike_G","Strike_G","Strike_G","Strike_G","Strike_G","Defend_G","Defend_G","Defend_G","Defend_G","Defend_G","Survivor+1","Neutralize","StuffTheSpire:MirrorStance","Catalyst","StuffTheSpire:Sprint","Bane+1"],"relics":["Ring of the Snake","StuffTheSpire:OldFever"],"acts_visited":["Exordium"],"potions_floor_usage":[],"damage_taken":[{"damage":1,"enemies":"2 Louse","floor":1,"turns":3},{"damage":0,"enemies":"Cultist","floor":2,"turns":5},{"damage":26,"enemies":"Lagavulin","floor":6,"turns":8}],"seed_played":"-1528901260832123851","potions_obtained":[],"is_trial":false,"path_per_floor":["M","M","?","$","?","E"],"character_chosen":"THE_SILENT","items_purchased":["StuffTheSpire:Sprint","Bane+1"],"campfire_rested":0,"item_purchase_floors":[4,4],"current_hp_per_floor":[58,58,47,47,47,21,21],"gold":82,"neow_bonus":"RANDOM_COMMON_RELIC","is_daily":false,"chose_seed":false,"campfire_upgraded":0,"win_rate":0.0,"timestamp":1609853087,"path_taken":["M","M","?","$","?","E"],"items_purchased_type":["Card","Card"],"build_version":"2020-12-22","purchased_purges":0,"victory":false,"max_hp_per_floor":[66,66,66,66,66,66,66],"relic_stats":{"counters":[3,16],"obtain_stats":[{"StuffTheSpire:OldFever":0,"Ring of the Snake":0},{"StuffTheSpire:OldFever":0,"Ring of the Snake":0},{"StuffTheSpire:OldFever":0,"Ring of the Snake":0}],"Ring of the Snake":[6]},"card_choices":[{"not_picked":["PiercingWail","Poisoned Stab"],"picked":"StuffTheSpire:MirrorStance","floor":1},{"not_picked":["Reflex","Dash"],"picked":"Catalyst","floor":2}],"player_experience":1942943,"relics_obtained":[],"event_choices":[{"damage_healed":0,"gold_gain":75,"player_choice":"Gold","damage_taken":11,"max_hp_gain":0,"max_hp_loss":0,"event_name":"betterThird:BetterGoop","floor":3,"gold_loss":0}],"is_beta":false,"boss_relics":[],"items_purged_floors":[],"is_endless":false,"potions_floor_spawned":[],"killed_by":"Lagavulin","ascension_level":15}}