{"host":"jq8d8epkoknfq6em","time":1609805345,"event":{"mods":["AchievementEnabler","BaseMod","Colored Map","Colored Powertips","Highlight Path","Minty Spire (QoL Compilation)","Quick Restart","StSLib"],"gold_per_floor":[16,16,34,34,34,62,62,90,117,128,203,43,43,77,77,77,77],"floor_reached":16,"playtime":744,"items_purged":[],"score":180,"play_id":"bc3013cf-a4d4-4851-9c71-50e828a9418a","local_time":"20210105010905","is_ascension_mode":true,"campfire_choices":[{"data":"Evolve","floor":7,"key":"SMITH"},{"floor":13,"key":"REST"},{"data":"Havoc","floor":15,"key":"SMITH"}],"circlet_count":0,"master_deck":["AscendersBane","Strike_R","Strike_R","Strike_R","Strike_R","Defend_R","Defend_R","Defend_R","Defend_R","Bash","Reckless Charge","Hemokinesis","Combust","Evolve+1","Power Through","Havoc+1","Disarm","Power Through","Headbutt","Shrug It Off"],"relics":["Burning Blood","StoneCalendar","Bronze Scales","Darkstone Periapt","Shuriken","Dream Catcher","Meat on the Bone"],"acts_visited":["Exordium"],"potions_floor_usage":[8,16],"damage_taken":[{"damage":8,"enemies":"Cultist","floor":1,"turns":6},{"damage":2,"enemies":"2 Louse","floor":3,"turns":2},{"damage":37,"enemies":"Gremlin Nob","floor":6,"turns":4},{"damage":26,"enemies":"Lagavulin","floor":8,"turns":5},{"damage":3,"enemies":"Small Slimes","floor":10,"turns":3},{"damage":21,"enemies":"3 Sentries","floor":14,"turns":6},{"damage":27,"enemies":"The Guardian","floor":16,"turns":5}],"seed_played":"-3344193611790511144","potions_obtained":[{"floor":1,"key":"PowerPotion"},{"floor":6,"key":"AttackPotion"}],"is_trial":false,"path_per_floor":["M","?","M","?","?","E","R","E","T","M","?","$","R","E","R","B"],"character_chosen":"IRONCLAD","items_purchased":["Disarm","Power Through"],"campfire_rested":1,"item_purchase_floors":[12,12],"current_hp_per_floor":[70,70,74,79,76,45,45,25,25,28,17,17,42,27,27,0,0],"gold":77,"neow_bonus":"ONE_RARE_RELIC","is_daily":false,"chose_seed":false,"campfire_upgraded":2,"win_rate":0.0,"timestamp":1609805345,"path_taken":["M","?","M","?","?","E","R","E","T","M","?","$","R","E","R","BOSS"],"items_purchased_type":["Card","Card"],"build_version":"2020-12-22","purchased_purges":0,"victory":false,"max_hp_per_floor":[80,80,80,85,85,85,85,85,85,85,85,85,85,85,85,85,85],"card_choices":[{"not_picked":["Anger","Sentinel"],"picked":"Reckless Charge","floor":1},{"not_picked":["Heavy Blade","Thunderclap"],"picked":"Combust","floor":3},{"not_picked":["Clothesline","Heavy Blade"],"picked":"Evolve","floor":6},{"not_picked":["Dropkick","Rage"],"picked":"Power Through","floor":8},{"not_picked":["Shrug It Off","Perfected Strike"],"picked":"Havoc","floor":10},{"not_picked":["Evolve","Shrug It Off"],"picked":"Headbutt","floor":13},{"not_picked":["Immolate","Flex"],"picked":"Shrug It Off","floor":14}],"player_experience":938338,"relics_obtained":[{"floor":6,"key":"Darkstone Periapt"},{"floor":8,"key":"Shuriken"},{"floor":9,"key":"Dream Catcher"},{"floor":14,"key":"Meat on the Bone"}],"event_choices":[{"damage_healed":0,"gold_gain":0,"cards_transformed":["Strike_R"],"player_choice":"Change","damage_taken":0,"max_hp_gain":0,"max_hp_loss":0,"event_name":"Living Wall","floor":2,"gold_loss":0,"cards_obtained":["Hemokinesis"]},{"damage_healed":0,"gold_gain":0,"player_choice":"Donut","damage_taken":0,"max_hp_gain":5,"max_hp_loss":0,"event_name":"Big Fish","floor":4,"gold_loss":0},{"damage_healed":0,"gold_gain":0,"player_choice":"Success","damage_taken":3,"relics_obtained":["Bronze Scales"],"max_hp_gain":0,"max_hp_loss":0,"event_name":"Scrap Ooze","floor":5,"gold_loss":0},{"damage_healed":0,"gold_gain":75,"player_choice":"Gather Gold","damage_taken":11,"max_hp_gain":0,"max_hp_loss":0,"event_name":"World of Goop","floor":11,"gold_loss":0}],"is_beta":false,"boss_relics":[],"items_purged_floors":[],"is_endless":false,"potions_floor_spawned":[1,6],"killed_by":"The Guardian","ascension_level":11}}