{"host":"56ghxnzsglgdq727","time":1609838997,"event":{"mods":["AchievementEnabler","BaseMod","Downfall","Minty Spire (QoL Compilation)","StSLib"],"gold_per_floor":[349,369,369,28,28,55,55,74,93,93,93,111,21,21,21,21],"floor_reached":14,"playtime":601,"items_purged":[],"score":92,"play_id":"81f332ed-a4fe-4088-b561-62ccb4958613","local_time":"20210105042957","is_ascension_mode":true,"campfire_choices":[{"data":"champ:Taunt","floor":1,"key":"SMITH"},{"data":"champ:Aggression","floor":10,"key":"SMITH"}],"circlet_count":0,"master_deck":["champ:Strike","champ:Strike","champ:Strike","champ:Defend","champ:Defend","champ:Defend","champ:Defend","champ:Execute","champ:Taunt+1","champ:DeathBlow","champ:BerserkersShout","champ:Encircle","champ:Aggression+1","champ:Duel","champ:ShieldSigil","champ:RecklessLeap","expansioncontent:CaCaw"],"relics":["champ:ChampionCrown","Thread and Needle","downfall:BrokenWingStatue","Bottled Flame","The Courier","champ:LiftRelic"],"acts_visited":["Exordium"],"potions_floor_usage":[13],"damage_taken":[{"damage":5,"enemies":"Cultist","floor":2,"turns":4},{"damage":36,"enemies":"downfall:FleeingMerchant","floor":4,"turns":4},{"damage":51,"enemies":"3 Sentries","floor":6,"turns":6},{"damage":12,"enemies":"2 Louse","floor":8,"turns":2},{"damage":19,"enemies":"Jaw Worm","floor":9,"turns":3},{"damage":4,"enemies":"Red Slaver","floor":12,"turns":2},{"damage":61,"enemies":"downfall:FleeingMerchant","floor":13,"turns":4},{"damage":41,"enemies":"Lagavulin","floor":14,"turns":4}],"seed_played":"5611148365634109184","potions_obtained":[{"floor":2,"key":"SpeedPotion"},{"floor":12,"key":"FearPotion"}],"is_trial":false,"path_per_floor":["R","M","?","$","?","E","T","M","M","R","?","M","$","E"],"character_chosen":"THE_CHAMP","items_purchased":["champ:Encircle","Thread and Needle","expansioncontent:CaCaw"],"campfire_rested":0,"item_purchase_floors":[4,4,13],"current_hp_per_floor":[81,81,81,76,76,53,53,53,49,49,49,49,38,0,0,0],"gold":21,"neow_bonus":"TWO_FIFTY_GOLD","is_daily":false,"chose_seed":false,"campfire_upgraded":2,"win_rate":0.0,"timestamp":1609838997,"path_taken":["R","M","?","$","?","E","T","M","M","R","?","M","?","E"],"items_purchased_type":["Card","Relic","Card"],"build_version":"2020-12-22","purchased_purges":0,"victory":false,"max_hp_per_floor":[81,81,81,81,81,81,81,81,81,81,81,81,81,81,81,81],"card_choices":[{"not_picked":["champ:EndlessRage","champ:DefensiveShout"],"picked":"champ:DeathBlow","floor":2},{"not_picked":["champ:FaceSlap","champ:EndlessRage"],"picked":"champ:BerserkersShout","floor":4},{"not_picked":["champ:FocusedGladiator","champ:BerserkersShout","champ:StanceDance"],"picked":"SKIP","floor":6},{"not_picked":["champ:StanceDance","champ:BladeFlurry"],"picked":"champ:Aggression","floor":8},{"not_picked":["champ:Backstep","champ:BerserkersShout"],"picked":"champ:Duel","floor":9},{"not_picked":["champ:ShieldSlam","champ:TornadoPunch"],"picked":"champ:ShieldSigil","floor":12},{"not_picked":["champ:DefensiveShout","champ:SkillfulDodge"],"picked":"champ:RecklessLeap","floor":13}],"player_experience":156683,"relics_obtained":[{"floor":6,"key":"Bottled Flame"},{"floor":7,"key":"The Courier"}],"event_choices":[],"is_beta":false,"boss_relics":[],"items_purged_floors":[],"is_endless":false,"potions_floor_spawned":[2,12],"killed_by":"Lagavulin","ascension_level":1}}