{"host":"l2dnabsh5e0fsksb","time":1609812452,"event":{"mods":["2.2 Compatiblity","BaseMod","Downfall","Minty Spire (QoL Compilation)","Quick Restart","StSLib"],"gold_per_floor":[99,99,99,99,99,99,99,24,57,73,73,83,101,101,121,226,226,151,164,264,291,53,53,79,107,107,107,17,52,52,69,79,175,175,175,194,1193,1219,1235,1235,1235,1235,902,953,407,407,461,487,507,507],"floor_reached":51,"playtime":2248,"items_purged":["Regret"],"score":1015,"play_id":"34c864ce-873e-4dd9-b0f7-3e5f1828f65b","local_time":"20210105123732","is_ascension_mode":true,"campfire_choices":[{"floor":1.0,"key":"RECALL"},{"data":"champ:Execute","floor":8.0,"key":"SMITH"},{"data":"champ:FalseCounter","floor":11.0,"key":"SMITH"},{"data":"champ:StrikeOfGenius","floor":18.0,"key":"SMITH"},{"data":"champ:IronFortress","floor":23.0,"key":"SMITH"},{"data":"champ:Improvising","floor":35.0,"key":"SMITH"},{"data":"champ:Improvising","floor":40.0,"key":"SMITH"},{"data":"Panache","floor":46.0,"key":"SMITH"}],"circlet_count":0,"master_deck":["champ:Defend","champ:Defend","champ:Defend","champ:Defend+1","champ:Execute+1","champ:Taunt+1","champ:DefensiveStyle+1","champ:ArenaPreparation","champ:FalseCounter+1","champ:GladiatorStyle","champ:Circumvent","champ:IronFortress+1","champ:ShieldWall","champ:StrikeOfGenius+1","champ:ArenaPreparation+1","champ:BerserkerStyle+1","champ:StanceDance+1","champ:IronFortress","champ:FaceSlap+1","champ:Improvising+1","champ:Circumvent","champ:DefensiveStyle","Bite","Bite","Bite","Bite","Bite","champ:IronFortress+1","champ:Aggression+1","champ:Improvising+1","champ:SkillfulDodge+1","champ:FlashCut","champ:DefensiveStyle","champ:GutPunch+1","champ:Riposte+1","Panache+1","champ:Haymaker+1","champ:Backstep+1"],"relics":["champ:ChampionCrown","downfall:HeartsMalice","downfall:HeartBlessingRed","MealTicket","Omamori","expansioncontent:StudyCardRelic","downfall:HeartBlessingBlue","champ:BlackKnightHelmet","Sundial","Toy Ornithopter","hexamod:BolsterEngine","PreservedInsect","Juzu Bracelet","Tiny Chest","Letter Opener","SacredBark","Akabeko","Bottled Tornado","Du-Vu Doll","Mummified Hand","Anchor","HandDrill","Dream Catcher","Molten Egg 2"],"acts_visited":["Exordium","TheCity","TheBeyond"],"potions_floor_usage":[50],"damage_taken":[{"damage":0.0,"enemies":"Small Slimes","floor":2.0,"turns":1.0},{"damage":0.0,"enemies":"Jaw Worm","floor":5.0,"turns":1.0},{"damage":0.0,"enemies":"Cultist","floor":6.0,"turns":1.0},{"damage":28.0,"enemies":"Gremlin Nob","floor":9.0,"turns":4.0},{"damage":15.0,"enemies":"Exordium Thugs","floor":10.0,"turns":4.0},{"damage":29.0,"enemies":"Exordium Wildlife","floor":12.0,"turns":5.0},{"damage":7.0,"enemies":"Blue Slaver","floor":13.0,"turns":4.0},{"damage":9.0,"enemies":"2 Fungi Beasts","floor":15.0,"turns":4.0},{"damage":17.0,"enemies":"downfall:Watcher","floor":16.0,"turns":8.0},{"damage":9.0,"enemies":"3 Byrds","floor":19.0,"turns":5.0},{"damage":71.0,"enemies":"3 Byrds","floor":20.0,"turns":6.0},{"damage":8.0,"enemies":"downfall:FleeingMerchant","floor":22.0,"turns":4.0},{"damage":36.0,"enemies":"Gremlin Leader","floor":25.0,"turns":4.0},{"damage":30.0,"enemies":"downfall:FleeingMerchant","floor":28.0,"turns":4.0},{"damage":20.0,"enemies":"Book of Stabbing","floor":29.0,"turns":5.0},{"damage":13.0,"enemies":"Chosen","floor":31.0,"turns":6.0},{"damage":18.0,"enemies":"Centurion and Healer","floor":32.0,"turns":5.0},{"damage":75.0,"enemies":"downfall:Silent","floor":33.0,"turns":5.0},{"damage":8.0,"enemies":"Orb Walker","floor":36.0,"turns":4.0},{"damage":24.0,"enemies":"3 Shapes","floor":39.0,"turns":2.0},{"damage":34.0,"enemies":"2 Orb Walkers","floor":44.0,"turns":4.0},{"damage":38.0,"enemies":"downfall:FleeingMerchant","floor":45.0,"turns":4.0},{"damage":77.0,"enemies":"Reptomancer","floor":48.0,"turns":6.0},{"damage":43.0,"enemies":"Maw","floor":49.0,"turns":4.0},{"damage":27,"enemies":"downfall:Ironclad","floor":50,"turns":4}],"seed_played":"-7055696021715241047","potions_obtained":[{"floor":10.0,"key":"SteroidPotion"},{"floor":12.0,"key":"champ:CounterPotion"},{"floor":13.0,"key":"Energy Potion"},{"floor":15.0,"key":"PowerPotion"},{"floor":16.0,"key":"LiquidBronze"},{"floor":19.0,"key":"EssenceOfSteel"},{"floor":20.0,"key":"PowerPotion"},{"floor":25.0,"key":"Energy Potion"},{"floor":31.0,"key":"Regen Potion"},{"floor":36.0,"key":"sneckomod:MuddlingPotion"},{"floor":44.0,"key":"Regen Potion"}],"is_trial":false,"path_per_floor":["R","M","?","?","M","M","T","R","E","M","R","M","M","T","M","B",null,"R","M","?","T","$","R","T","E","T","?","$","E","?","M","M","B",null,"R","M","?","T","M","R","T","?","?","?","$","R","T","E","M","B",null],"character_chosen":"THE_CHAMP","items_purchased":["hexamod:BolsterEngine","champ:IronFortress","Mummified Hand","Anchor","HandDrill","Panache","DistilledChaos","ColorlessPotion"],"campfire_rested":0,"item_purchase_floors":[22,22,45,45,45,45,45,45],"current_hp_per_floor":[90,90,90,90,90,90,90,90,77,72,72,53,51,51,47,40,90,100,96,61,61,73,73,73,52,52,52,52,57,57,65,69,33,69,69,61,61,61,46,46,46,46,78,63,70,70,70,76,78,78],"gold":507,"neow_bonus":"THREE_ENEMY_KILL","is_daily":false,"chose_seed":false,"campfire_upgraded":7,"win_rate":0.0,"timestamp":1609812452,"path_taken":["R","M","?","?","M","M","T","R","E","M","R","M","?","?","M","BOSS","R","M","?","?","?","R","T","E","?","?","$","E","?","M","M","BOSS","R","M","?","?","M","R","T","?","?","?","$","R","?","E","M","BOSS"],"items_purchased_type":["Relic","Card","Relic","Relic","Relic","Card","Potion","Potion"],"build_version":"2020-12-22","purchased_purges":1,"victory":true,"max_hp_per_floor":[90,90,90,90,90,90,90,90,90,90,90,90,90,90,90,90,90,100,100,100,100,100,100,100,100,100,100,100,100,69,69,69,69,69,69,69,69,69,69,69,69,69,78,78,78,78,78,78,78,78],"card_choices":[{"not_picked":["champ:CrookedStrike","champ:PerfectedStrike"],"picked":"champ:DefensiveStyle","floor":2.0},{"not_picked":["champ:EndlessRage","champ:BerserkersShout","champ:EnragedBash"],"picked":"SKIP","floor":5.0},{"not_picked":["champ:BladeFlurry","champ:FocusedBerserking"],"picked":"champ:ArenaPreparation","floor":6.0},{"not_picked":["champ:BerserkersShout","champ:Haymaker"],"picked":"champ:FalseCounter","floor":9.0},{"not_picked":["champ:EndlessRage","champ:AdrenalArmor"],"picked":"champ:GladiatorStyle","floor":10.0},{"not_picked":["champ:FocusedBerserking","champ:EnchantShield"],"picked":"champ:Circumvent","floor":12.0},{"not_picked":["champ:FocusedDefense","champ:FalseCounter"],"picked":"champ:IronFortress","floor":13.0},{"not_picked":["champ:ShieldSigil","champ:FlashCut"],"picked":"champ:ShieldWall","floor":15.0},{"not_picked":["champ:CrownThrow","champ:VampiricStrike"],"picked":"champ:StrikeOfGenius","floor":16.0},{"not_picked":["champ:CrookedStrike","champ:GladiatorsShout"],"picked":"champ:ArenaPreparation+1","floor":19.0},{"not_picked":["champ:GladiatorsShout+1","champ:RageSigil"],"picked":"champ:BerserkerStyle+1","floor":20.0},{"not_picked":["champ:FocusedBerserking","champ:FlashCut"],"picked":"champ:StanceDance+1","floor":22.0},{"not_picked":["champ:DefensiveShout","champ:EndlessRage+1"],"picked":"champ:FaceSlap+1","floor":25.0},{"not_picked":["champ:RageSigil","champ:PerfectedStrike"],"picked":"champ:Circumvent","floor":28.0},{"not_picked":["champ:StrikeOfGenius","champ:ArenaPreparation+1"],"picked":"champ:DefensiveStyle","floor":29.0},{"not_picked":["champ:FlashCut+1","champ:GutPunch"],"picked":"champ:IronFortress+1","floor":31.0},{"not_picked":["champ:RageSigil+1","champ:BladeFlurry+1"],"picked":"champ:Aggression+1","floor":32.0},{"not_picked":["champ:CheapShot","champ:PerfectForm"],"picked":"champ:Improvising","floor":33.0},{"not_picked":["champ:DeathBlow+1","champ:FanOfKnives"],"picked":"champ:SkillfulDodge+1","floor":36.0},{"not_picked":["champ:BerserkersShout","champ:FalseCounter+1"],"picked":"champ:FlashCut","floor":39.0},{"not_picked":["champ:BerserkersShout+1","champ:GladiatorsShout+1"],"picked":"champ:GutPunch+1","floor":44.0},{"not_picked":["champ:CalledShot","champ:Aggression"],"picked":"champ:Riposte+1","floor":45.0},{"not_picked":["champ:FocusedBerserking+1","champ:EnGarde"],"picked":"champ:Haymaker+1","floor":48.0},{"not_picked":["champ:FlashCut+1","champ:FocusedBerserking+1"],"picked":"champ:Backstep+1","floor":49.0}],"player_experience":1735332,"relics_obtained":[{"floor":9.0,"key":"MealTicket"},{"floor":14.0,"key":"Omamori"},{"floor":20.0,"key":"champ:BlackKnightHelmet"},{"floor":20.0,"key":"Sundial"},{"floor":21.0,"key":"Toy Ornithopter"},{"floor":24.0,"key":"PreservedInsect"},{"floor":25.0,"key":"Juzu Bracelet"},{"floor":26.0,"key":"Tiny Chest"},{"floor":29.0,"key":"Letter Opener"},{"floor":38.0,"key":"Akabeko"},{"floor":41.0,"key":"Bottled Tornado"},{"floor":44.0,"key":"Du-Vu Doll"},{"floor":47.0,"key":"Dream Catcher"},{"floor":48.0,"key":"Molten Egg 2"}],"event_choices":[{"damage_healed":0.0,"max_hp_gain":0.0,"max_hp_loss":0.0,"gold_gain":0.0,"event_name":"Upgrade Shrine","player_choice":"Upgraded","floor":4.0,"gold_loss":0.0,"damage_taken":0.0,"cards_upgraded":["champ:Taunt"]},{"damage_healed":0.0,"max_hp_gain":0.0,"max_hp_loss":31.0,"gold_gain":0.0,"event_name":"Vampires","player_choice":"Became a vampire","floor":30.0,"gold_loss":0.0,"damage_taken":0.0,"cards_obtained":["Bite","Bite","Bite","Bite","Bite"]},{"damage_healed":0.0,"max_hp_gain":0.0,"max_hp_loss":0.0,"gold_gain":0.0,"event_name":"Duplicator","player_choice":"Copied","floor":42.0,"gold_loss":0.0,"damage_taken":0.0,"cards_obtained":["champ:DefensiveStyle"]},{"damage_healed":0.0,"max_hp_gain":0.0,"max_hp_loss":0.0,"gold_gain":0.0,"event_name":"Mysterious Sphere","player_choice":"Fight","floor":44.0,"gold_loss":0.0,"damage_taken":0.0}],"is_beta":false,"boss_relics":[{"not_picked":["Busted Crown","Pandora\u0027s Box"],"picked":"expansioncontent:StudyCardRelic"},{"not_picked":["Runic Dome","Sozu"],"picked":"SacredBark"}],"items_purged_floors":[28],"is_endless":false,"potions_floor_spawned":[10,12,13,15,16,19,20,25,31,36,44],"ascension_level":3}}