{"host":"bydnmyvf669xu6ab","time":1609876331,"event":{"mods":["Aspiration","BaseMod","Better Note","BetterRewards","Colored Map","Colored Powertips","Minty Spire (QoL Compilation)","Rare Cards Sparkle","Relic Stats","Shop Mod","StSLib","SuperFastMode","Virulent Crown"],"gold_per_floor":[114,46,46,46,46,46,71,71,71,71,71,83,83,100,100,201,201,219,219,219,236,236,236,236,236],"floor_reached":24,"playtime":895,"items_purged":[],"score":305,"play_id":"2f692c5c-f08a-4b5d-8cfe-8a69ba82e886","local_time":"20210105115211","is_ascension_mode":true,"campfire_choices":[{"data":"Rampage","floor":6,"key":"SMITH"},{"data":"Entrench","floor":10,"key":"SMITH"},{"data":"Evolve","floor":13,"key":"SMITH"},{"data":"Bash","floor":15,"key":"SMITH"},{"data":"Juggernaut","floor":23,"key":"SMITH"}],"circlet_count":0,"master_deck":["Strike_R","Strike_R","Strike_R","Strike_R","Defend_R","Defend_R","Defend_R","Defend_R","Bash+1","Cleave","Entrench+1","Flex","Rampage+1","Shrug It Off+1","Evolve+1","Clothesline","Juggernaut+1","Armaments+1","Heavy Blade+1","Finesse+1","Juggernaut"],"relics":["Black Blood","Bronze Scales","aspiration:FetidBarrel","Toxic Egg 2","PrismaticShard"],"acts_visited":["Exordium","TheCity"],"potions_floor_usage":[16,24],"damage_taken":[{"damage":6,"enemies":"Cultist","floor":1,"turns":3},{"damage":37,"enemies":"Lagavulin","floor":7,"turns":6},{"damage":0,"enemies":"2 Louse","floor":12,"turns":2},{"damage":0,"enemies":"Jaw Worm","floor":14,"turns":3},{"damage":33,"enemies":"Slime Boss","floor":16,"turns":11},{"damage":24,"enemies":"3 Byrds","floor":18,"turns":4},{"damage":20,"enemies":"Spheric Guardian","floor":21,"turns":4},{"damage":56,"enemies":"Book of Stabbing","floor":24,"turns":5}],"seed_played":"4942651363326234445","potions_obtained":[{"floor":7,"key":"DistilledChaos"},{"floor":14,"key":"Ancient Potion"},{"floor":16,"key":"SpeedPotion"},{"floor":18,"key":"Block Potion"}],"is_trial":false,"path_per_floor":["M","$","?","?","$","R","E","$","T","R","?","M","R","M","R","B",null,"M","?","?","M","?","R","E"],"character_chosen":"IRONCLAD","items_purchased":["Bronze Scales","Cleave","Entrench","Rampage"],"campfire_rested":0,"item_purchase_floors":[0,0,0,2],"current_hp_per_floor":[70,70,70,67,67,67,36,36,36,36,36,42,42,48,48,21,80,68,68,60,52,52,52,0,0],"gold":236,"neow_bonus":"","is_daily":false,"chose_seed":false,"campfire_upgraded":5,"win_rate":0.0,"timestamp":1609876331,"path_taken":["M","$","?","?","$","R","E","$","T","R","?","?","R","M","R","BOSS","M","?","?","M","?","R","E"],"items_purchased_type":["Relic","Card","Card","Card"],"build_version":"2020-12-22","purchased_purges":0,"victory":false,"max_hp_per_floor":[80,80,80,80,80,80,80,80,80,80,80,80,80,80,80,80,80,80,80,80,80,80,80,80,80],"relic_stats":{"counters":[124,604],"Bronze Scales":[117],"Black Blood":660,"obtain_stats":[{"Ice Cream":19,"Calipers":12,"Tiny House":17,"Gremlin Horn":17,"Vajra":42,"Whetstone":43,"Blood Vial":25,"Centennial Puzzle":41,"Sundial":24,"DollysMirror":0,"Strawberry":10,"Philosopher\u0027s Stone":17,"MealTicket":14,"Kunai":0,"Toxic Egg 2":3,"aspiration:DSix":13,"Astrolabe":17,"Dead Branch":42,"Oddly Smooth Stone":25,"Pen Nib":42,"Charon\u0027s Ashes":17,"aspiration:HiddenCompartment":21,"Shuriken":31,"Bronze Scales":19,"Molten Egg 2":26,"Mark of Pain":34,"aspiration:Lifesprig":54,"Regal Pillow":27,"Torii":46,"SacredBark":17,"Black Blood":17,"Juzu Bracelet":22,"Bag of Preparation":31,"Ancient Tea Set":7,"Cursed Key":34,"Smiling Mask":23,"PrismaticShard":22,"Burning Blood":0,"aspiration:StickyExplosives_weak":27,"ClockworkSouvenir":30,"Matryoshka":0,"aspiration:DefectSkillbook":17,"aspiration:AnachronicSnailShell":23,"Toolbox":0,"Red Skull":38,"aspiration:ChemicalBlood":9,"Paper Frog":43,"Potion Belt":0,"Self Forming Clay":25,"aspiration:FetidBarrel":4,"The Courier":9,"Frozen Egg 2":26,"Medical Kit":31,"Calling Bell":17,"Anchor":9,"CaptainsWheel":54,"Art of War":26,"Bag of Marbles":14,"Membership Card":19,"FossilizedHelix":0,"Toy Ornithopter":0},{"Ice Cream":23,"Calipers":45,"Tiny House":113,"Gremlin Horn":86,"Vajra":33,"Whetstone":33,"Blood Vial":92,"Centennial Puzzle":33,"Sundial":25,"DollysMirror":39,"Strawberry":20,"Philosopher\u0027s Stone":22,"MealTicket":85,"Kunai":39,"Toxic Egg 2":41,"aspiration:DSix":85,"Astrolabe":7,"Dead Branch":33,"Oddly Smooth Stone":11,"Pen Nib":73,"Charon\u0027s Ashes":86,"aspiration:HiddenCompartment":63,"Shuriken":27,"Bronze Scales":23,"Molten Egg 2":11,"Mark of Pain":67,"aspiration:Lifesprig":78,"Regal Pillow":93,"Torii":74,"SacredBark":47,"Black Blood":121,"Juzu Bracelet":9,"Bag of Preparation":96,"Ancient Tea Set":3,"Cursed Key":28,"Smiling Mask":53,"PrismaticShard":63,"Burning Blood":0,"aspiration:StickyExplosives_weak":64,"ClockworkSouvenir":66,"Matryoshka":56,"aspiration:DefectSkillbook":62,"aspiration:AnachronicSnailShell":10,"Toolbox":105,"Red Skull":98,"aspiration:ChemicalBlood":43,"Paper Frog":100,"Potion Belt":15,"Self Forming Clay":54,"aspiration:FetidBarrel":117,"The Courier":59,"Frozen Egg 2":63,"Medical Kit":96,"Calling Bell":86,"Anchor":20,"CaptainsWheel":38,"Art of War":63,"Bag of Marbles":112,"Membership Card":23,"FossilizedHelix":79,"Toy Ornithopter":79},{"Ice Cream":101,"Calipers":229,"Tiny House":556,"Gremlin Horn":431,"Vajra":157,"Whetstone":157,"Blood Vial":457,"Centennial Puzzle":157,"Sundial":109,"DollysMirror":198,"Strawberry":78,"Philosopher\u0027s Stone":94,"MealTicket":423,"Kunai":198,"Toxic Egg 2":205,"aspiration:DSix":423,"Astrolabe":24,"Dead Branch":157,"Oddly Smooth Stone":43,"Pen Nib":382,"Charon\u0027s Ashes":431,"aspiration:HiddenCompartment":334,"Shuriken":117,"Bronze Scales":101,"Molten Egg 2":43,"Mark of Pain":358,"aspiration:Lifesprig":406,"Regal Pillow":460,"Torii":385,"SacredBark":239,"Black Blood":591,"Juzu Bracelet":31,"Bag of Preparation":472,"Ancient Tea Set":11,"Cursed Key":129,"Smiling Mask":280,"PrismaticShard":334,"Burning Blood":0,"aspiration:StickyExplosives_weak":340,"ClockworkSouvenir":350,"Matryoshka":307,"aspiration:DefectSkillbook":330,"aspiration:AnachronicSnailShell":38,"Toolbox":520,"Red Skull":484,"aspiration:ChemicalBlood":212,"Paper Frog":490,"Potion Belt":64,"Self Forming Clay":287,"aspiration:FetidBarrel":569,"The Courier":319,"Frozen Egg 2":334,"Medical Kit":472,"Calling Bell":431,"Anchor":78,"CaptainsWheel":189,"Art of War":334,"Bag of Marbles":549,"Membership Card":101,"FossilizedHelix":408,"Toy Ornithopter":408}]},"card_choices":[{"not_picked":["Warcry","Dropkick"],"picked":"Flex","floor":1},{"not_picked":["True Grit+1","Feel No Pain"],"picked":"Shrug It Off+1","floor":7},{"not_picked":["Iron Wave","Searing Blow","Burning Pact+1"],"picked":"SKIP","floor":12},{"not_picked":["Second Wind+1","Sword Boomerang"],"picked":"Clothesline","floor":14},{"not_picked":["Offering+1","Feed"],"picked":"Juggernaut","floor":16},{"not_picked":["Cleave","Iron Wave"],"picked":"Armaments+1","floor":18},{"not_picked":["Pummel","Sword Boomerang"],"picked":"Heavy Blade+1","floor":20},{"not_picked":["Armaments+1","Pummel"],"picked":"Finesse+1","floor":21}],"player_experience":2150453,"relics_obtained":[{"floor":7,"key":"Toxic Egg 2"},{"floor":20,"key":"PrismaticShard"}],"event_choices":[{"damage_healed":0,"gold_gain":0,"player_choice":"Leave","damage_taken":0,"max_hp_gain":0,"max_hp_loss":0,"event_name":"The Cleric","floor":3,"gold_loss":0},{"damage_healed":0,"gold_gain":0,"player_choice":"Success","damage_taken":3,"relics_obtained":["aspiration:FetidBarrel"],"max_hp_gain":0,"max_hp_loss":0,"event_name":"Scrap Ooze","floor":4,"gold_loss":0},{"damage_healed":0,"gold_gain":0,"cards_transformed":["Strike_R"],"player_choice":"Transformed","damage_taken":0,"max_hp_gain":0,"max_hp_loss":0,"event_name":"Transmorgrifier","floor":11,"gold_loss":0,"cards_obtained":["Evolve"]},{"damage_healed":0,"gold_gain":0,"player_choice":"Ignored","damage_taken":0,"max_hp_gain":0,"max_hp_loss":0,"event_name":"betterNote:BetterNote","floor":19,"gold_loss":0,"cards_obtained":["Barricade"]},{"damage_healed":0,"gold_gain":0,"player_choice":"Copied","damage_taken":0,"max_hp_gain":0,"max_hp_loss":0,"event_name":"Duplicator","floor":22,"gold_loss":0,"cards_obtained":["Juggernaut"]}],"is_beta":false,"boss_relics":[{"not_picked":["Velvet Choker","aspiration:DefectSkillbook"],"picked":"Black Blood"}],"items_purged_floors":[],"is_endless":false,"potions_floor_spawned":[7,14,16,18],"killed_by":"Book of Stabbing","ascension_level":1}}