{"host":"hxqmxu97ax4h93y4","time":1609870826,"event":{"mods":["BaseMod","Downfall","Hermit","Marisa????????","Minty Spire (QoL Compilation)","StSLib","The Servant 0.9.4"],"gold_per_floor":[116,130,148,165,182,182,38,38,38,38,63,77,97,111,111,111,111],"floor_reached":16,"playtime":1084,"items_purged":[],"score":106,"play_id":"460a1189-03d2-4bb1-9569-26b3db2cf038","local_time":"20210105102026","is_ascension_mode":false,"campfire_choices":[{"data":"hermit:Snipe","floor":6,"key":"SMITH"},{"data":"hermit:Roulette","floor":8,"key":"SMITH"},{"floor":15,"key":"REST"}],"circlet_count":0,"master_deck":["hermit:Strike_Hermit","hermit:Strike_Hermit","hermit:Strike_Hermit","hermit:Defend_Hermit","hermit:Defend_Hermit","hermit:Defend_Hermit","hermit:Defend_Hermit","hermit:Snapshot","hermit:Covet","hermit:Ricochet","hermit:Roulette+1","hermit:Midnight","hermit:Combo","hermit:Snipe+1","hermit:Quickdraw","hermit:Virtue","hermit:Maintenance","hermit:Reprieve","hermit:Glare"],"relics":["hermit:Momento","Orichalcum","Oddly Smooth Stone"],"acts_visited":["Exordium"],"potions_floor_usage":[11,16],"damage_taken":[{"damage":15,"enemies":"Cultist","floor":1,"turns":5},{"damage":0,"enemies":"2 Louse","floor":2,"turns":3},{"damage":1,"enemies":"Jaw Worm","floor":3,"turns":3},{"damage":5,"enemies":"Looter","floor":4,"turns":3},{"damage":3,"enemies":"3 Louse","floor":5,"turns":2},{"damage":19,"enemies":"3 Sentries","floor":11,"turns":5},{"damage":7,"enemies":"2 Fungi Beasts","floor":12,"turns":4},{"damage":8,"enemies":"Large Slime","floor":13,"turns":4},{"damage":14,"enemies":"Lots of Slimes","floor":14,"turns":6},{"damage":36,"enemies":"Slime Boss","floor":16,"turns":8}],"seed_played":"-8577549040649738744","potions_obtained":[{"floor":3,"key":"hermit:Eclipse"},{"floor":4,"key":"Fire Potion"},{"floor":13,"key":"BlessingOfTheForge"}],"is_trial":false,"path_per_floor":["M","M","M","M","M","R","$","R","T","?","E","M","M","M","R","B"],"character_chosen":"HERMIT","items_purchased":["Orichalcum"],"campfire_rested":1,"item_purchase_floors":[7],"current_hp_per_floor":[67,67,66,61,58,58,58,58,58,58,39,32,24,10,34,0,0],"gold":111,"neow_bonus":"TEN_PERCENT_HP_BONUS","is_daily":false,"chose_seed":false,"campfire_upgraded":2,"win_rate":0.0,"timestamp":1609870826,"path_taken":["M","M","?","M","M","R","$","R","T","?","E","M","M","M","R","BOSS"],"items_purchased_type":["Relic"],"build_version":"2020-12-22","purchased_purges":0,"victory":false,"max_hp_per_floor":[82,82,82,82,82,82,82,82,82,82,82,82,82,82,82,82,82],"card_choices":[{"not_picked":["hermit:Cheat","hermit:CalledShot"],"picked":"hermit:Ricochet","floor":1},{"not_picked":["hermit:Desperado","hermit:Cheat"],"picked":"hermit:Roulette","floor":2},{"not_picked":["hermit:Coalescence","hermit:Headshot"],"picked":"hermit:Midnight","floor":3},{"not_picked":["hermit:Feint","hermit:Scavenge"],"picked":"hermit:Combo","floor":4},{"not_picked":["hermit:Grudge","hermit:SprayPray"],"picked":"hermit:Snipe","floor":5},{"not_picked":["hermit:HoleUp","hermit:Glare"],"picked":"hermit:Virtue","floor":11},{"not_picked":["hermit:Ricochet","hermit:Midnight"],"picked":"hermit:Maintenance","floor":12},{"not_picked":["hermit:Headshot","hermit:CalledShot"],"picked":"hermit:Reprieve","floor":13},{"not_picked":["hermit:CalledShot","hermit:Virtue"],"picked":"hermit:Glare","floor":14}],"player_experience":27698,"relics_obtained":[{"floor":11,"key":"Oddly Smooth Stone"}],"event_choices":[{"damage_healed":0,"gold_gain":0,"cards_transformed":["hermit:Strike_Hermit"],"player_choice":"Change","damage_taken":0,"max_hp_gain":0,"max_hp_loss":0,"event_name":"Living Wall","floor":10,"gold_loss":0,"cards_obtained":["hermit:Quickdraw"]}],"is_beta":false,"boss_relics":[],"items_purged_floors":[],"is_endless":false,"potions_floor_spawned":[3,4,13],"killed_by":"Slime Boss","ascension_level":0}}