{"host":"z9grmtg2w0nmz8n1","time":1609829129,"event":{"mods":["Aspiration","Bard","BaseMod","Beaked The Cultist","Better Altar","Better Match","Better Note","Better Sensory Stone","Better Skull","Better Third Choice","BetterRewards","CCEM","Colored Map","Conspire","Downfall","GifTheSpireLib","Googly Eyes","Halation","Hermit","Highlight Path","Hubris","Hunter ??","Jedi Mod","Jorbs\u0027s Wanderer Trilogy","Mad Scientist","Marisa????????","Minty Spire (QoL Compilation)","Permanent Neow","Replay The Spire","Shade Mod","Shop Mod","Spicy Shops","StSLib","Stuff the Spire","The Bug Knight","The Construct","The Necromancer","The Runesmith","The Witch"],"gold_per_floor":[115,131,306,306,101,101,136,136,160,174,174,194,212,230,230,330,330,341,117,130,146,146,146,174,174,243,118,118,118,128,163,163,268,268,280,300,300,300,310,341,341,358,358,375,421,421,421],"floor_reached":46,"playtime":1835,"items_purged":["Doubt","Strike_B","Strike_B"],"score":566,"play_id":"3c81c1bb-2cb0-41e2-a0c7-b327eeb3ca61","local_time":"20210105044529","is_ascension_mode":true,"campfire_choices":[{"floor":6,"key":"RECALL"},{"data":"Zap","floor":8,"key":"SMITH"},{"data":"Barrage","floor":11,"key":"SMITH"},{"floor":15,"key":"REST"},{"floor":23,"key":"REST"},{"floor":25,"key":"REST"},{"floor":29,"key":"REST"},{"floor":32,"key":"REST"},{"data":"Electrodynamics","floor":41,"key":"SMITH"}],"circlet_count":0,"master_deck":["Strike_B","Strike_B+1","Defend_B","Defend_B","Defend_B+1","Defend_B","Zap+1","Dualcast","Barrage+1","Gash","StuffTheSpire:Plugnplay+1","Gash","Gash","Electrodynamics+1","ReplayTheSpireMod:Calculation Training","Leap+1","hubris:Ukulele","Gash","All For One","Gash+1","Conserve Battery"],"relics":["Cracked Core","Pet Ghost","jedi:matchstick","Simple Rune","jedi:hotpepper","hubris:TinFlute","hubris:ToyBattleship","Molten Egg 2","Gremlin Food","Replay:Grab Bag","conspire:RoyalGoblet","hubris:VirtuousBlindfold","halation:PinkAlligatorPlush","halation:PapillonHeart","construct:FoamFinger","aspiration:EnhancedActuators","CatCart"],"acts_visited":["Exordium","TheCity","TheBeyond"],"potions_floor_usage":[12,16,24,24,24,31,46],"damage_taken":[{"damage":0,"enemies":"Cultist","floor":1,"turns":4},{"damage":1,"enemies":"Jaw Worm","floor":2,"turns":3},{"damage":29,"enemies":"3 Sentries","floor":7,"turns":6},{"damage":0,"enemies":"Small Slimes","floor":10,"turns":2},{"damage":2,"enemies":"Exordium Thugs","floor":12,"turns":3},{"damage":0,"enemies":"Red Slaver","floor":13,"turns":3},{"damage":2,"enemies":"2 Fungi Beasts","floor":14,"turns":2},{"damage":36,"enemies":"Fading Forest","floor":16,"turns":11},{"damage":12,"enemies":"3 Byrds","floor":18,"turns":3},{"damage":17,"enemies":"2 Thieves","floor":20,"turns":3},{"damage":20,"enemies":"Snake Plant","floor":21,"turns":3},{"damage":17,"enemies":"Slavers","floor":24,"turns":3},{"damage":3,"enemies":"Centurion and Healer","floor":30,"turns":3},{"damage":0,"enemies":"Gremlin Leader","floor":31,"turns":4},{"damage":14,"enemies":"Automaton","floor":33,"turns":5},{"damage":29,"enemies":"3 Darklings","floor":35,"turns":3},{"damage":0,"enemies":"3 Shapes","floor":36,"turns":3},{"damage":15,"enemies":"Maw","floor":39,"turns":6},{"damage":35,"enemies":"Nemesis","floor":40,"turns":2},{"damage":10,"enemies":"Jaw Worm Horde","floor":42,"turns":3},{"damage":0,"enemies":"4 Shapes","floor":44,"turns":2},{"damage":21,"enemies":"Orin","floor":45,"turns":9},{"damage":39,"enemies":"Reptomancer","floor":46,"turns":2}],"seed_played":"-3204499372980623191","potions_obtained":[{"floor":2,"key":"jedi:tentaclejuice"},{"floor":10,"key":"Weak Potion"},{"floor":13,"key":"SpeedPotion"},{"floor":14,"key":"SteroidPotion"},{"floor":18,"key":"jedi:coolantleak"},{"floor":30,"key":"Block Potion"},{"floor":31,"key":"jedi:mysterypotion"},{"floor":33,"key":"Elixir"},{"floor":35,"key":"Elixir"},{"floor":45,"key":"PowerPotion"}],"is_trial":false,"path_per_floor":["M","M","?","T","$","R","E","R","T","M","R","M","M","M","R","B",null,"M","$","M","M","?","R","E","R","T","$","?","R","M","E","R","B",null,"M","M","?","?","M","E","R","M","T","M","?","E"],"character_chosen":"DEFECT","items_purchased":["Ball Lightning+1","StuffTheSpire:Plugnplay","hubris:TinFlute"],"campfire_rested":5,"item_purchase_floors":[5,5,19],"current_hp_per_floor":[75,74,74,74,74,74,45,45,45,45,45,43,43,41,63,37,56,44,44,27,7,7,23,6,22,22,22,22,38,35,35,51,37,56,27,27,27,27,12,53,53,43,43,43,22,0,0],"gold":421,"neow_bonus":"RANDOM_COMMON_RELIC","is_daily":false,"chose_seed":false,"campfire_upgraded":3,"win_rate":0.0,"timestamp":1609829129,"path_taken":["M","M","?","?","$","R","E","R","T","M","R","?","?","M","R","BOSS","M","$","M","M","?","R","E","R","T","$","?","R","M","E","R","BOSS","M","M","?","?","M","E","R","M","T","M","?","E"],"items_purchased_type":["Card","Card","Relic"],"build_version":"2020-12-22","purchased_purges":3,"victory":false,"max_hp_per_floor":[75,75,75,75,75,75,75,75,75,75,75,75,75,75,75,75,56,56,56,56,56,56,56,56,56,56,56,56,56,56,56,56,56,56,56,56,53,53,53,53,53,53,53,53,53,53,53],"card_choices":[{"not_picked":["Panic Button","StuffTheSpire:Rend"],"picked":"Barrage","floor":1},{"not_picked":["Steam","hubris:PowerSurge"],"picked":"Gash","floor":2},{"not_picked":["Rip and Tear","StuffTheSpire:NuclearReactor","BasicCrystalCard"],"picked":"SKIP","floor":7},{"not_picked":["Conserve Battery","Static Discharge"],"picked":"Gash","floor":10},{"not_picked":["BootSequence","Glacier","jedi:BurstLightning"],"picked":"SKIP","floor":12},{"not_picked":["Redo","jedi:sharpshooter"],"picked":"Gash","floor":13},{"not_picked":["Barrage","Compile Driver","ReplayTheSpireMod:GoodbyeWorld"],"picked":"SKIP","floor":14},{"not_picked":["StuffTheSpire:Purify","jedi:studyfrost"],"picked":"Electrodynamics","floor":16},{"not_picked":["StuffTheSpire:Rend+1","jedi:reiji"],"picked":"ReplayTheSpireMod:Calculation Training","floor":18},{"not_picked":["Steam","Recycle"],"picked":"Leap+1","floor":20},{"not_picked":["Steam","Panic Button+1"],"picked":"hubris:Ukulele","floor":21},{"not_picked":["Fusion","Barrage+1"],"picked":"All For One","floor":24},{"not_picked":["StuffTheSpire:SnapShoot+1","ReplaySort","Panic Button"],"picked":"SKIP","floor":30},{"not_picked":["BasicCrystalCard+1","Redo","ReplaySolidLightProjector"],"picked":"SKIP","floor":31},{"not_picked":["ReplaySort+1","Hologram+1"],"picked":"Gash+1","floor":35},{"not_picked":["Cold Snap+1","jedi:spotbugs+1","ReplayTheSpireMod:Reroute Power+1"],"picked":"SKIP","floor":36},{"not_picked":["Sweeping Beam+1","Beam Cell+1","Panic Button+1"],"picked":"SKIP","floor":39},{"not_picked":["hubris:PowerSurge+1","Hologram+1","Stack"],"picked":"SKIP","floor":40},{"not_picked":["Ball Lightning+1","Redo"],"picked":"Conserve Battery","floor":42},{"not_picked":["Compile Driver+1","Darkness","jedi:blockon+1"],"picked":"SKIP","floor":44}],"player_experience":787588,"relics_obtained":[{"floor":7,"key":"jedi:matchstick"},{"floor":9,"key":"Simple Rune"},{"floor":24,"key":"hubris:ToyBattleship"},{"floor":26,"key":"Molten Egg 2"},{"floor":31,"key":"Gremlin Food"},{"floor":40,"key":"construct:FoamFinger"},{"floor":43,"key":"aspiration:EnhancedActuators"},{"floor":45,"key":"CatCart"}],"event_choices":[{"damage_healed":0,"gold_gain":175,"player_choice":"AGREE","damage_taken":131,"max_hp_gain":0,"max_hp_loss":0,"event_name":"betterThird:BetterSerpent","floor":3,"gold_loss":0},{"damage_healed":0,"gold_gain":0,"player_choice":"Copied","damage_taken":0,"max_hp_gain":0,"max_hp_loss":0,"event_name":"Duplicator","floor":22,"gold_loss":0,"cards_obtained":["Gash"]},{"cards_removed":["Strike_B"],"damage_healed":0,"gold_gain":0,"player_choice":"Give","damage_taken":0,"max_hp_gain":0,"max_hp_loss":0,"event_name":"betterNote:BetterNote","floor":28,"gold_loss":0,"cards_obtained":["Strike_B"]},{"cards_removed":["Ball Lightning"],"damage_healed":0,"gold_gain":0,"player_choice":"Removed Attack","damage_taken":0,"max_hp_gain":0,"max_hp_loss":0,"event_name":"Falling","floor":38,"gold_loss":0},{"damage_healed":0,"gold_gain":0,"player_choice":"Fight","damage_taken":0,"max_hp_gain":0,"max_hp_loss":0,"event_name":"OrinTheCat","floor":45,"gold_loss":0}],"is_beta":false,"boss_relics":[{"not_picked":["Astrolabe","aspiration:SecretTechniqueScroll"],"picked":"jedi:hotpepper"},{"not_picked":["SacredBark","halation:Risk"],"picked":"Replay:Grab Bag"},{"not_picked":["conspire:SeveredTorchhead","Replay:Bronze Core"],"picked":"conspire:RoyalGoblet"},{"not_picked":["beaked:MawFillet","Replay:Wanted Poster"],"picked":"hubris:VirtuousBlindfold"},{"not_picked":["aspiration:RitualDagger","aspiration:MarisaSkillbook"],"picked":"halation:PinkAlligatorPlush"}],"items_purged_floors":[5,19,27],"is_endless":false,"potions_floor_spawned":[2,10,13,14,18,30,31,33,35,44,45],"killed_by":"Reptomancer","ascension_level":1}}