{"host":"9w1j3v3kvq5208ps","time":1609810610,"event":{"mods":["2.2 Compatiblity","BaseMod","CapriCore","Colored Map","DeckTracker","Highlight Path","Keyboard Shortcuts","Minty Spire (QoL Compilation)","Permanent Neow","Quick Restart","StSLib","The Immortal","everything is the same but u backflip on backflip"],"gold_per_floor":[212,229,229,404,416,416,433,433,433,462,474,474,116,66,66,169,169,185,85,101,117,117,117,142,142,220,220,145,145,145,145,145,145,145],"floor_reached":33,"playtime":1553,"items_purged":["Defend_G","Strike_G"],"score":326,"play_id":"760ec4b4-82da-49ad-9faf-edaa76fd2150","local_time":"20210105103650","is_ascension_mode":true,"campfire_choices":[{"data":"Terror","floor":6,"key":"SMITH"},{"data":"Neutralize","floor":8,"key":"SMITH"},{"floor":15,"key":"REST"},{"floor":23,"key":"REST"},{"data":"Cloak And Dagger","floor":25,"key":"SMITH"},{"data":"Blade Dance","floor":27,"key":"SMITH"},{"data":"Venomology","floor":29,"key":"SMITH"},{"floor":32,"key":"REST"}],"circlet_count":0,"master_deck":["Strike_G","Strike_G","Strike_G","Defend_G","Defend_G","Defend_G","Survivor","Neutralize+1","Quick Slash","Terror+1","Doubt","Poisoned Stab","Tactician","Corpse Explosion","Cloak And Dagger+1","PiercingWail","Venomology+1","Blade Dance+1","Underhanded Strike+1","Blade Dance+1","Backflip"],"relics":["Ring of the Serpent","Mercury Hourglass","Ninja Scroll","Toy Ornithopter","Kunai","Blood Vial","The Courier","HornCleat"],"acts_visited":["Exordium","TheCity"],"potions_floor_usage":[5,10,21,24,24,24,33],"damage_taken":[{"damage":0,"enemies":"Cultist","floor":1,"turns":5},{"damage":2,"enemies":"2 Louse","floor":2,"turns":3},{"damage":0,"enemies":"Jaw Worm","floor":5,"turns":3},{"damage":11,"enemies":"Large Slime","floor":7,"turns":6},{"damage":8,"enemies":"Gremlin Nob","floor":10,"turns":4},{"damage":0,"enemies":"Looter","floor":11,"turns":2},{"damage":33,"enemies":"Hexaghost","floor":16,"turns":10},{"damage":24,"enemies":"3 Byrds","floor":18,"turns":3},{"damage":20,"enemies":"Spheric Guardian","floor":20,"turns":4},{"damage":6,"enemies":"Snake Plant","floor":21,"turns":4},{"damage":15,"enemies":"Book of Stabbing","floor":24,"turns":5},{"damage":85,"enemies":"Champ","floor":33,"turns":12}],"seed_played":"1974949831238172788","potions_obtained":[{"floor":2,"key":"DistilledChaos"},{"floor":7,"key":"SpeedPotion"},{"floor":18,"key":"SpeedPotion"},{"floor":20,"key":"Strength Potion"},{"floor":24,"key":"SpeedPotion"}],"is_trial":false,"path_per_floor":["M","M","?","?","M","R","M","R","T","E","M","?","$","?","R","B",null,"M","$","M","M","?","R","E","R","T","R","?","R","?","T","R","B"],"character_chosen":"THE_SILENT","items_purchased":["Kunai","PiercingWail"],"campfire_rested":3,"item_purchase_floors":[13,13],"current_hp_per_floor":[70,68,73,73,73,73,62,62,62,54,54,42,42,42,64,31,64,40,40,20,19,19,41,41,41,41,41,41,41,41,41,63,0,0],"gold":145,"neow_bonus":"HUNDRED_GOLD","is_daily":false,"chose_seed":false,"campfire_upgraded":5,"win_rate":0.0,"timestamp":1609810610,"path_taken":["M","M","?","?","M","R","M","R","T","E","?","?","$","?","R","BOSS","M","$","M","M","?","R","E","R","T","R","?","R","?","?","R","BOSS"],"items_purchased_type":["Relic","Card"],"build_version":"2020-12-22","purchased_purges":2,"victory":false,"max_hp_per_floor":[70,70,75,75,75,75,75,75,75,75,75,75,75,75,75,75,75,75,75,75,75,75,75,75,75,75,75,75,75,75,75,75,75,75],"card_choices":[{"not_picked":["Bane","Masterful Stab"],"picked":"Quick Slash","floor":1},{"not_picked":["Slice","Well Laid Plans"],"picked":"Terror","floor":2},{"not_picked":["Outmaneuver","Bane"],"picked":"Poisoned Stab","floor":5},{"not_picked":["Slice","Terror"],"picked":"Tactician","floor":7},{"not_picked":["Backflip","Riddle With Holes"],"picked":"Corpse Explosion","floor":10},{"not_picked":["Noxious Fumes","Bane"],"picked":"Cloak And Dagger","floor":11},{"not_picked":["Glass Knife","Malaise"],"picked":"Venomology","floor":16},{"not_picked":["Backstab","Escape Plan"],"picked":"Blade Dance","floor":18},{"not_picked":["Slice","Sucker Punch"],"picked":"Underhanded Strike+1","floor":20},{"not_picked":["Caltrops","Dagger Spray+1"],"picked":"Blade Dance+1","floor":21},{"not_picked":["Underhanded Strike+1","Deadly Poison"],"picked":"Backflip","floor":24}],"player_experience":206804,"relics_obtained":[{"floor":9,"key":"Mercury Hourglass"},{"floor":10,"key":"Ninja Scroll"},{"floor":24,"key":"Blood Vial"},{"floor":26,"key":"The Courier"},{"floor":31,"key":"HornCleat"}],"event_choices":[{"damage_healed":0,"gold_gain":0,"player_choice":"Donut","damage_taken":0,"max_hp_gain":5,"max_hp_loss":0,"event_name":"Big Fish","floor":3,"gold_loss":0},{"damage_healed":0,"gold_gain":175,"player_choice":"AGREE","damage_taken":0,"max_hp_gain":0,"max_hp_loss":0,"event_name":"Liars Game","floor":4,"gold_loss":0,"cards_obtained":["Doubt"]},{"damage_healed":0,"gold_gain":0,"player_choice":"Success","damage_taken":12,"relics_obtained":["Toy Ornithopter"],"max_hp_gain":0,"max_hp_loss":0,"event_name":"Scrap Ooze","floor":12,"gold_loss":0},{"cards_removed":["Strike_G"],"damage_healed":0,"gold_gain":0,"player_choice":"Card Removal","damage_taken":0,"max_hp_gain":0,"max_hp_loss":0,"event_name":"The Cleric","floor":14,"gold_loss":50},{"damage_healed":0,"gold_gain":0,"player_choice":"Ignored","damage_taken":0,"max_hp_gain":0,"max_hp_loss":0,"event_name":"Vampires","floor":22,"gold_loss":0},{"cards_removed":["Defend_G"],"damage_healed":0,"gold_gain":0,"player_choice":"Gave Gold","damage_taken":0,"max_hp_gain":0,"max_hp_loss":0,"event_name":"Beggar","floor":28,"gold_loss":75},{"damage_healed":0,"gold_gain":0,"player_choice":"Ignored","damage_taken":0,"max_hp_gain":0,"max_hp_loss":0,"event_name":"Ghosts","floor":30,"gold_loss":0}],"is_beta":false,"boss_relics":[{"not_picked":["Sozu","SacredBark"],"picked":"Ring of the Serpent"}],"items_purged_floors":[13,19],"is_endless":false,"potions_floor_spawned":[2,7,18,20,24],"killed_by":"Champ","ascension_level":5}}