{"host":"8zg25aa619vmqq54","time":1609831330,"event":{"mods":["ATMod(∞¢Ë™Mod)","BaseMod","Downfall","Marisa£®ÏF”Í°°ƒß¿Ì…≥£©","Minty Spire (QoL Compilation)","Remilia£®¿Ÿ√◊¿Ú—«£©","Replay The Spire","Shop Mod","Spicy Shops","StSLib","The Alterego","The Animator","The Servant 0.9.4","°æ“≈ŒÔø®≈∆°øREMEMod"],"gold_per_floor":[110,110,110,110,5,30,30,60,83,26,44,319,333,347,347,448,448,466,47,64,77,2,2,17,17,41,41,127,101,162,227,227,432,432,545,99,0,169,169,169,257,365,388,117,117,253,365,404,404,469],"floor_reached":51,"playtime":3219,"items_purged":["Regret"],"score":803,"play_id":"95f2b8f4-1e40-4572-8ade-339df6129e4e","local_time":"20210105152210","is_ascension_mode":false,"campfire_choices":[{"data":"FavorOfDestiny","floor":7.0,"key":"SMITH"},{"floor":15.0,"key":"RECALL"},{"floor":23.0,"key":"REST"},{"data":"QueenOfMidnight","floor":25.0,"key":"SMITH"},{"data":"CurseOfVladTepes","floor":32.0,"key":"SMITH"},{"data":"RedMoon","floor":32.0,"key":"SMITH"},{"data":"ScarletCoffin","floor":40,"key":"SMITH"},{"data":"Secret Technique","floor":40,"key":"SMITH"},{"data":"BloodyMagicSquare","floor":45,"key":"SMITH"},{"data":"Deep Breath","floor":45,"key":"SMITH"},{"data":"ScarletSymphony","floor":49,"key":"SMITH"},{"data":"ScarletDevilSign","floor":49,"key":"SMITH"}],"circlet_count":0,"master_deck":["Strike_RM","Strike_RM","Strike_RM","Strike_RM+1","Defend_RM","Defend_RM","Defend_RM","Defend_RM","RedMoon+1","ScarletShoot+1","AT_FocusSwordFire","Secret Technique+1","FavorOfDestiny+1","RedNightlessCastle","ScarletDevilSign+1","NightDance","BlasphemousPunishment","FitfulNightmare","ScarletSymphony+1","UnstableMagic","EndlessAdversity","QueenOfMidnight+1","ScarletSymphony+1","BombardNight+1","VampirishNight","Stigmanizer+1","NightLord","HunterOfTheNight","MastersStateliness+1","NightDance","CurseOfVladTepes+1","MillenniumVampire","ScarletCoffin+1","CharismaGuard+1","AfternoonTea+1","BloodyMagicSquare+1","ChainGang+1","FavorOfDestiny+1","Deep Breath+1","ReincarnationDial+1","ScarletDream+1","RedRainbow","DiffusionOfMisfortune+1"],"relics":["ScarletHat","AT_ATBox","REME_ComplimentaryCards","NeowsBlessing","Dream Catcher","Bag of Marbles","Painkiller Herb","AT_BladeRuinedKing","AT_BellDemon","AT_ForceNature","Garlic","Oddly Smooth Stone","AT_MibuBalloonWealth","Replay:WaspNest","Replay:Bottled Steam","Replay:Arrowhead","AT_TrinityForce","Replay:Rubber Ducky","REME_HandOfSuture","REME_CardOfGreed","Ice Cream","Red Mask","Bronze Scales","Boot","White Beast Statue","AT_ChloranthyRing","Replay:Baseball","AT_ArchangelStaff","Toxic Egg 2","Prayer Wheel","AT_GoldPhoenixTree","Orichalcum"],"acts_visited":["Exordium","TheCity","TheBeyond"],"potions_floor_usage":[38],"damage_taken":[{"damage":0.0,"enemies":"Cultist","floor":1.0,"turns":1.0},{"damage":0.0,"enemies":"Gremlin Nob","floor":6.0,"turns":1.0},{"damage":0.0,"enemies":"Jaw Worm","floor":8.0,"turns":1.0},{"damage":0.0,"enemies":"2 Louse","floor":11.0,"turns":1.0},{"damage":0.0,"enemies":"Lots of Slimes","floor":13.0,"turns":1.0},{"damage":14.0,"enemies":"Looter","floor":14.0,"turns":2.0},{"damage":23.0,"enemies":"Slime Boss","floor":16.0,"turns":8.0},{"damage":25.0,"enemies":"Chosen","floor":18.0,"turns":4.0},{"damage":0.0,"enemies":"Shell Parasite","floor":20.0,"turns":1.0},{"damage":7.0,"enemies":"Shelled Parasite and Fungi","floor":21.0,"turns":1.0},{"damage":4.0,"enemies":"Cultist and Chosen","floor":24.0,"turns":2.0},{"damage":5.0,"enemies":"Centurion and Healer","floor":28.0,"turns":1.0},{"damage":0.0,"enemies":"Snake Plant","floor":30.0,"turns":2.0},{"damage":0.0,"enemies":"Chosen and Byrds","floor":31.0,"turns":3.0},{"damage":36.0,"enemies":"Collector","floor":33.0,"turns":5.0},{"damage":0.0,"enemies":"3 Shapes","floor":35.0,"turns":3.0},{"damage":0,"enemies":"3 Darklings","floor":38,"turns":2},{"damage":0,"enemies":"Jaw Worm Horde","floor":41,"turns":1},{"damage":1,"enemies":"Sphere and 2 Shapes","floor":42,"turns":2},{"damage":0,"enemies":"3 Darklings","floor":46,"turns":2},{"damage":0,"enemies":"4 Shapes","floor":47,"turns":1},{"damage":0,"enemies":"Spire Growth","floor":48,"turns":1},{"damage":21,"enemies":"Time Eater","floor":50,"turns":5}],"seed_played":"-7605036799680632747","potions_obtained":[{"floor":6.0,"key":"AttackPotion"},{"floor":8.0,"key":"champ:CounterPotion"},{"floor":11.0,"key":"Toxic Potion"},{"floor":35.0,"key":"REME_GoldPotion"},{"floor":42,"key":"champ:CounterPotion"},{"floor":46,"key":"Strength Potion"},{"floor":48,"key":"Milkshake"}],"is_trial":false,"path_per_floor":["M","T","?","?","$","E","R","M","T","$","M","?","M","M","R","B",null,"?","T","?","?","T","T","?","T","T","?","?","T","?","?","T","B",null,"?","T","?","?","?","T","?","?","T","T","T","?","?","?","T","B",null],"character_chosen":"REMILIA","items_purchased":["RedNightlessCastle","ScarletDevilSign","FitfulNightmare","AT_BladeRuinedKing","BombardNight+1","VampirishNight","AT_BellDemon","NightLord","UnderTheZenith","REME_CardOfGreed","Ice Cream","FavorOfDestiny+1","AT_ArchangelStaff","Deep Breath"],"campfire_rested":1,"item_purchase_floors":[5,5,10,19,19,19,19,22,29,36,36,44,44,44],"current_hp_per_floor":[75,75,60,53,53,53,53,53,53,53,53,53,53,42,42,27,75,65,65,69,66,66,75,71,71,71,75,70,70,71,75,75,44,75,75,75,75,75,75,75,75,75,75,75,75,75,75,75,75,75],"gold":469,"neow_bonus":"THREE_ENEMY_KILL","is_daily":false,"chose_seed":false,"campfire_upgraded":10,"win_rate":0.0,"timestamp":1609831330,"path_taken":["M","?","?","?","$","E","R","M","T","$","?","?","M","M","R","BOSS","?","T","?","?","T","T","?","T","T","?","?","?","?","?","T","BOSS","?","T","?","?","?","T","?","?","T","T","T","?","?","?","T","BOSS"],"items_purchased_type":["Card","Card","Card","Relic","Card","Card","Relic","Card","Card","Relic","Relic","Card","Relic","Card"],"build_version":"2020-12-22","purchased_purges":1,"victory":true,"max_hp_per_floor":[75,75,75,75,75,75,75,75,75,75,75,75,75,75,75,75,75,75,75,75,75,75,75,75,75,75,75,75,75,75,75,75,75,75,75,75,75,75,75,75,75,75,75,75,75,75,75,75,75,75],"card_choices":[{"not_picked":["BlasphemousPunishment","Stigmanizer"],"picked":"FavorOfDestiny","floor":1.0},{"not_picked":["VampireKiss","BlasphemousPunishment"],"picked":"NightDance","floor":6.0},{"not_picked":["MastersStateliness","ForbiddenFruit"],"picked":"BlasphemousPunishment","floor":8.0},{"not_picked":["DiffusionOfMisfortune","ForbiddenFruit"],"picked":"ScarletSymphony","floor":11.0},{"not_picked":["VampireKiss","NightDance"],"picked":"UnstableMagic","floor":13.0},{"not_picked":["VampireFantasy","Stigmanizer"],"picked":"EndlessAdversity","floor":14.0},{"not_picked":["DemonKingCradle","ChaoticDestiny"],"picked":"QueenOfMidnight","floor":16.0},{"not_picked":["StarOfDavid","EndlessAdversity"],"picked":"ScarletSymphony+1","floor":18.0},{"not_picked":["BombardNight","ScarletImprint"],"picked":"Stigmanizer+1","floor":20.0},{"not_picked":["StarOfDavid","RedRainbow"],"picked":"VampireSweep","floor":21.0},{"not_picked":["Septette","UnderTheZenith+1"],"picked":"HunterOfTheNight","floor":23.0},{"not_picked":["BombardNight+1","RedRainbow+1"],"picked":"MastersStateliness+1","floor":24.0},{"not_picked":["RedRainbow+1","UnstableMagic"],"picked":"NightDance","floor":28.0},{"not_picked":["CharismaGuard+1","MastersStateliness"],"picked":"CurseOfVladTepes","floor":30.0},{"not_picked":["CharismaGuard+1","Stigmanizer+1"],"picked":"MillenniumVampire","floor":31.0},{"not_picked":["ChaoticDestiny","HellCatastrophe"],"picked":"ScarletCoffin","floor":33.0},{"not_picked":["MastersStateliness+1","Stigmanizer+1"],"picked":"CharismaGuard+1","floor":35.0},{"not_picked":["BlasphemousPunishment","UnderTheZenith+1"],"picked":"AfternoonTea+1","floor":38},{"not_picked":["MastersStateliness","CharismaGuard"],"picked":"BloodyMagicSquare","floor":41},{"not_picked":["ScarletNetherworld+1","DevilSight"],"picked":"ChainGang+1","floor":42},{"not_picked":["ScarletDream+1","BlasphemousPunishment+1"],"picked":"ReincarnationDial+1","floor":46},{"not_picked":["HunterOfTheNight","VampireKiss"],"picked":"ScarletDream+1","floor":47},{"not_picked":["KillingBlow","Stigmanizer+1"],"picked":"RedRainbow","floor":48},{"not_picked":["BlasphemousPunishment+1","VampireSweep+1"],"picked":"DiffusionOfMisfortune+1","floor":48}],"player_experience":53632,"relics_obtained":[{"floor":6.0,"key":"Dream Catcher"},{"floor":9.0,"key":"Bag of Marbles"},{"floor":20.0,"key":"AT_ForceNature"},{"floor":21.0,"key":"Garlic"},{"floor":24.0,"key":"Oddly Smooth Stone"},{"floor":26.0,"key":"AT_MibuBalloonWealth"},{"floor":28.0,"key":"Replay:WaspNest"},{"floor":30.0,"key":"Replay:Bottled Steam"},{"floor":31.0,"key":"Replay:Arrowhead"},{"floor":35.0,"key":"Replay:Rubber Ducky"},{"floor":35.0,"key":"REME_HandOfSuture"},{"floor":38,"key":"Bronze Scales"},{"floor":41,"key":"Boot"},{"floor":42,"key":"White Beast Statue"},{"floor":42,"key":"AT_ChloranthyRing"},{"floor":43,"key":"Replay:Baseball"},{"floor":46,"key":"Toxic Egg 2"},{"floor":47,"key":"Prayer Wheel"},{"floor":48,"key":"AT_GoldPhoenixTree"},{"floor":48,"key":"Orichalcum"}],"event_choices":[{"damage_healed":0.0,"max_hp_gain":0.0,"max_hp_loss":0.0,"gold_gain":0.0,"event_name":"Shining Light","player_choice":"Entered Light","floor":3.0,"gold_loss":0.0,"damage_taken":15.0,"cards_upgraded":["Strike_RM","ScarletShoot"]},{"damage_healed":0.0,"max_hp_gain":0.0,"max_hp_loss":0.0,"gold_gain":0.0,"event_name":"Wheel of Change","player_choice":"Damaged","floor":4.0,"gold_loss":0.0,"damage_taken":7.0},{"damage_healed":0.0,"max_hp_gain":0.0,"max_hp_loss":0.0,"gold_gain":275.0,"event_name":"Golden Shrine","player_choice":"Desecrate","floor":12.0,"gold_loss":0.0,"damage_taken":0.0,"cards_obtained":["Regret"]},{"cards_removed":["VampireSweep"],"damage_healed":4.0,"max_hp_gain":0.0,"max_hp_loss":0.0,"gold_gain":0.0,"event_name":"Bonfire Elementals","player_choice":"Offered Uncommon","floor":27.0,"gold_loss":0.0,"damage_taken":0.0},{"damage_healed":0.0,"max_hp_gain":0.0,"max_hp_loss":0.0,"gold_gain":0.0,"event_name":"Tomb of Lord Red Mask","player_choice":"Paid","floor":37.0,"gold_loss":99.0,"damage_taken":0.0,"relics_obtained":["Red Mask"]},{"cards_removed":["UnderTheZenith"],"damage_healed":0,"gold_gain":0,"player_choice":"Purged","damage_taken":0,"max_hp_gain":0,"max_hp_loss":0,"event_name":"Purifier","floor":39,"gold_loss":0}],"is_beta":false,"boss_relics":[{"not_picked":["Philosopher\u0027s Stone","Calling Bell"],"picked":"Painkiller Herb"},{"not_picked":["ReplayTheSpireMod:DimensionalGlitch","Honey Jar"],"picked":"AT_TrinityForce"}],"items_purged_floors":[19],"is_endless":false,"potions_floor_spawned":[6,8,11,13,18,20,31,35,42,46,47,48],"ascension_level":0}}