{"host":"uceopoba4zvqsgiy","time":1609825804,"event":{"mods":["Act Like it!","BaseMod","Better Skull","Better Third Choice","Elementarium","Evolution","GifTheSpireLib","Hermit","Humility","Infinite Spire","Jorbs\u0027s Wanderer Trilogy","Marked Mod","Minty Spire (QoL Compilation)","Potionbrewer","Replay The Spire","Robot Space Explorer","Shade Mod","Spicy Shops","StSLib","Stuff the Spire","The Blue Laboratory","The Caster","The Cursed","The Dragon Tamer","The Hierophant","The Judge","The Jungle","Wandering Minibosses"],"gold_per_floor":[109,155,3,17,17,17,157,157,157,170,170,170,170],"floor_reached":12,"playtime":1890,"items_purged":[],"score":101,"play_id":"b7aa022e-ea6d-4dc8-a67e-3b218367afc4","local_time":"20210105162004","is_ascension_mode":false,"campfire_choices":[{"floor":6,"key":"REST"},{"floor":8,"key":"REST"}],"circlet_count":0,"master_deck":["Shade:CoffinDance","Shade:CoffinDance","Shade:CoffinDance","Shade:CoffinDance","Shade:Defend_Shade","Shade:Defend_Shade","Shade:Defend_Shade","Shade:Defend_Shade","Shade:AnimateDead","Shade:CarefulCut","hermit:Strike_Hermit","Strike_P","Shade:SoulPierce+1","Shade:CoffinDance","Shade:PoundOfFlesh","Shade:GoDigging","Shade:CommandSoldier","Shade:Asphyxiate"],"relics":["Shade:YorickSkull","EVO:Axolotl","StuffTheSpire:TintedRock","StuffTheSpire:Experiment12","Mirror","Shuriken"],"acts_visited":["Exordium"],"potions_floor_usage":[7,7],"damage_taken":[{"damage":9,"enemies":"Jaw Worm","floor":1,"turns":4},{"damage":0,"enemies":"2 Louse","floor":4,"turns":3},{"damage":36,"enemies":"Lagavulin","floor":7,"turns":7},{"damage":0,"enemies":"Cultist","floor":10,"turns":3},{"damage":42,"enemies":"3 Sentries","floor":12,"turns":4}],"seed_played":"5813457839667569061","potions_obtained":[{"floor":2,"key":"potionbrewer:DiscountPotion"},{"floor":2,"key":"blueLaboratory:FruitPunch"},{"floor":10,"key":"SteroidPotion"}],"is_trial":false,"path_per_floor":["M","?","$","M","$","R","E","R","T","M","?","E"],"character_chosen":"SHADE","items_purchased":["StuffTheSpire:Experiment12"],"campfire_rested":2,"item_purchase_floors":[3],"current_hp_per_floor":[56,30,30,30,30,49,15,35,35,35,35,0,0],"gold":170,"neow_bonus":"THREE_RARE_CARDS","is_daily":false,"chose_seed":false,"campfire_upgraded":0,"win_rate":0.0,"timestamp":1609825804,"path_taken":["M","?","$","M","$","R","E","R","T","M","?","E"],"items_purchased_type":["Relic"],"build_version":"2020-12-22","purchased_purges":0,"victory":false,"max_hp_per_floor":[65,65,65,65,65,65,67,67,67,67,67,67,67],"card_choices":[{"not_picked":["Shade:OminousRitual","Shade:OneIsEnough"],"picked":"Shade:SoulPierce","floor":0},{"not_picked":["Shade:FeralStrike","Shade:SkeletonHug"],"picked":"Shade:CoffinDance","floor":1},{"not_picked":["Shade:SanguineRitual","Shade:FuneraryArmor"],"picked":"Shade:PoundOfFlesh","floor":2},{"not_picked":["Shade:Premonition","Shade:BoneShards"],"picked":"Shade:GoDigging","floor":4},{"not_picked":["Shade:FuneraryArmor","Shade:SelfBurial"],"picked":"Shade:CommandSoldier","floor":7},{"not_picked":["Shade:SpontaneousRitual","Shade:Brains"],"picked":"Shade:Asphyxiate","floor":10}],"player_experience":1584291,"relics_obtained":[{"floor":2,"key":"StuffTheSpire:TintedRock"},{"floor":7,"key":"Mirror"},{"floor":9,"key":"Shuriken"}],"event_choices":[{"damage_healed":0,"gold_gain":0,"player_choice":"Upgraded","damage_taken":0,"max_hp_gain":0,"max_hp_loss":0,"event_name":"Upgrade Shrine","floor":11,"gold_loss":0,"cards_upgraded":["Shade:SoulPierce"]}],"is_beta":false,"boss_relics":[],"items_purged_floors":[],"is_endless":false,"potions_floor_spawned":[10],"killed_by":"3 Sentries","ascension_level":0}}