{"host":"j5gdvqtwmxqn6tw6","time":1609859763,"event":{"mods":["BaseMod","Colored Map","Colored Powertips","Downfall","Hermit","Marisa????????","Minty Spire (QoL Compilation)","Replay The Spire","StSLib","SuperFastMode","The Servant 0.9.4"],"gold_per_floor":[118,118,68,80,97,125,99,115,139,139,139],"floor_reached":10,"playtime":329,"items_purged":[],"score":70,"play_id":"e6ba6b04-e116-4fec-b4bf-5403e1b55268","local_time":"20210105161603","is_ascension_mode":false,"campfire_choices":[],"circlet_count":0,"master_deck":["Strike_G","Strike_G","Strike_G","Strike_G","Strike_G","Defend_G","Defend_G","Defend_G","Survivor","Neutralize","PiercingWail","Leg Sweep","A Thousand Cuts","Footwork","Deadly Poison"],"relics":["Ring of the Snake","NeowsBlessing","Smiling Mask","Anchor"],"acts_visited":["Exordium"],"potions_floor_usage":[8],"damage_taken":[{"damage":0,"enemies":"Jaw Worm","floor":1,"turns":1},{"damage":0,"enemies":"Small Slimes","floor":4,"turns":1},{"damage":0,"enemies":"2 Louse","floor":5,"turns":1},{"damage":42,"enemies":"3 Sentries","floor":6,"turns":16},{"damage":10,"enemies":"Exordium Thugs","floor":7,"turns":8},{"damage":3,"enemies":"Red Slaver","floor":8,"turns":5},{"damage":8,"enemies":"Lagavulin","floor":10,"turns":5}],"seed_played":"-5706679256360314891","potions_obtained":[{"floor":6,"key":"LiquidMemories"},{"floor":7,"key":"Energy Potion"},{"floor":8,"key":"SteroidPotion"}],"is_trial":false,"path_per_floor":["M","?","?","M","M","E","M","M","T","E"],"character_chosen":"THE_SILENT","items_purchased":[],"campfire_rested":0,"item_purchase_floors":[],"current_hp_per_floor":[70,63,63,63,63,21,11,8,8,0,0],"gold":139,"neow_bonus":"THREE_ENEMY_KILL","is_daily":false,"chose_seed":false,"campfire_upgraded":0,"win_rate":0.0,"timestamp":1609859763,"path_taken":["M","?","?","M","M","E","M","M","T","E"],"items_purchased_type":[],"build_version":"2020-12-22","purchased_purges":0,"victory":false,"max_hp_per_floor":[70,70,70,70,70,70,70,70,70,70,70],"card_choices":[{"not_picked":["Deflect","Outmaneuver","Dagger Throw"],"picked":"SKIP","floor":1},{"not_picked":["Toxin Wave","Backflip"],"picked":"PiercingWail","floor":4},{"not_picked":["Heel Hook","Flying Knee"],"picked":"Leg Sweep","floor":5},{"not_picked":["Sneak Up","Prepared"],"picked":"A Thousand Cuts","floor":6},{"not_picked":["Reflex","Quick Slash"],"picked":"Footwork","floor":7},{"not_picked":["Masterful Stab","Distraction"],"picked":"Deadly Poison","floor":8}],"player_experience":85422,"relics_obtained":[{"floor":6,"key":"Smiling Mask"},{"floor":9,"key":"Anchor"}],"event_choices":[{"cards_removed":["Defend_G"],"damage_healed":0,"gold_gain":0,"player_choice":"Card Removal","damage_taken":7,"max_hp_gain":0,"max_hp_loss":0,"event_name":"Golden Wing","floor":2,"gold_loss":0},{"cards_removed":["Defend_G"],"damage_healed":0,"gold_gain":0,"player_choice":"Card Removal","damage_taken":0,"max_hp_gain":0,"max_hp_loss":0,"event_name":"The Cleric","floor":3,"gold_loss":50}],"is_beta":false,"boss_relics":[],"items_purged_floors":[],"is_endless":false,"potions_floor_spawned":[6,7,8],"killed_by":"Lagavulin","ascension_level":0}}