{"host":"4mxntv5hh20ijfso","time":1609812981,"event":{"mods":["100% Spire Juice","2.2 Compatiblity","AchievementEnabler","Act Like it!","Astrologer","BaseMod","Bestiary","Better Altar","Better Match","Better Note","Better Sensory Stone","Better Skull","Better Third Choice","Better Vampires","CatGirl Mod","Elementarium","Energized Spire","Fireblade Mod","Friendly Minions","Halation","Hero for Fun","Infinite Spire","Koishi","Mari Mod (Legacy)","Mari\u0027s V1 Patch","Marisa????????","Menagerie","Minty Spire (QoL Compilation)","QueenMod","Quick Restart","Random Character Button","Rare Cards Sparkle","Robot Space Explorer","SCP261 Mod","Shade Mod","Shop Mod","Somnambulant","Spicy Shops","StSLib","The Alterego","The Blackbeard","The Bladedancer","The Clintock","The Cursed","The Druid","The Elementalist","The Hayseed","The Hierophant","The Kombatant","The Marked","The Mystic","The Poker Player","The Runesmith","The Valiant","TheVelvet","Uncapped","UnlockEverythingMod","Waifu the Spire","Wandering Minibosses","WarShipGirlsR/????R mod","Yohane!","Yuri Mod","vexMod"],"gold_per_floor":[112,112,162,6,16,16,51,62,62,81,172,71,71,83,83,185,65,20,20],"floor_reached":18,"playtime":1627,"items_purged":[],"score":164,"play_id":"8d8976d3-d371-4c03-842e-4f9c5ff01f30","local_time":"20210104211621","is_ascension_mode":false,"campfire_choices":[{"data":"Moonworks:Ambush","floor":6,"key":"SMITH"},{"data":"Moonworks:CrystalBarrier","floor":13,"key":"SMITH"},{"floor":15,"key":"RECALL"}],"circlet_count":0,"master_deck":["Moonworks:Strike","Moonworks:Strike+1","Moonworks:Strike","Moonworks:Strike","Moonworks:Defend","Moonworks:Defend","Moonworks:Defend","Moonworks:Defend","Moonworks:Ambush+1","Moonworks:LongDistanceShot","Moonworks:JonathanRush","Moonworks:LulusLuckyEgg","Moonworks:CrystalBarrier+1","Moonworks:SakisCookie","Moonworks:MiracleRedBeanIceCream","Moonworks:BeyondHell","Moonworks:SelfDestruct","Moonworks:AnotherUltimateWeapon","Moonworks:Gamble"],"relics":["Moonworks:SBBomb","Moonworks:Homemark","Membership Card","halation:BottledLove","Runesmith:Nanobots"],"acts_visited":["Menagerie:Menagerie","TheCity"],"potions_floor_usage":[12,16],"damage_taken":[{"damage":0,"enemies":"Menagerie:StygianBoar","floor":1,"turns":3},{"damage":1,"enemies":"Menagerie:2_RABBITS","floor":5,"turns":4},{"damage":17,"enemies":"Menagerie:VoidReaper","floor":7,"turns":6},{"damage":6,"enemies":"Menagerie:MonstrousExperiment","floor":8,"turns":4},{"damage":12,"enemies":"Menagerie:EntropyWarlock","floor":10,"turns":4},{"damage":2,"enemies":"Menagerie:MENAGERIE_WILDLIFE","floor":11,"turns":5},{"damage":0,"enemies":"Menagerie:BEAST_MAGE_AND_PROWLING_AMALGAM","floor":12,"turns":6},{"damage":9,"enemies":"Menagerie:EntropyWarlock","floor":14,"turns":4},{"damage":18,"enemies":"Menagerie:AVATARS","floor":16,"turns":8},{"damage":1015,"enemies":"2 Thieves","floor":18,"turns":3}],"seed_played":"493766590215933297","potions_obtained":[{"floor":11,"key":"SCP261:GirlTearsPotion"},{"floor":12,"key":"Strength Potion"},{"floor":16,"key":"GamblersBrew"}],"is_trial":false,"path_per_floor":["M","?","?","$","M","R","E","M","T","M","M","M","R","M","R","B",null,"M"],"character_chosen":"THE_STARBREAKER","items_purchased":["Membership Card"],"campfire_rested":0,"item_purchase_floors":[4],"current_hp_per_floor":[66,61,61,61,60,60,43,37,37,27,27,29,29,20,20,4,66,0,0],"gold":20,"neow_bonus":"TEN_PERCENT_HP_BONUS","is_daily":false,"chose_seed":false,"campfire_upgraded":2,"win_rate":0.0,"timestamp":1609812981,"path_taken":["M","?","?","$","M","R","E","M","T","M","M","M","R","M","R","BOSS","M"],"items_purchased_type":["Relic"],"build_version":"2020-12-22","purchased_purges":0,"victory":false,"max_hp_per_floor":[66,66,66,66,66,66,66,66,66,66,66,66,66,66,66,66,66,66,66],"card_choices":[{"not_picked":["Moonworks:ImOnFire","Moonworks:IndiscriminateFireSupport"],"picked":"Moonworks:JonathanRush","floor":1},{"not_picked":["Moonworks:NicePresent","Moonworks:WindyEnchantment"],"picked":"Moonworks:LulusLuckyEgg","floor":5},{"not_picked":["Moonworks:CompletionReward","Moonworks:LulusLuckyEgg"],"picked":"Moonworks:CrystalBarrier","floor":7},{"not_picked":["Moonworks:ImmovableObject","Moonworks:BigMagnum"],"picked":"Moonworks:SakisCookie","floor":8},{"not_picked":["Moonworks:ExtendedPhotonRifle","Moonworks:StiffCrystal"],"picked":"Moonworks:MiracleRedBeanIceCream","floor":10},{"not_picked":["Moonworks:BigMagnum","Moonworks:Heat300Percent"],"picked":"Moonworks:BeyondHell","floor":11},{"not_picked":["Moonworks:WindyEnchantment","Moonworks:ScrambledEve"],"picked":"Moonworks:SelfDestruct","floor":12},{"not_picked":["Moonworks:DeployBits","Moonworks:CloudOfSeagulls"],"picked":"Moonworks:AnotherUltimateWeapon","floor":14},{"not_picked":["Moonworks:GoAway","Moonworks:ReflectiveShell"],"picked":"Moonworks:Gamble","floor":16}],"player_experience":11537,"relics_obtained":[{"floor":7,"key":"halation:BottledLove"},{"floor":9,"key":"Runesmith:Nanobots"}],"event_choices":[{"damage_healed":0,"gold_gain":0,"player_choice":"Accept","damage_taken":0,"max_hp_gain":0,"max_hp_loss":5,"event_name":"Menagerie:HarrowingRitual","floor":2,"gold_loss":0,"cards_upgraded":["Moonworks:Strike"]}],"is_beta":false,"boss_relics":[{"not_picked":["Runesmith:UraniumAnvil","SlaversCollar"],"picked":"Moonworks:SBBomb"}],"items_purged_floors":[],"is_endless":false,"potions_floor_spawned":[11,12,16],"killed_by":"2 Thieves","ascension_level":0}}