{"host":"sdjng9zhqonqi3uc","time":1609826688,"event":{"mods":["2.2 Compatiblity","AchievementEnabler","BaseMod","BetterRewards","Colored Powertips","Hero for Fun","Minty Spire (QoL Compilation)","Shop Mod","StSLib","Td1madao Mod","The Animator","The Cursed","The Servant 0.9.4"],"gold_per_floor":[118,131,131,56,231,231,265,265,265,292,307,50,64,84,84,84,84],"floor_reached":16,"playtime":728,"items_purged":["Strike_R"],"score":110,"play_id":"a9d0b736-183e-436e-8b4d-f07df78d5153","local_time":"20210105070448","is_ascension_mode":false,"campfire_choices":[{"floor":6,"key":"RECALL"},{"data":"Flame Barrier","floor":8,"key":"SMITH"},{"data":"Feed","floor":15,"key":"SMITH"}],"circlet_count":0,"master_deck":["Strike_R","Strike_R","Strike_R","Strike_R","Defend_R","Defend_R","Defend_R","Defend_R","Bash","Wild Strike","Flame Barrier+1","Regret","Doubt","Pummel","Feed+1","Cleave"],"relics":["Burning Blood","FossilizedHelix","TungstenRod","Mercury Hourglass","InkBottle","Blue Candle"],"acts_visited":["Exordium"],"potions_floor_usage":[7,16],"damage_taken":[{"damage":4,"enemies":"Cultist","floor":1,"turns":4},{"damage":0,"enemies":"Small Slimes","floor":2,"turns":3},{"damage":17,"enemies":"3 Sentries","floor":7,"turns":14},{"damage":31,"enemies":"Gremlin Nob","floor":10,"turns":5},{"damage":0,"enemies":"Jaw Worm","floor":11,"turns":3},{"damage":0,"enemies":"Looter","floor":13,"turns":3},{"damage":0,"enemies":"Exordium Wildlife","floor":14,"turns":2},{"damage":53,"enemies":"Slime Boss","floor":16,"turns":8}],"seed_played":"4796926577462013858","potions_obtained":[{"floor":2,"key":"HeartOfIron"},{"floor":13,"key":"SmokeBomb"},{"floor":14,"key":"Weak Potion"}],"is_trial":false,"path_per_floor":["M","M","?","$","?","R","E","R","T","E","M","$","M","M","R","B"],"character_chosen":"IRONCLAD","items_purchased":["Blue Candle"],"campfire_rested":0,"item_purchase_floors":[12],"current_hp_per_floor":[58,64,64,64,64,64,53,53,53,28,37,37,43,52,52,0,0],"gold":84,"neow_bonus":"ONE_RARE_RELIC","is_daily":false,"chose_seed":false,"campfire_upgraded":2,"win_rate":0.0,"timestamp":1609826688,"path_taken":["M","?","?","$","?","R","E","R","T","E","M","$","M","M","R","BOSS"],"items_purchased_type":["Relic"],"build_version":"2020-12-22","purchased_purges":1,"victory":false,"max_hp_per_floor":[80,80,80,80,80,80,80,80,80,80,83,83,83,86,86,86,86],"card_choices":[{"not_picked":["Clash","Heavy Blade"],"picked":"Wild Strike","floor":1},{"not_picked":["Battle Trance","Havoc"],"picked":"Flame Barrier","floor":2},{"not_picked":["Sever Soul","True Grit"],"picked":"Pummel","floor":7},{"not_picked":["Wild Strike","Hemokinesis"],"picked":"Feed","floor":10},{"not_picked":["Warcry","Sword Boomerang"],"picked":"Cleave","floor":11},{"not_picked":["Flex","Iron Wave","Rage"],"picked":"SKIP","floor":13},{"not_picked":["Pommel Strike","Iron Wave","Clash"],"picked":"SKIP","floor":14}],"player_experience":269112,"relics_obtained":[{"floor":7,"key":"Mercury Hourglass"},{"floor":10,"key":"InkBottle"}],"event_choices":[{"damage_healed":0,"gold_gain":0,"player_choice":"Box","damage_taken":0,"relics_obtained":["TungstenRod"],"max_hp_gain":0,"max_hp_loss":0,"event_name":"Big Fish","floor":3,"gold_loss":0,"cards_obtained":["Regret"]},{"damage_healed":0,"gold_gain":175,"player_choice":"AGREE","damage_taken":0,"max_hp_gain":0,"max_hp_loss":0,"event_name":"Liars Game","floor":5,"gold_loss":0,"cards_obtained":["Doubt"]}],"is_beta":false,"boss_relics":[],"items_purged_floors":[4],"is_endless":false,"potions_floor_spawned":[2,13,14],"killed_by":"Slime Boss","ascension_level":0}}