{"host":"1a3cjta80tad0aqj","time":1609828887,"event":{"mods":["2.2 Compatiblity","AchievementEnabler","BaseMod","Colored Map","DeckTracker","KOR Keyword Fix","Keyboard Shortcuts","Minty Spire (QoL Compilation)","Permanent Neow","Quick Restart","Random Character Button","StSLib","SuperFastMode","everything is the same but u backflip on backflip"],"gold_per_floor":[114,129,229,243,258,258,44,58,58,73,73,85,85,100,100,100,100],"floor_reached":16,"playtime":968,"items_purged":["Defend_G"],"score":96,"play_id":"b5e772c1-4f64-46a0-983f-3db625a289a3","local_time":"20210105154127","is_ascension_mode":false,"campfire_choices":[{"data":"Predator","floor":6,"key":"SMITH"},{"data":"Backstab","floor":11,"key":"SMITH"},{"floor":15,"key":"REST"}],"circlet_count":0,"master_deck":["Strike_G","Strike_G","Strike_G","Strike_G","Strike_G","Defend_G","Defend_G","Defend_G","Defend_G","Survivor","Neutralize","Venomology","Sucker Punch","Deadly Poison","Skewer","Predator+1","Backstab+1","Leg Sweep","Underhanded Strike","Quick Slash","Well Laid Plans","Deadly Poison"],"relics":["Ring of the Snake","Snake Skull","NlothsMask"],"acts_visited":["Exordium"],"potions_floor_usage":[5,10,12,12,14],"damage_taken":[{"damage":0,"enemies":"Jaw Worm","floor":1,"turns":7},{"damage":0,"enemies":"Cultist","floor":2,"turns":3},{"damage":1,"enemies":"Small Slimes","floor":4,"turns":3},{"damage":1,"enemies":"Blue Slaver","floor":5,"turns":5},{"damage":5,"enemies":"Large Slime","floor":8,"turns":5},{"damage":16,"enemies":"Exordium Thugs","floor":10,"turns":3},{"damage":0,"enemies":"Looter","floor":12,"turns":2},{"damage":7,"enemies":"Exordium Wildlife","floor":14,"turns":5},{"damage":10,"enemies":"Slime Boss","floor":16,"turns":6}],"seed_played":"-1911953769714051308","potions_obtained":[{"floor":2,"key":"FearPotion"},{"floor":12,"key":"Strength Potion"}],"is_trial":false,"path_per_floor":["M","M","?","M","M","R","$","M","T","M","R","M","?","M","R","B"],"character_chosen":"THE_SILENT","items_purchased":["Backstab","Leg Sweep"],"campfire_rested":1,"item_purchase_floors":[7,7],"current_hp_per_floor":[70,70,70,69,68,68,68,63,63,47,47,47,47,40,61,51,51],"gold":100,"neow_bonus":"ONE_RANDOM_RARE_CARD","is_daily":false,"chose_seed":false,"campfire_upgraded":2,"win_rate":0.0,"timestamp":1609828887,"path_taken":["M","M","?","M","?","R","$","M","T","M","R","M","?","M","R","BOSS"],"items_purchased_type":["Card","Card"],"build_version":"2020-12-22","purchased_purges":1,"victory":false,"max_hp_per_floor":[70,70,70,70,70,70,70,70,70,70,70,70,70,70,70,70,70],"card_choices":[{"not_picked":["Skewer","Dodge and Roll"],"picked":"Sucker Punch","floor":1},{"not_picked":["Distraction","Bane"],"picked":"Deadly Poison","floor":2},{"not_picked":["PiercingWail","Prepared"],"picked":"Skewer","floor":4},{"not_picked":["Cloak And Dagger","Slice"],"picked":"Predator","floor":5},{"not_picked":["Deflect","Acrobatics"],"picked":"Underhanded Strike","floor":8},{"not_picked":["Crippling Poison","Dagger Spray"],"picked":"Quick Slash","floor":10},{"not_picked":["After Image","Acrobatics"],"picked":"Well Laid Plans","floor":12},{"not_picked":["PiercingWail","Flechettes"],"picked":"Deadly Poison","floor":14}],"player_experience":120364,"relics_obtained":[{"floor":9,"key":"Snake Skull"}],"event_choices":[{"damage_healed":0,"gold_gain":100,"player_choice":"Gold","damage_taken":0,"max_hp_gain":0,"max_hp_loss":0,"event_name":"Wheel of Change","floor":3,"gold_loss":0},{"damage_healed":0,"gold_gain":0,"player_choice":"Trade","damage_taken":0,"relics_obtained":["NlothsMask"],"max_hp_gain":0,"max_hp_loss":0,"event_name":"FaceTrader","floor":13,"gold_loss":0}],"is_beta":false,"boss_relics":[],"items_purged_floors":[7],"is_endless":false,"potions_floor_spawned":[2,4,12],"killed_by":"Slime Boss","ascension_level":0}}