{"host":"hn99riirbf0lv0ml","time":1609879328,"event":{"mods":["AchievementEnabler","Act Like it!","BaseMod","Colored Map","Colored Powertips","Downfall","Duelist Mod","Friendly Minions","Gensokyo","GifTheSpireLib","Jorbs\u0027s Wanderer Trilogy","Marisa????????","Minty Spire (QoL Compilation)","Rare Cards Sparkle","StSLib","The Animator","The Bug Knight","The Cursed","The Runesmith","The Servant 0.9.4"],"gold_per_floor":[117,127,127,127,127,127,145,175,175,175,175,100,116,140,140,261,261,285,309,323,13,13,13,33,33,33],"floor_reached":25,"playtime":4218,"items_purged":["Strike_B"],"score":193,"play_id":"fd4dc48d-ed65-4eba-a3d1-314a9fe17a15","local_time":"20210105154208","is_ascension_mode":false,"campfire_choices":[{"floor":6,"key":"REST"},{"floor":10,"key":"REST"},{"data":"Creative AI","floor":15,"key":"SMITH"},{"floor":23,"key":"REST"}],"circlet_count":0,"master_deck":["Strike_B+1","Strike_B+1","Strike_B+1","Defend_B+1","Defend_B+1","Defend_B+1","Defend_B+1","Zap+1","Meteor Strike","Conserve Battery","Self Repair+1","Coolheaded","Creative AI+1","Hologram+1","FTL+1","Reinforced Body+1","Hologram+1","Chaos","Glacier+1","Purity","Gash"],"relics":["Cracked Core","InkBottle","Golden Idol","Kunai","Astrolabe","Juzu Bracelet"],"acts_visited":["Exordium","TheCity"],"potions_floor_usage":[20,20,24,25],"damage_taken":[{"damage":5,"enemies":"Small Slimes","floor":1,"turns":4},{"damage":2,"enemies":"Jaw Worm","floor":2,"turns":4},{"damage":0,"enemies":"2 Louse","floor":7,"turns":3},{"damage":10,"enemies":"Large Slime","floor":13,"turns":8},{"damage":6,"enemies":"2 Fungi Beasts","floor":14,"turns":3},{"damage":32,"enemies":"The Guardian","floor":16,"turns":9},{"damage":17,"enemies":"Shell Parasite","floor":18,"turns":6},{"damage":55,"enemies":"Chosen","floor":19,"turns":9},{"damage":21,"enemies":"Snake Plant","floor":20,"turns":7},{"damage":18,"enemies":"Sentry and Sphere","floor":24,"turns":13},{"damage":29,"enemies":"Cultist and Chosen","floor":25,"turns":4}],"seed_played":"-1239893933972008371","potions_obtained":[{"floor":7,"key":"PowerPotion"},{"floor":18,"key":"SkillPotion"},{"floor":20,"key":"SteroidPotion"}],"is_trial":false,"path_per_floor":["M","M","?","?","?","R","M","?","T","R","?","$","M","M","R","B",null,"M","M","M","$","?","R","M","M"],"character_chosen":"DEFECT","items_purchased":["Ancient Potion","Juzu Bracelet","Purity"],"campfire_rested":3,"item_purchase_floors":[21,21,21],"current_hp_per_floor":[70,68,61,43,28,50,50,50,50,72,72,72,72,75,75,53,75,68,23,12,12,12,34,26,0,0],"gold":33,"neow_bonus":"ONE_RANDOM_RARE_CARD","is_daily":false,"chose_seed":false,"campfire_upgraded":1,"win_rate":0.0,"timestamp":1609879328,"path_taken":["M","M","?","?","?","R","M","?","T","R","?","$","M","M","R","BOSS","M","M","M","$","?","R","M","M"],"items_purchased_type":["Potion","Relic","Card"],"build_version":"2020-12-22","purchased_purges":1,"victory":false,"max_hp_per_floor":[75,75,75,75,75,75,75,75,75,75,75,75,75,75,75,75,75,75,75,75,75,75,75,75,75,75],"card_choices":[{"not_picked":["Hologram","Genetic Algorithm"],"picked":"Conserve Battery","floor":1},{"not_picked":["Capacitor","Ball Lightning"],"picked":"Self Repair","floor":2},{"not_picked":["Barrage","Auto Shields"],"picked":"Coolheaded","floor":7},{"not_picked":["Sweeping Beam","Compile Driver"],"picked":"Doom and Gloom","floor":13},{"not_picked":["Leap","Hologram"],"picked":"Creative AI","floor":14},{"not_picked":["Fission","Echo Form"],"picked":"Buffer","floor":16},{"not_picked":["Rebound","Go for the Eyes"],"picked":"Hologram+1","floor":18},{"not_picked":["Glacier+1","Auto Shields"],"picked":"Chaos","floor":19},{"not_picked":["Turbo+1","BootSequence"],"picked":"Glacier+1","floor":20},{"not_picked":["Stack+1","Self Repair"],"picked":"Gash","floor":24}],"player_experience":108809,"relics_obtained":[{"floor":9,"key":"Kunai"}],"event_choices":[{"damage_healed":0,"gold_gain":0,"player_choice":"Success","damage_taken":7,"relics_obtained":["InkBottle"],"max_hp_gain":0,"max_hp_loss":0,"event_name":"Scrap Ooze","floor":3,"gold_loss":0},{"damage_healed":0,"gold_gain":0,"player_choice":"Take Damage","damage_taken":18,"relics_obtained":["Golden Idol"],"max_hp_gain":0,"max_hp_loss":0,"event_name":"Golden Idol","floor":4,"gold_loss":0},{"damage_healed":0,"gold_gain":0,"player_choice":"Entered Light","damage_taken":15,"max_hp_gain":0,"max_hp_loss":0,"event_name":"Shining Light","floor":5,"gold_loss":0,"cards_upgraded":["Defend_B","Zap"]},{"damage_healed":0,"gold_gain":30,"player_choice":"Searched \u00272\u0027 times","damage_taken":0,"max_hp_gain":0,"max_hp_loss":0,"event_name":"Dead Adventurer","floor":8,"gold_loss":0},{"damage_healed":0,"gold_gain":0,"player_choice":"Grow","damage_taken":0,"max_hp_gain":0,"max_hp_loss":0,"event_name":"Living Wall","floor":11,"gold_loss":0,"cards_upgraded":["Self Repair"]},{"damage_healed":0,"gold_gain":0,"player_choice":"Simplicity","damage_taken":0,"max_hp_gain":0,"max_hp_loss":0,"event_name":"Back to Basics","floor":22,"gold_loss":0,"cards_upgraded":["Strike_B","Strike_B","Strike_B","Defend_B","Defend_B","Defend_B"]}],"is_beta":false,"boss_relics":[{"not_picked":["Coffee Dripper","Inserter"],"picked":"Astrolabe"}],"items_purged_floors":[12],"is_endless":false,"potions_floor_spawned":[7,18,20],"killed_by":"Cultist and Chosen","ascension_level":0}}