{"host":"y7sd46uq4xlni546","time":1609882824,"event":{"mods":["AchievementEnabler","BaseMod","Colored Map","Colored Powertips","Curses Come First","Filter the Spire","Minty Spire (QoL Compilation)","Quick Restart","Random Character Button","Rare Cards Sparkle","StSLib"],"gold_per_floor":[110,110,285,285,305,340,216,216,216,241,259,272,337,337,337,437,437,456,470,470,267,341,341,359,390,390,540,560,580,202,287,287,390,390,401,421,521,371,421,431,443,512,512,337,352,362,14,286,286,286],"floor_reached":51,"playtime":1627,"items_purged":["Defend_R","Defend_R","Defend_R","Strike_R","Strike_R","Bash"],"score":852,"play_id":"9f536d72-efd6-44ab-94c9-516f4cb3116c","local_time":"20210105224024","is_ascension_mode":false,"campfire_choices":[{"floor":8,"key":"REST"},{"floor":15,"key":"REST"},{"data":"Body Slam","floor":23,"key":"SMITH"},{"data":"Shrug It Off","floor":32,"key":"SMITH"},{"data":"Shrug It Off","floor":49,"key":"SMITH"}],"circlet_count":0,"master_deck":["Shrug It Off+1","Body Slam+1","Body Slam+1","Shrug It Off+1","Shrug It Off+1"],"relics":["Astrolabe","Toy Ornithopter","PreservedInsect","Anchor","HornCleat","Omamori","Bag of Preparation","Sozu","SsserpentHead","Regal Pillow","Tiny Chest","Paper Frog","Self Forming Clay","Dead Branch","Question Card","Matryoshka","Red Mask","Empty Cage","StoneCalendar","Pear","Darkstone Periapt","Red Skull","Toxic Egg 2","Happy Flower"],"acts_visited":["Exordium","TheCity","TheBeyond"],"potions_floor_usage":[13,16,18],"damage_taken":[{"damage":0.0,"enemies":"Jaw Worm","floor":1.0,"turns":1.0},{"damage":8,"enemies":"Small Slimes","floor":5,"turns":3},{"damage":15,"enemies":"Lagavulin","floor":6,"turns":6},{"damage":9,"enemies":"3 Sentries","floor":10,"turns":7},{"damage":0,"enemies":"2 Louse","floor":11,"turns":1},{"damage":0,"enemies":"Exordium Wildlife","floor":12,"turns":2},{"damage":0,"enemies":"Lagavulin Event","floor":13,"turns":1},{"damage":19,"enemies":"Hexaghost","floor":16,"turns":10},{"damage":0,"enemies":"Shell Parasite","floor":18,"turns":1},{"damage":0,"enemies":"2 Thieves","floor":19,"turns":2},{"damage":0,"enemies":"Shelled Parasite and Fungi","floor":24,"turns":2},{"damage":0,"enemies":"Book of Stabbing","floor":25,"turns":2},{"damage":0,"enemies":"Colosseum Slavers","floor":27,"turns":2},{"damage":0,"enemies":"Colosseum Nobs","floor":27,"turns":2},{"damage":0,"enemies":"Snake Plant","floor":28,"turns":1},{"damage":0,"enemies":"Centurion and Healer","floor":29,"turns":2},{"damage":0,"enemies":"Masked Bandits","floor":31,"turns":2},{"damage":15,"enemies":"Champ","floor":33,"turns":6},{"damage":0,"enemies":"3 Shapes","floor":35,"turns":2},{"damage":0,"enemies":"Orb Walker","floor":36,"turns":1},{"damage":0,"enemies":"Mind Bloom Boss Battle","floor":37,"turns":3},{"damage":0,"enemies":"Maw","floor":40,"turns":4},{"damage":0,"enemies":"Transient","floor":41,"turns":5},{"damage":0,"enemies":"3 Darklings","floor":42,"turns":2},{"damage":0,"enemies":"Jaw Worm Horde","floor":45,"turns":2},{"damage":0,"enemies":"Writhing Mass","floor":46,"turns":2},{"damage":0,"enemies":"Donu and Deca","floor":50,"turns":5}],"seed_played":"-1472053332861385614","potions_obtained":[{"floor":5,"key":"FairyPotion"},{"floor":11,"key":"EntropicBrew"},{"floor":12,"key":"DuplicationPotion"}],"is_trial":false,"path_per_floor":["M","?","?","?","M","E","$","R","T","E","M","M","?","T","R","B",null,"M","M","?","$","T","R","M","E","T","?","M","M","$","?","R","B",null,"M","M","?","$","T","M","M","M","T","$","M","M","$","?","R","B",null],"character_chosen":"IRONCLAD","items_purchased":["Shrug It Off","Regal Pillow","Matryoshka","Happy Flower"],"campfire_rested":2,"item_purchase_floors":[7,21,30,47],"current_hp_per_floor":[80,62,62,62,54,39,39,63,63,54,54,54,59,59,80,65,80,80,80,80,80,80,80,80,80,80,80,80,80,80,80,80,65,80,80,80,80,80,90,90,90,90,90,90,90,90,90,90,90,90],"gold":286,"neow_bonus":"BOSS_RELIC","is_daily":false,"chose_seed":false,"campfire_upgraded":3,"win_rate":0.0,"timestamp":1609882824,"path_taken":["M","?","?","?","M","E","?","R","T","E","?","M","?","?","R","BOSS","M","M","?","?","?","R","M","E","T","?","M","M","$","?","R","BOSS","M","M","?","$","?","M","M","?","T","$","M","M","$","?","R","BOSS"],"items_purchased_type":["Card","Relic","Relic","Relic"],"build_version":"2020-12-22","purchased_purges":6,"victory":true,"max_hp_per_floor":[80,80,80,80,80,80,80,80,80,80,80,80,80,80,80,80,80,80,80,80,80,80,80,80,80,80,80,80,80,80,80,80,80,80,80,80,80,80,90,90,90,90,90,90,90,90,90,90,90,90],"card_choices":[{"not_picked":["Anger","Headbutt"],"picked":"Body Slam","floor":1.0},{"not_picked":["Twin Strike","Flex","Dropkick"],"picked":"SKIP","floor":5},{"not_picked":["Armaments","Evolve","Warcry"],"picked":"SKIP","floor":6},{"not_picked":["Searing Blow","Sword Boomerang","Entrench"],"picked":"SKIP","floor":10},{"not_picked":["Shockwave","Iron Wave","Flex"],"picked":"SKIP","floor":11},{"not_picked":["Clash","Disarm"],"picked":"Shrug It Off","floor":12},{"not_picked":["Twin Strike","Cleave","Burning Pact"],"picked":"SKIP","floor":18},{"not_picked":["Perfected Strike+1","Iron Wave+1","True Grit"],"picked":"SKIP","floor":19},{"not_picked":["Flex","Headbutt+1","Reckless Charge"],"picked":"SKIP","floor":24},{"not_picked":["Flame Barrier","Warcry","Rupture+1"],"picked":"SKIP","floor":25},{"not_picked":["Evolve","Seeing Red","Shockwave","Whirlwind"],"picked":"SKIP","floor":28},{"not_picked":["Sentinel","Spot Weakness","Armaments","Thunderclap+1"],"picked":"SKIP","floor":29},{"not_picked":["Pommel Strike+1","Warcry+1","Armaments","Wild Strike+1"],"picked":"SKIP","floor":35},{"not_picked":["Evolve","Intimidate","Twin Strike","Perfected Strike"],"picked":"SKIP","floor":36},{"not_picked":["Armaments","Sentinel+1","Iron Wave+1","Twin Strike+1"],"picked":"SKIP","floor":40},{"not_picked":["Uppercut","Burning Pact+1","Bloodletting+1","Perfected Strike"],"picked":"SKIP","floor":41},{"not_picked":["Perfected Strike","Barricade","Thunderclap+1","Rupture+1"],"picked":"SKIP","floor":42},{"not_picked":["Uppercut","Flex+1","Body Slam+1","Battle Trance+1"],"picked":"SKIP","floor":45},{"not_picked":["Headbutt+1","Cleave+1","Anger","Sword Boomerang+1"],"picked":"SKIP","floor":46}],"player_experience":613703,"relics_obtained":[{"floor":6,"key":"PreservedInsect"},{"floor":9,"key":"Anchor"},{"floor":10,"key":"HornCleat"},{"floor":13,"key":"Omamori"},{"floor":14,"key":"Bag of Preparation"},{"floor":22,"key":"Tiny Chest"},{"floor":25,"key":"Paper Frog"},{"floor":26,"key":"Self Forming Clay"},{"floor":27,"key":"Dead Branch"},{"floor":27,"key":"Question Card"},{"floor":31,"key":"Red Mask"},{"floor":37,"key":"StoneCalendar"},{"floor":39,"key":"Pear"},{"floor":39,"key":"Darkstone Periapt"},{"floor":43,"key":"Red Skull"},{"floor":43,"key":"Toxic Egg 2"}],"event_choices":[{"damage_healed":0.0,"max_hp_gain":0.0,"max_hp_loss":0.0,"gold_gain":0.0,"event_name":"Scrap Ooze","player_choice":"Success","floor":2.0,"gold_loss":0.0,"damage_taken":18.0,"relics_obtained":["Toy Ornithopter"]},{"damage_healed":0.0,"max_hp_gain":0.0,"max_hp_loss":0.0,"gold_gain":175.0,"event_name":"Liars Game","player_choice":"AGREE","floor":3.0,"gold_loss":0.0,"damage_taken":0.0,"cards_obtained":["Doubt"]},{"cards_removed":["Doubt"],"damage_healed":0.0,"max_hp_gain":0.0,"max_hp_loss":0.0,"gold_gain":0.0,"event_name":"Living Wall","player_choice":"Forget","floor":4.0,"gold_loss":0.0,"damage_taken":0.0},{"damage_healed":0,"gold_gain":30,"player_choice":"Searched \u00272\u0027 times","damage_taken":0,"max_hp_gain":0,"max_hp_loss":0,"event_name":"Dead Adventurer","floor":13,"gold_loss":0},{"damage_healed":0,"gold_gain":0,"player_choice":"Trade","damage_taken":0,"relics_obtained":["SsserpentHead"],"max_hp_gain":0,"max_hp_loss":0,"event_name":"FaceTrader","floor":20,"gold_loss":0},{"damage_healed":0,"gold_gain":0,"player_choice":"Fight","damage_taken":0,"max_hp_gain":0,"max_hp_loss":0,"event_name":"Colosseum","floor":27,"gold_loss":0},{"damage_healed":0,"gold_gain":0,"player_choice":"Fought Nobs","damage_taken":0,"max_hp_gain":0,"max_hp_loss":0,"event_name":"Colosseum","floor":27,"gold_loss":0},{"damage_healed":0,"gold_gain":0,"player_choice":"Fought Bandits","damage_taken":0,"max_hp_gain":0,"max_hp_loss":0,"event_name":"Masked Bandits","floor":31,"gold_loss":0},{"damage_healed":0,"gold_gain":0,"player_choice":"Fight","damage_taken":0,"max_hp_gain":0,"max_hp_loss":0,"event_name":"MindBloom","floor":37,"gold_loss":0},{"damage_healed":0,"gold_gain":222,"player_choice":"Wore Mask","damage_taken":0,"max_hp_gain":0,"max_hp_loss":0,"event_name":"Tomb of Lord Red Mask","floor":48,"gold_loss":0}],"is_beta":false,"boss_relics":[{"not_picked":["Ectoplasm","Mark of Pain"],"picked":"Sozu"},{"not_picked":["Snecko Eye","Velvet Choker"],"picked":"Empty Cage"}],"items_purged_floors":[7,21,30,38,44,47],"is_endless":false,"potions_floor_spawned":[5,11,12,16,24,27,28,33,35,36,42,45],"ascension_level":0}}