{"host":"5fasz840ryq7obdf","time":1609888597,"event":{"mods":["2.2 Compatiblity","AchievementEnabler","BaseMod","Bestiary","Better Altar","Better Skull","Better Third Choice","BetterRewards","Block Reminder","Colored Powertips","Curses Come First","Downfall","Minty Spire (QoL Compilation)","Quick Restart","Relic Sorter","Relic Stats","Shop Mod","Spicy Shops","StSLib","SuperFastMode","ojb\u0027s Better Paths Mod","ojb\u0027s Info Mod"],"gold_per_floor":[99,99,99,99,23,23,23,64,75,91,91,127,163,206,238,250,250,250],"floor_reached":16,"playtime":1449,"items_purged":[],"score":110,"play_id":"011a35ea-2397-45c2-af44-c2565b710190","local_time":"20210105231637","is_ascension_mode":false,"campfire_choices":[{"data":"hexamod:Float","floor":1.0,"key":"SMITH"},{"data":"hexamod:SoulSteal","floor":6.0,"key":"SMITH"}],"circlet_count":0,"master_deck":["hexamod:Strike","hexamod:Strike","hexamod:Strike","hexamod:Strike","hexamod:Defend","hexamod:Defend","hexamod:Defend","hexamod:Sear","hexamod:Float+1","hexamod:SecondSeal","hexamod:SoulSteal+1","hexamod:GhostOfSpirePast","hexamod:EmpoweredFlame","hexamod:FastForward","hexamod:FirstSeal","hexamod:HauntingEcho","hexamod:HeatCrush","hexamod:NecessarySacrifice"],"relics":["hexamod:SpiritBrand","downfall:HeartsMalice","Boot","Bottled Lightning","Art of War","MawBank","StoneCalendar"],"acts_visited":["Exordium"],"potions_floor_usage":[16,16],"damage_taken":[{"damage":0.0,"enemies":"2 Louse","floor":2.0,"turns":1.0},{"damage":0.0,"enemies":"Small Slimes","floor":3.0,"turns":1.0},{"damage":0.0,"enemies":"downfall:FleeingMerchant","floor":5.0,"turns":1.0},{"damage":62.0,"enemies":"Gremlin Nob","floor":8.0,"turns":5.0},{"damage":1.0,"enemies":"Jaw Worm","floor":9.0,"turns":3.0},{"damage":1.0,"enemies":"Exordium Thugs","floor":10.0,"turns":4.0},{"damage":2.0,"enemies":"Exordium Wildlife","floor":12.0,"turns":5.0},{"damage":6.0,"enemies":"2 Fungi Beasts","floor":13.0,"turns":3.0},{"damage":9.0,"enemies":"Lagavulin","floor":14.0,"turns":5.0},{"damage":2.0,"enemies":"Blue Slaver","floor":15.0,"turns":3.0},{"damage":15,"enemies":"downfall:Ironclad","floor":16,"turns":3}],"seed_played":"2754792562118014936","potions_obtained":[{"floor":8.0,"key":"Fire Potion"},{"floor":10.0,"key":"BlessingOfTheForge"},{"floor":12.0,"key":"FearPotion"},{"floor":13.0,"key":"Energy Potion"},{"floor":14.0,"key":"Block Potion"}],"is_trial":false,"path_per_floor":["R","M","M","?","$","R","T","E","M","M","?","M","M","E","M","B"],"character_chosen":"THE_SPIRIT","items_purchased":["Boot"],"campfire_rested":0,"item_purchase_floors":[5],"current_hp_per_floor":[70,70,70,70,70,70,70,8,7,6,6,11,12,10,15,0,0,0],"gold":250,"neow_bonus":"THREE_ENEMY_KILL","is_daily":false,"chose_seed":false,"campfire_upgraded":2,"win_rate":0.0,"timestamp":1609888597,"path_taken":["R","M","M","?","$","R","T","E","M","M","?","M","M","E","M","BOSS"],"items_purchased_type":["Relic"],"build_version":"2020-12-22","purchased_purges":0,"victory":false,"max_hp_per_floor":[70,70,70,70,70,70,70,70,70,70,70,70,70,70,70,70,70,70],"relic_stats":{"counters":[11,31],"StoneCalendar":[0],"Art of War":[4],"Boot":[25],"MawBank":60,"obtain_stats":[{"downfall:HeartsMalice":0,"StoneCalendar":14,"Art of War":8,"Bottled Lightning":7,"Boot":5,"MawBank":11,"hexamod:SpiritBrand":0},{"downfall:HeartsMalice":0,"StoneCalendar":9,"Art of War":4,"Bottled Lightning":3,"Boot":3,"MawBank":6,"hexamod:SpiritBrand":0},{"downfall:HeartsMalice":0,"StoneCalendar":25,"Art of War":5,"Bottled Lightning":0,"Boot":0,"MawBank":12,"hexamod:SpiritBrand":0}]},"card_choices":[{"not_picked":["hexamod:ShieldOfDarkness","hexamod:Firestarter"],"picked":"hexamod:SecondSeal","floor":2.0},{"not_picked":["hexamod:GhostShield","hexamod:SwordOfDarkness"],"picked":"hexamod:SoulSteal","floor":3.0},{"not_picked":["hexamod:RadiantFlame","hexamod:PhantomCloak"],"picked":"hexamod:GhostOfSpirePast","floor":5.0},{"not_picked":["hexamod:GhostLash","hexamod:InspiringFlames"],"picked":"hexamod:EmpoweredFlame","floor":8.0},{"not_picked":["hexamod:NightmareStrike","hexamod:GhostLash"],"picked":"hexamod:FastForward","floor":9.0},{"not_picked":["hexamod:BurningTouch","hexamod:Rewind"],"picked":"hexamod:FirstSeal","floor":10.0},{"not_picked":["hexamod:NightmareStrike","hexamod:Firestarter"],"picked":"hexamod:HauntingEcho","floor":12.0},{"not_picked":["hexamod:PhantomCloak","hexamod:Haunt"],"picked":"hexamod:HeatCrush","floor":13.0},{"not_picked":["hexamod:Firestarter","hexamod:PhantomCloak","hexamod:NightmareStrike"],"picked":"SKIP","floor":14.0},{"not_picked":["hexamod:ThermalTransfer","hexamod:FastForward"],"picked":"hexamod:NecessarySacrifice","floor":15.0}],"player_experience":1547098,"relics_obtained":[{"floor":7.0,"key":"Bottled Lightning"},{"floor":8.0,"key":"Art of War"},{"floor":14.0,"key":"StoneCalendar"}],"event_choices":[{"cards_removed":["hexamod:Defend"],"damage_healed":0.0,"max_hp_gain":0.0,"max_hp_loss":0.0,"gold_gain":0.0,"event_name":"The Cleric","player_choice":"Card Removal","floor":4.0,"gold_loss":0.0,"damage_taken":0.0}],"is_beta":false,"boss_relics":[],"items_purged_floors":[],"is_endless":false,"potions_floor_spawned":[8,10,12,13,14],"killed_by":"downfall:Ironclad","ascension_level":0}}