{"host":"3a1ypf1irl30q4k8","time":1609882364,"event":{"mods":["AchievementEnabler","BaseMod","Bestiary","Colored Map","Minty Spire (QoL Compilation)","Relic Stats"],"gold_per_floor":[113,113,133,153,153,179,179,33,103,136,156,156,166,182,182,284,284,304,318,318,408,418,418,448,460,483,498,515,168,242,274,274,274,274],"floor_reached":33,"playtime":2132,"items_purged":["Strike_G"],"score":340,"play_id":"8695b929-6505-45c0-8d14-0b368131ede2","local_time":"20210105213244","is_ascension_mode":true,"campfire_choices":[{"data":"Predator","floor":7,"key":"SMITH"},{"floor":12,"key":"REST"},{"data":"Leg Sweep","floor":15,"key":"SMITH"},{"data":"Envenom","floor":23,"key":"SMITH"},{"floor":32,"key":"REST"}],"circlet_count":0,"master_deck":["Strike_G","Strike_G","Strike_G","Strike_G","Defend_G","Defend_G","Defend_G","Defend_G","Defend_G","Survivor","Neutralize","Predator+1","Leg Sweep+1","Underhanded Strike","Tactician","Sucker Punch","Reflex","Consecrate","Go for the Eyes","Good Instincts","Envenom+1","Panache","Dark Shackles+1","Deflect+1","True Grit","Noxious Fumes","Storm of Steel","Caltrops","Accuracy","Footwork","PiercingWail"],"relics":["Ring of the Snake","Pen Nib","Kunai","PrismaticShard","The Courier","Gambling Chip","Sozu","Vajra","Nunchaku","Eternal Feather","Du-Vu Doll"],"acts_visited":["Exordium","TheCity"],"potions_floor_usage":[6,10,16,24,33],"damage_taken":[{"damage":0,"enemies":"2 Louse","floor":1,"turns":2},{"damage":2,"enemies":"Small Slimes","floor":3,"turns":4},{"damage":0,"enemies":"Jaw Worm","floor":4,"turns":3},{"damage":14,"enemies":"Lagavulin","floor":6,"turns":6},{"damage":10,"enemies":"3 Sentries","floor":10,"turns":8},{"damage":1,"enemies":"Large Slime","floor":11,"turns":4},{"damage":3,"enemies":"Blue Slaver","floor":13,"turns":2},{"damage":0,"enemies":"Lots of Slimes","floor":14,"turns":2},{"damage":28,"enemies":"The Guardian","floor":16,"turns":14},{"damage":17,"enemies":"2 Thieves","floor":18,"turns":4},{"damage":10,"enemies":"Shell Parasite","floor":19,"turns":10},{"damage":0,"enemies":"Snecko","floor":22,"turns":4},{"damage":8,"enemies":"Book of Stabbing","floor":24,"turns":6},{"damage":1,"enemies":"Chosen and Byrds","floor":25,"turns":6},{"damage":2,"enemies":"Shelled Parasite and Fungi","floor":27,"turns":9},{"damage":2,"enemies":"Centurion and Healer","floor":28,"turns":7},{"damage":0,"enemies":"Gremlin Leader","floor":31,"turns":8},{"damage":71,"enemies":"Champ","floor":33,"turns":14}],"seed_played":"-6792856531272906323","potions_obtained":[{"floor":4,"key":"Poison Potion"},{"floor":6,"key":"Strength Potion"},{"floor":13,"key":"Explosive Potion"},{"floor":14,"key":"Energy Potion"},{"floor":16,"key":"Weak Potion"}],"is_trial":false,"path_per_floor":["M","?","M","M","?","E","R","$","T","E","M","R","M","M","R","B",null,"M","M","?","?","M","R","E","M","T","M","M","$","T","E","R","B"],"character_chosen":"THE_SILENT","items_purchased":["PrismaticShard","Storm of Steel","Caltrops","Accuracy","Footwork","PiercingWail"],"campfire_rested":2,"item_purchase_floors":[8,29,29,29,29,29],"current_hp_per_floor":[70,63,61,61,61,47,47,47,47,37,36,57,54,54,54,26,70,53,43,66,54,54,54,46,45,45,43,41,41,41,41,70,0,0],"gold":274,"neow_bonus":"THREE_CARDS","is_daily":false,"chose_seed":false,"campfire_upgraded":3,"win_rate":0.0,"timestamp":1609882364,"path_taken":["M","?","M","M","?","E","R","?","T","E","M","R","M","M","R","BOSS","M","M","?","?","M","R","E","M","T","M","?","$","?","E","R","BOSS"],"items_purchased_type":["Relic","Card","Card","Card","Card","Card"],"build_version":"2020-12-22","purchased_purges":1,"victory":false,"max_hp_per_floor":[70,70,70,70,70,70,70,70,70,70,70,70,70,70,70,70,70,70,70,70,70,70,70,70,70,70,70,70,70,70,70,70,70,70],"relic_stats":{"Sozu":4,"Nunchaku":[8],"counters":[18,113],"Gambling Chip":[40],"Eternal Feather":18,"Pen Nib":[25],"Kunai":[40],"obtain_stats":[{"Sozu":17,"Du-Vu Doll":31,"Nunchaku":26,"Gambling Chip":10,"Vajra":24,"Eternal Feather":30,"Pen Nib":2,"The Courier":9,"Kunai":6,"PrismaticShard":8,"Ring of the Snake":0},{"Sozu":9,"Du-Vu Doll":17,"Nunchaku":14,"Gambling Chip":5,"Vajra":13,"Eternal Feather":16,"Pen Nib":1,"The Courier":4,"Kunai":4,"PrismaticShard":4,"Ring of the Snake":0},{"Sozu":45,"Du-Vu Doll":99,"Nunchaku":75,"Gambling Chip":23,"Vajra":69,"Eternal Feather":91,"Pen Nib":2,"The Courier":15,"Kunai":15,"PrismaticShard":15,"Ring of the Snake":0}],"Ring of the Snake":[36]},"card_choices":[{"not_picked":["Heel Hook","Underhanded Strike"],"picked":"Predator","floor":0},{"not_picked":["Backflip","Sucker Punch"],"picked":"Leg Sweep","floor":1},{"not_picked":["Expertise","Backflip"],"picked":"Underhanded Strike","floor":3},{"not_picked":["Flying Knee","Finisher"],"picked":"Tactician","floor":4},{"not_picked":["Underhanded Strike","Phantasmal Killer"],"picked":"Sucker Punch","floor":6},{"not_picked":["Whirlwind","Blur"],"picked":"Reflex","floor":10},{"not_picked":["Protect","Thunderclap"],"picked":"Consecrate","floor":11},{"not_picked":["WreathOfFlame","Clash"],"picked":"Go for the Eyes","floor":13},{"not_picked":["Underhanded Strike","Leap"],"picked":"Good Instincts","floor":14},{"not_picked":["Multi-Cast","Vault"],"picked":"Envenom","floor":16},{"not_picked":["FlurryOfBlows","Prostrate+1","Undo"],"picked":"SKIP","floor":18},{"not_picked":["EmptyFist","Intimidate"],"picked":"Panache","floor":19},{"not_picked":["Thunderclap","Consecrate","Defragment"],"picked":"SKIP","floor":22},{"not_picked":["Beam Cell","Acrobatics"],"picked":"Dark Shackles+1","floor":24},{"not_picked":["Twin Strike","FlurryOfBlows+1"],"picked":"Deflect+1","floor":25},{"not_picked":["Dodge and Roll","Bane"],"picked":"True Grit","floor":27},{"not_picked":["Beam Cell+1","Acrobatics"],"picked":"Noxious Fumes","floor":28},{"not_picked":["Coolheaded","Go for the Eyes","Carnage"],"picked":"SKIP","floor":31}],"player_experience":976980,"relics_obtained":[{"floor":6,"key":"Kunai"},{"floor":9,"key":"The Courier"},{"floor":10,"key":"Gambling Chip"},{"floor":24,"key":"Vajra"},{"floor":26,"key":"Nunchaku"},{"floor":30,"key":"Eternal Feather"},{"floor":31,"key":"Du-Vu Doll"}],"event_choices":[{"damage_healed":0,"gold_gain":0,"player_choice":"Success","damage_taken":7,"relics_obtained":["Pen Nib"],"max_hp_gain":0,"max_hp_loss":0,"event_name":"Scrap Ooze","floor":2,"gold_loss":0},{"damage_healed":0,"gold_gain":0,"player_choice":"Ignored","damage_taken":0,"max_hp_gain":0,"max_hp_loss":0,"event_name":"Liars Game","floor":5,"gold_loss":0},{"damage_healed":23,"gold_gain":0,"player_choice":"Heal","damage_taken":0,"max_hp_gain":0,"max_hp_loss":0,"event_name":"The Library","floor":20,"gold_loss":0},{"damage_healed":0,"gold_gain":90,"player_choice":"GOLD ","damage_taken":12,"max_hp_gain":0,"max_hp_loss":0,"event_name":"Knowing Skull","floor":21,"potions_obtained":[],"gold_loss":0,"cards_obtained":[]}],"is_beta":false,"boss_relics":[{"not_picked":["Tiny House","Empty Cage"],"picked":"Sozu"}],"items_purged_floors":[29],"is_endless":false,"potions_floor_spawned":[4,6,13,14,16,19,25,27,31],"killed_by":"Champ","ascension_level":1}}