{"host":"ox77rn1xcurm2t5a","time":1609888853,"event":{"mods":["2.2 Compatiblity","AchievementEnabler","Act Like it!","Aspiration","BaseMod","Best Route Mod","Better Match","Better Note","Better Sensory Stone","Block Reminder","Colored Map","Colored Powertips","Conjunction","Conspire","Custom Start","Energized Spire","GifTheSpireLib","Gold Saver","Gremlin Skip","Halation","Highlight Path","Hubris","Infinite Spire","Minty Spire (QoL Compilation)","Pale of the Ancients","Quick Restart","Replay The Spire","Reworked Bosses","ShortenTheSpire","Spire Exporter","StSLib","Stuff the Spire","Wandering Minibosses","vexMod"],"gold_per_floor":[111,111,126,126,126,126,51,79,79,95,111,111,125,151,151,249,249,268,268,268,71,86,86,96,121,121,121,121,153,173,173,173],"floor_reached":31,"playtime":628,"items_purged":["Strike_B","Strike_B"],"score":493,"play_id":"90d2017f-b551-42a5-8a70-72a20e28c9cf","local_time":"20210106012053","is_ascension_mode":true,"campfire_choices":[{"floor":6.0,"key":"RECALL"},{"data":"Zap","floor":12.0,"key":"SMITH"},{"data":"Dualcast","floor":15.0,"key":"SMITH"},{"data":"Electrodynamics","floor":23.0,"key":"SMITH"},{"floor":27.0,"key":"REST"},{"data":"White Noise","floor":27.0,"key":"SMITH"}],"circlet_count":0,"master_deck":["AscendersBane","Strike_B","Strike_B","Defend_B","Defend_B","Defend_B","Defend_B","Zap+1","Dualcast+1","Ball Lightning","Gash","Electrodynamics+1","FIFO Queue","Ball Lightning","White Noise+1","Ball Lightning","infinitespire:Gouge"],"relics":["Cracked Core","NeowsBlessing","halation:LettersToHer","conspire:DecoderRing","StuffTheSpire:GrapeVine","Anchor","halation:KoshaPiece","infinitespire:Magic Flask","aspiration:AnachronicSnailShell"],"acts_visited":["Exordium","TheCity"],"potions_floor_usage":[31],"damage_taken":[{"damage":0.0,"enemies":"Small Slimes","floor":1.0,"turns":1.0},{"damage":0.0,"enemies":"Jaw Worm","floor":3.0,"turns":1.0},{"damage":0.0,"enemies":"Gremlin Nob","floor":8.0,"turns":1.0},{"damage":8.0,"enemies":"2 Louse","floor":10.0,"turns":2.0},{"damage":6.0,"enemies":"Exordium Thugs","floor":11.0,"turns":4.0},{"damage":3.0,"enemies":"Blue Slaver","floor":13.0,"turns":2.0},{"damage":31.0,"enemies":"Lagavulin","floor":14.0,"turns":5.0},{"damage":19.0,"enemies":"Hexaghost","floor":16.0,"turns":9.0},{"damage":1.0,"enemies":"Chosen","floor":18.0,"turns":4.0},{"damage":0.0,"enemies":"3 Byrds","floor":22.0,"turns":1.0},{"damage":28.0,"enemies":"3 Cultists","floor":24.0,"turns":4.0},{"damage":35.0,"enemies":"Slavers","floor":25.0,"turns":3.0},{"damage":24.0,"enemies":"Book of Stabbing","floor":29.0,"turns":4.0},{"damage":2,"enemies":"Centurion and Healer","floor":30,"turns":4},{"damage":17,"enemies":"Chosen and Byrds","floor":31,"turns":4}],"seed_played":"-2844741529986531396","potions_obtained":[{"floor":3.0,"key":"GamblersBrew"},{"floor":10.0,"key":"Ancient Potion"},{"floor":11.0,"key":"Explosive Potion"},{"floor":16.0,"key":"Languid Potion"},{"floor":18.0,"key":"Explosive Potion"},{"floor":22.0,"key":"Energy Potion"},{"floor":25.0,"key":"EssenceOfDarkness"},{"floor":29.0,"key":"PotionOfCapacity"}],"is_trial":false,"path_per_floor":["M","?","M","?","?","R","$","E","T","M","M","R","M","E","R","B",null,"M","?","?","$","M","R","M","E","T","R","AVR","E","M","M"],"character_chosen":"DEFECT","items_purchased":["Anchor","FIFO Queue"],"campfire_rested":1,"item_purchase_floors":[21,21],"current_hp_per_floor":[68,68,68,68,68,68,68,68,68,60,54,54,51,20,20,1,57,56,56,75,75,75,75,47,12,12,34,34,10,8,0,0],"gold":173,"neow_bonus":"THREE_ENEMY_KILL","is_daily":false,"chose_seed":false,"campfire_upgraded":4,"win_rate":0.0,"timestamp":1609888853,"path_taken":["M","?","M","?","?","R","$","E","T","?","M","R","M","E","R","BOSS","M","?","?","$","?","R","M","E","T","R","AVR","E","M","M"],"items_purchased_type":["Relic","Card"],"build_version":"2020-12-22","purchased_purges":2,"victory":false,"max_hp_per_floor":[75,75,75,75,75,75,75,75,75,75,75,75,75,75,75,75,75,75,75,75,75,75,75,75,75,75,75,75,75,75,75,75],"card_choices":[{"not_picked":["ReplayGash","Stack"],"picked":"Ball Lightning","floor":1.0},{"not_picked":["Coolheaded","Beam Cell","StuffTheSpire:SnapShoot"],"picked":"SKIP","floor":3.0},{"not_picked":["ReplayTheSpireMod:System Scan","Sweeping Beam","Chaos"],"picked":"SKIP","floor":8.0},{"not_picked":["Skim","Conserve Battery","Leap"],"picked":"SKIP","floor":10.0},{"not_picked":["Hologram","Heatsinks","Cold Snap"],"picked":"SKIP","floor":11.0},{"not_picked":["Sweeping Beam","Doom and Gloom","Leap"],"picked":"SKIP","floor":13.0},{"not_picked":["Streamline","Mirror Shield"],"picked":"Gash","floor":14.0},{"not_picked":["StuffTheSpire:Purify","Meteor Strike"],"picked":"Electrodynamics","floor":16.0},{"not_picked":["Sweeping Beam","ReplaySolidLightProjector","Recycle"],"picked":"SKIP","floor":18.0},{"not_picked":["Glacier","Sunder"],"picked":"Ball Lightning","floor":22.0},{"not_picked":["Darkness","Streamline"],"picked":"White Noise","floor":24.0},{"not_picked":["StuffTheSpire:NuclearReactor","Hologram"],"picked":"Ball Lightning","floor":25.0},{"not_picked":["Recycle","StuffTheSpire:LoadUp","Panic Button"],"picked":"SKIP","floor":29.0},{"not_picked":["Go for the Eyes","Darkness","Streamline"],"picked":"SKIP","floor":30}],"player_experience":2920882,"relics_obtained":[{"floor":8.0,"key":"conspire:DecoderRing"},{"floor":9.0,"key":"halation:LettersToHer"},{"floor":14.0,"key":"StuffTheSpire:GrapeVine"},{"floor":25.0,"key":"halation:KoshaPiece"},{"floor":26.0,"key":"halation:LettersToHer"},{"floor":26.0,"key":"infinitespire:Magic Flask"},{"floor":29.0,"key":"aspiration:AnachronicSnailShell"}],"event_choices":[{"damage_healed":0.0,"max_hp_gain":0.0,"max_hp_loss":0.0,"gold_gain":0.0,"event_name":"WeMeetAgain","player_choice":"Gave Potion","floor":5.0,"gold_loss":0.0,"damage_taken":0.0,"relics_obtained":["halation:LettersToHer"]},{"damage_healed":19.0,"max_hp_gain":0.0,"max_hp_loss":0.0,"gold_gain":0.0,"event_name":"Wheel of Change","player_choice":"Full Heal","floor":20.0,"gold_loss":0.0,"damage_taken":0.0}],"is_beta":false,"boss_relics":[{"not_picked":["halation:PinkAlligatorPlush","aspiration:RunicSpoon","vexMod:EndlessSickness"]}],"items_purged_floors":[7,28],"is_endless":false,"potions_floor_spawned":[3,10,11,16,18,22,25,29],"killed_by":"Chosen and Byrds","ascension_level":12}}