{"host":"jielpdldxluclcd7","time":1609865709,"event":{"mods":["AchievementEnabler","BaseMod","CapriCore","Colored Map","DeckTracker","Highlight Path","KOR Keyword Fix","Lobotomy","Minty Spire (QoL Compilation)","Permanent Neow","StSLib"],"gold_per_floor":[112,112,14,24,24,24,24,24,47,72,72],"floor_reached":10,"playtime":732,"items_purged":["Horn"],"score":64,"play_id":"5ec237a6-c2c3-40a0-add1-845b5d1fd7c0","local_time":"20210106015509","daily_mods":["Draft","Heirloom","Time Dilation","Flight"],"is_ascension_mode":false,"campfire_choices":[],"circlet_count":0,"master_deck":["InformationCode","SecurityCode","TrainingCode","Soda+1","Wingbeat","Lamp+6","CUTE","Ecstasy","Regret_ego","Beak","Wingbeat","Beak","Soda","CrimsonScar+1","Hornet","RedEyes","OSAHOGD","RedEyes","Ecstasy","PunishingBird"],"relics":["CogitoBucket","Shovel","Akabeko","Nunchaku"],"acts_visited":["Exordium"],"potions_floor_usage":[],"damage_taken":[{"damage":27.0,"enemies":"Small Slimes","floor":1.0,"turns":11.0},{"damage":29.0,"enemies":"2 Louse","floor":4.0,"turns":9.0},{"damage":35,"enemies":"3 Sentries","floor":10,"turns":8}],"seed_played":"1565094222331157156","potions_obtained":[],"is_trial":true,"path_per_floor":["M","?","$","M","?","R","R","R","T","E"],"character_chosen":"Angela","items_purchased":["RedEyes"],"campfire_rested":0,"item_purchase_floors":[3],"current_hp_per_floor":[61,61,61,49,35,35,35,35,35,13,13],"gold":72,"neow_bonus":"","is_daily":false,"chose_seed":false,"campfire_upgraded":0,"win_rate":0.0,"timestamp":1609865709,"path_taken":["M","?","$","M","?","R","R","R","T","E"],"items_purchased_type":["Card"],"build_version":"2020-12-22","purchased_purges":1,"victory":false,"max_hp_per_floor":[70,70,70,70,70,70,70,70,70,70,70],"card_choices":[{"not_picked":["SomewhereSpear","LifeForTheDareDevil"],"picked":"Soda","floor":0.0},{"not_picked":["Discord","CherryBlossom"],"picked":"Wingbeat","floor":0.0},{"not_picked":["Penitence","TodaysExpression"],"picked":"Lamp","floor":0.0},{"not_picked":["Noise","ShedSkin"],"picked":"CUTE","floor":0.0},{"not_picked":["Soda","Heaven"],"picked":"Ecstasy","floor":0.0},{"not_picked":["Lantern","LifeForTheDareDevil"],"picked":"Regret_ego","floor":0.0},{"not_picked":["FourthMatchFlame","TodaysExpression"],"picked":"Beak","floor":0.0},{"not_picked":["Lantern","Reverberation"],"picked":"Wingbeat","floor":0.0},{"not_picked":["Tough","FourthMatchFlame"],"picked":"Beak","floor":0.0},{"not_picked":["FourthMatchFlame","Pleasure"],"picked":"RapturousDream","floor":0.0},{"not_picked":["Regret_ego","CherryBlossom"],"picked":"Soda","floor":0.0},{"not_picked":["SolemnVow","Beak"],"picked":"Horn","floor":0.0},{"not_picked":["Amita","FrostShard"],"picked":"CrimsonScar","floor":0.0},{"not_picked":["Tough","CherryBlossom"],"picked":"Hornet","floor":0.0},{"not_picked":["Tough","WristCuter"],"picked":"RedEyes","floor":0.0},{"not_picked":["WallGazer","Funeral"],"picked":"OSAHOGD","floor":1.0},{"not_picked":["TodaysExpression","RapturousDream"],"picked":"SKIP","floor":1.0},{"not_picked":["Galaxy"],"picked":"Ecstasy","floor":4.0},{"not_picked":["ShyLook","VoidDream"],"picked":"PunishingBird","floor":10}],"player_experience":221560,"relics_obtained":[{"floor":9.0,"key":"Akabeko"},{"floor":10,"key":"Nunchaku"}],"event_choices":[{"cards_removed":["RapturousDream"],"damage_healed":0.0,"max_hp_gain":0.0,"max_hp_loss":0.0,"gold_gain":0.0,"event_name":"Living Wall","player_choice":"Forget","floor":2.0,"gold_loss":0.0,"damage_taken":0.0},{"damage_healed":0.0,"max_hp_gain":0.0,"max_hp_loss":0.0,"gold_gain":0.0,"event_name":"Shining Light","player_choice":"Entered Light","floor":5.0,"gold_loss":0.0,"damage_taken":14.0,"cards_upgraded":["CrimsonScar","Soda"]}],"is_beta":false,"boss_relics":[],"items_purged_floors":[3],"is_endless":true,"potions_floor_spawned":[],"killed_by":"3 Sentries","ascension_level":0}}