{"host":"7qf1todfnxspvw7w","time":1609814177,"event":{"mods":["BaseMod","BetterRewards","Block Reminder","Colored Powertips","Disable Question Mark Monsters","Displayed Cursed Tome","Downfall","Gold Saver","Googly Eyes","Infinite Spire","Ironclad Rager","Lobotomy","Minty Spire (QoL Compilation)","Rare Cards Sparkle","Relic Stats","Reorder Act Four","Replay The Spire","SacredBarkPlus","Shop Mod","StSLib","Uncapped"],"gold_per_floor":[1000,731,731,750,750,750,779,779,847,876,888,900,912,942,954,1061,1073,1097,1109,1136,1159,1171,1209,1221,1243,1255,1267,1279,1319,1350,1376,1388,1503,1515,1543,770,781,800,814,814,848,848,848,866,866,878,905,924,924,924],"floor_reached":51,"playtime":3482,"items_purged":["Creative AI","DisciplinaryCode"],"score":968,"play_id":"10d92685-1243-4012-8a70-565a418c8f27","local_time":"20210105053617","is_ascension_mode":true,"campfire_choices":[{"data":"infinitespire:FutureSight","floor":32.0,"key":"SMITH"},{"data":"BattleHymn","floor":49,"key":"SMITH"}],"circlet_count":0,"master_deck":["SpecialBullet","SpecialBullet","SpecialBullet","SpecialBullet","SpecialBullet","SpecialBullet","SpecialBullet","SpecialBullet","InformationCode","WelfareCode","WristCuter+1","GreenStem","BasicCrystalCard+1","OSAHOGD","infinitespire:Menacing","infinitespire:FutureSight+1","Cold Snap+1","SpecialBullet","WristCuter+1","WristCuter+1","ReplayTheSpireMod:Brewmster","SpecialBullet","BattleHymn+1","SpecialBullet","SpecialBullet"],"relics":["CogitoBucket","NeowsBlessing","PrismaticShard","Letter Opener","Quantum Egg","MawBank","SlaversCollar","Molten Egg 2","Replay:Bottled Eggs","Replay:Bottled Snecko","DollysMirror","ReplayTheSpireMod:Ninjato","Pocketwatch","Dream Catcher","Chameleon Ring","Cursed Key","Onion Ring"],"acts_visited":["Exordium","TheCity","TheBeyond"],"potions_floor_usage":[50,50,50,50,51,51,51,51,51,51,51,51,51,51,51,51,51,51,51],"damage_taken":[{"damage":0.0,"enemies":"Small Slimes","floor":1.0,"turns":1.0},{"damage":0.0,"enemies":"Cultist","floor":4.0,"turns":1.0},{"damage":0.0,"enemies":"Lagavulin","floor":7.0,"turns":1.0},{"damage":28.0,"enemies":"Gremlin Nob","floor":10.0,"turns":4.0},{"damage":12.0,"enemies":"Jaw Worm","floor":14.0,"turns":2.0},{"damage":7.0,"enemies":"Slime Boss","floor":16.0,"turns":21.0},{"damage":0.0,"enemies":"Shell Parasite","floor":18.0,"turns":14.0},{"damage":0.0,"enemies":"Chosen","floor":20.0,"turns":6.0},{"damage":6.0,"enemies":"Shelled Parasite and Fungi","floor":21.0,"turns":14.0},{"damage":19.0,"enemies":"Slavers","floor":23.0,"turns":11.0},{"damage":0.0,"enemies":"Snecko","floor":25.0,"turns":8.0},{"damage":0.0,"enemies":"Book of Stabbing","floor":29.0,"turns":6.0},{"damage":0.0,"enemies":"Sentry and Sphere","floor":30.0,"turns":10.0},{"damage":0.0,"enemies":"Chosen and Byrds","floor":31.0,"turns":5.0},{"damage":0.0,"enemies":"Collector","floor":33.0,"turns":7.0},{"damage":36.0,"enemies":"3 Darklings","floor":35.0,"turns":5.0},{"damage":0.0,"enemies":"Orb Walker","floor":37.0,"turns":3.0},{"damage":93.0,"enemies":"Sphere and 2 Shapes","floor":38.0,"turns":20.0},{"damage":1.0,"enemies":"4 Shapes","floor":39.0,"turns":4.0},{"damage":0.0,"enemies":"Giant Head","floor":41.0,"turns":5.0},{"damage":0.0,"enemies":"Maw","floor":44.0,"turns":6.0},{"damage":1.0,"enemies":"Writhing Mass","floor":46.0,"turns":5.0},{"damage":0.0,"enemies":"Nemesis","floor":47.0,"turns":5.0},{"damage":10.0,"enemies":"3 Darklings","floor":48.0,"turns":5.0},{"damage":1,"enemies":"FixerMidnight","floor":50,"turns":18},{"damage":3,"enemies":"Malkuth","floor":51,"turns":8},{"damage":12,"enemies":"Yesod","floor":51,"turns":9},{"damage":48,"enemies":"Tiphereth","floor":51,"turns":9},{"damage":0,"enemies":"Binah","floor":51,"turns":20},{"damage":36,"enemies":"Angela","floor":51,"turns":9}],"seed_played":"-3282017805344562490","potions_obtained":[{"floor":14.0,"key":"Adrenaline Potion"},{"floor":46.0,"key":"Fire Potion"}],"is_trial":false,"path_per_floor":["M","$","?","M","?","R","E","R","T","E","R","?","R","M","R","B",null,"M","?","M","M","AVR","E","R","M","T","R","$","E","M","M","R","B",null,"M","$","M","M","M","R","E","R","T","M","R","M","E","M","R","B",null],"character_chosen":"Angela","items_purchased":["WristCuter","GreenStem","PrismaticShard","DollysMirror","ReplayTheSpireMod:Ninjato","Pocketwatch"],"campfire_rested":0,"item_purchase_floors":[2,2,2,36,36,36],"current_hp_per_floor":[70,70,70,70,70,70,70,70,70,42,42,65,65,53,53,46,70,70,70,70,70,70,51,51,51,51,51,51,57,70,70,70,70,70,34,34,34,70,69,69,69,69,69,69,69,68,68,58,58,57],"gold":924,"neow_bonus":"THREE_ENEMY_KILL","is_daily":false,"chose_seed":false,"campfire_upgraded":2,"win_rate":0.0,"timestamp":1609814177,"path_taken":["M","$","?","M","?","R","E","R","T","E","R","?","R","M","R","BOSS","M","?","?","M","AVR","E","R","?","T","R","$","E","?","?","R","BOSS","M","$","M","M","M","R","E","R","T","?","R","?","E","?","R","BOSS"],"items_purchased_type":["Card","Card","Relic","Relic","Relic","Relic"],"build_version":"2020-12-22","purchased_purges":2,"victory":true,"max_hp_per_floor":[70,70,70,70,70,70,70,70,70,70,70,70,70,70,70,70,70,70,70,70,70,70,70,70,70,70,70,70,70,70,70,70,70,70,70,70,70,70,70,70,70,70,70,70,70,70,70,70,70,70],"relic_stats":{"Dream Catcher":0,"counters":[33,245],"Letter Opener":[815],"MawBank":312,"Cursed Key":0,"obtain_stats":[{"ReplayTheSpireMod:Ninjato":36,"NeowsBlessing":0,"Quantum Egg":9,"Circlet":17,"Letter Opener":7,"PrismaticShard":2,"MawBank":10,"Cursed Key":43,"Sozu":17,"SlaversCollar":22,"CogitoBucket":0,"Dream Catcher":41,"Chameleon Ring":43,"DollysMirror":36,"Molten Egg 2":23,"Onion Ring":47,"Replay:Bottled Snecko":29,"Replay:Bottled Eggs":26,"Pocketwatch":36},{"ReplayTheSpireMod:Ninjato":18,"NeowsBlessing":0,"Quantum Egg":3,"Circlet":6,"Letter Opener":3,"PrismaticShard":1,"MawBank":4,"Cursed Key":23,"Sozu":6,"SlaversCollar":10,"CogitoBucket":0,"Dream Catcher":23,"Chameleon Ring":23,"DollysMirror":18,"Molten Egg 2":11,"Onion Ring":26,"Replay:Bottled Snecko":13,"Replay:Bottled Eggs":12,"Pocketwatch":18},{"ReplayTheSpireMod:Ninjato":118,"NeowsBlessing":0,"Quantum Egg":3,"Circlet":30,"Letter Opener":3,"PrismaticShard":1,"MawBank":7,"Cursed Key":151,"Sozu":30,"SlaversCollar":65,"CogitoBucket":0,"Dream Catcher":151,"Chameleon Ring":151,"DollysMirror":118,"Molten Egg 2":76,"Onion Ring":167,"Replay:Bottled Snecko":90,"Replay:Bottled Eggs":84,"Pocketwatch":118}],"Pocketwatch":[27]},"card_choices":[{"not_picked":["Beak","FrostShard"],"picked":"SKIP","floor":1.0},{"not_picked":["Guardian:Gem_Lightblue","ScreamingWedge"],"picked":"SKIP","floor":4.0},{"not_picked":["Slimebound:FlameTackle","RapturousDream"],"picked":"SKIP","floor":7.0},{"not_picked":["hexamod:SoulSteal"],"picked":"BasicCrystalCard","floor":10.0},{"not_picked":["Replay:SS_hec_2","Discord"],"picked":"SKIP","floor":14.0},{"not_picked":["Slimebound:OozeBath"],"picked":"Creative AI","floor":16.0},{"not_picked":["Stack","sneckomod:UnknownVulnerable"],"picked":"SKIP","floor":18.0},{"not_picked":["DreamingCurrent","LongBird"],"picked":"OSAHOGD","floor":20.0},{"not_picked":["Slimebound:SplitMire","EmptyFist"],"picked":"SKIP","floor":20.0},{"not_picked":["BasicCrystalCard+1","hexamod:FastForward+1"],"picked":"SKIP","floor":21.0},{"not_picked":["sneckomod:SoulRoll","champ:LastStand"],"picked":"SKIP","floor":23.0},{"not_picked":["PathToVictory"],"picked":"Cold Snap+1","floor":25.0},{"not_picked":["hexamod:EmpoweredFlame","InnerPeace"],"picked":"SKIP","floor":29.0},{"not_picked":["Eviscerate+1","Blade Dance"],"picked":"SKIP","floor":30.0},{"not_picked":["BasicCrystalCard","Burning Pact"],"picked":"SKIP","floor":31.0},{"not_picked":["RapturousDream+1","LikeWater+1"],"picked":"SKIP","floor":35.0},{"not_picked":["champ:BerserkerStyle+1"],"picked":"WristCuter+1","floor":37.0},{"not_picked":["Penitence+1","Replay:AtTheReady+1"],"picked":"SKIP","floor":38.0},{"not_picked":["Leap+1","Sentinel+1"],"picked":"SKIP","floor":39.0},{"not_picked":["Dual Wield+1"],"picked":"ReplayTheSpireMod:Brewmster","floor":41.0},{"not_picked":["champ:CrookedStrike+1","champ:PerfectedStrike+1"],"picked":"SKIP","floor":44.0},{"not_picked":["sneckomod:QuickMove+1","Scrape+1"],"picked":"SKIP","floor":46.0},{"not_picked":["Redo+1","champ:StanceDance"],"picked":"SKIP","floor":47.0},{"not_picked":["Replay:SS_fish_3+1"],"picked":"BattleHymn","floor":48.0}],"player_experience":514484,"relics_obtained":[{"floor":7.0,"key":"Letter Opener"},{"floor":9.0,"key":"Quantum Egg"},{"floor":10.0,"key":"MawBank"},{"floor":23.0,"key":"Molten Egg 2"},{"floor":26.0,"key":"Replay:Bottled Eggs"},{"floor":29.0,"key":"Replay:Bottled Snecko"},{"floor":41.0,"key":"Dream Catcher"},{"floor":43.0,"key":"Chameleon Ring"},{"floor":47.0,"key":"Onion Ring"}],"event_choices":[{"cards_removed":["CentralCode"],"damage_healed":5.0,"max_hp_gain":0.0,"max_hp_loss":0.0,"gold_gain":0.0,"event_name":"Bonfire Elementals","player_choice":"Offered Special","floor":3.0,"gold_loss":0.0,"damage_taken":0.0},{"damage_healed":0.0,"max_hp_gain":0.0,"max_hp_loss":0.0,"gold_gain":0.0,"event_name":"Liars Game","player_choice":"Ignored","floor":5.0,"gold_loss":0.0,"damage_taken":0.0},{"damage_healed":23.0,"max_hp_gain":0.0,"max_hp_loss":0.0,"gold_gain":0.0,"event_name":"Big Fish","player_choice":"Banana","floor":12.0,"gold_loss":0.0,"damage_taken":0.0},{"damage_healed":0.0,"max_hp_gain":0.0,"max_hp_loss":0.0,"gold_gain":0.0,"event_name":"Accursed Blacksmith","player_choice":"Forge","floor":19.0,"gold_loss":0.0,"damage_taken":0.0,"cards_upgraded":["BasicCrystalCard"]}],"is_beta":false,"boss_relics":[{"not_picked":["Busted Crown","Runic Dome","Velvet Choker"]},{"not_picked":["Honey Jar","Replay:Wanted Poster","Astrolabe"]}],"items_purged_floors":[22,36],"is_endless":false,"potions_floor_spawned":[14,21,25,44,46,48],"ascension_level":2}}