{"host":"y89x8uui45kcjy42","time":1609849832,"event":{"mods":["2.2 Compatiblity","BaseMod","CapriCore","Colored Map","Colored Powertips","Custom Start","Friendly Minions","Keyboard Shortcuts","Lobotomy","Minty Spire (QoL Compilation)","Relic Stats","Slay the Relics Exporter","StSLib","SuperFastMode","Uncapped"],"gold_per_floor":[111,36,52,52,69,69,104,104,104,179,179,179,179,96,96,185,185,201,217,267,156,156,156],"floor_reached":22,"playtime":566,"items_purged":["Strike_B"],"score":360,"play_id":"66d76553-f0f5-4c60-ba2b-0c1828bf6756","local_time":"20210105213032","is_ascension_mode":true,"campfire_choices":[{"data":"Loop","floor":6,"key":"SMITH"},{"data":"Zap","floor":8,"key":"SMITH"},{"data":"Ball Lightning","floor":11,"key":"SMITH"},{"data":"Strike_B","floor":13,"key":"PURGE"},{"data":"The Bomb","floor":15,"key":"SMITH"}],"circlet_count":0,"master_deck":["AscendersBane","Strike_B","Defend_B","Defend_B","Defend_B","Defend_B","Zap+1","Dualcast+1","Wellcheers","Loop+1","GreedKing","Glacier+1","OSAHOGD","Ball Lightning+1","BlackSwan","The Bomb+1","Biased Cognition","UniverseFragment","Electrodynamics","Mercenary","PunishingBird"],"relics":["Cracked Core","CogitoBucket","Cables","Peace Pipe","Golden Idol","Runic Capacitor","ClockworkSouvenir","SacredBark","Potion Belt","TreeSap","Bronze Scales"],"acts_visited":["Exordium","TheCity"],"potions_floor_usage":[],"damage_taken":[{"damage":8,"enemies":"2 Louse","floor":1,"turns":2},{"damage":11,"enemies":"Jaw Worm","floor":3,"turns":4},{"damage":6,"enemies":"Small Slimes","floor":5,"turns":6},{"damage":45,"enemies":"3 Sentries","floor":7,"turns":7},{"damage":15,"enemies":"Hexaghost","floor":16,"turns":5},{"damage":0,"enemies":"Chosen","floor":18,"turns":4},{"damage":27,"enemies":"Shell Parasite","floor":19,"turns":9},{"damage":100,"enemies":"Shelled Parasite and Fungi","floor":22,"turns":1}],"seed_played":"1695276876152214935","potions_obtained":[{"floor":7,"key":"GamblersBrew"},{"floor":16,"key":"CultistPotion"},{"floor":19,"key":"Ancient Potion"}],"is_trial":false,"path_per_floor":["M","?","M","?","M","R","E","R","T","?","R","?","R","$","R","B",null,"M","M","?","?","M"],"character_chosen":"DEFECT","items_purchased":["Runic Capacitor","The Bomb","Biased Cognition","FocusPotion"],"campfire_rested":0,"item_purchase_floors":[14,14,14,14],"current_hp_per_floor":[56,56,48,27,21,21,46,46,46,35,35,11,11,11,11,59,68,68,41,41,41,0,0],"gold":156,"neow_bonus":"","is_daily":false,"chose_seed":false,"campfire_upgraded":4,"win_rate":0.0,"timestamp":1609849832,"path_taken":["M","?","M","?","M","R","E","R","T","?","R","?","R","?","R","BOSS","M","M","?","?","M"],"items_purchased_type":["Relic","Card","Card","Potion"],"build_version":"2020-12-22","purchased_purges":1,"victory":false,"max_hp_per_floor":[71,71,71,71,71,71,71,71,71,71,71,71,71,71,71,71,71,71,71,71,71,71,71],"relic_stats":{"Peace Pipe":2,"counters":[9,38],"Golden Idol":24,"Bronze Scales":[0],"obtain_stats":[{"Peace Pipe":9,"Potion Belt":17,"CogitoBucket":0,"Golden Idol":12,"SacredBark":17,"TreeSap":18,"Bronze Scales":21,"Runic Capacitor":14,"Cracked Core":0,"Cables":7,"ClockworkSouvenir":14},{"Peace Pipe":4,"Potion Belt":5,"CogitoBucket":0,"Golden Idol":4,"SacredBark":5,"TreeSap":7,"Bronze Scales":8,"Runic Capacitor":4,"Cracked Core":0,"Cables":4,"ClockworkSouvenir":4},{"Peace Pipe":18,"Potion Belt":23,"CogitoBucket":0,"Golden Idol":18,"SacredBark":23,"TreeSap":28,"Bronze Scales":37,"Runic Capacitor":18,"Cracked Core":0,"Cables":18,"ClockworkSouvenir":18}],"Cables":[15,11,4,0,0]},"card_choices":[{"not_picked":["OldLady","Scorched"],"picked":"Wellcheers","floor":1},{"not_picked":["Turbo","Cold Snap"],"picked":"Loop","floor":1},{"not_picked":["CherryBlossoms","Variant"],"picked":"GreedKing","floor":3},{"not_picked":["Reprogram","Leap"],"picked":"Glacier","floor":3},{"not_picked":["MHz","Bloodbath"],"picked":"OSAHOGD","floor":5},{"not_picked":["Reprogram","Loop"],"picked":"Ball Lightning","floor":5},{"not_picked":["SpiderBud","QueenOfHatred"],"picked":"BlackSwan","floor":7},{"not_picked":["Force Field","Gash","Beam Cell"],"picked":"SKIP","floor":7},{"not_picked":["QueenBee","MHz"],"picked":"UniverseFragment","floor":16},{"not_picked":["Seek","Meteor Strike"],"picked":"Electrodynamics","floor":16},{"not_picked":["LongBird","CherryBlossoms"],"picked":"Mercenary","floor":18},{"not_picked":["Gash+1","Beam Cell","Coolheaded"],"picked":"SKIP","floor":18},{"not_picked":["MeatLantern","Variant"],"picked":"PunishingBird","floor":19},{"not_picked":["Doom and Gloom","Streamline","Rebound"],"picked":"SKIP","floor":19}],"player_experience":574351,"relics_obtained":[{"floor":7,"key":"Cables"},{"floor":9,"key":"Peace Pipe"}],"event_choices":[{"cards_removed":["Strike_B"],"damage_healed":0,"gold_gain":0,"player_choice":"Card Removal","damage_taken":0,"max_hp_gain":0,"max_hp_loss":0,"event_name":"The Cleric","floor":2,"gold_loss":75},{"damage_healed":0,"gold_gain":0,"player_choice":"Entered Light","damage_taken":21,"max_hp_gain":0,"max_hp_loss":0,"event_name":"Shining Light","floor":4,"gold_loss":0,"cards_upgraded":["Glacier","Dualcast"]},{"damage_healed":0,"gold_gain":75,"player_choice":"Gather Gold","damage_taken":11,"max_hp_gain":0,"max_hp_loss":0,"event_name":"World of Goop","floor":10,"gold_loss":0},{"damage_healed":0,"gold_gain":0,"player_choice":"Take Damage","damage_taken":24,"relics_obtained":["Golden Idol"],"max_hp_gain":0,"max_hp_loss":0,"event_name":"Golden Idol","floor":12,"gold_loss":0},{"damage_healed":0,"gold_gain":50,"player_choice":"Stole From Cult","damage_taken":0,"max_hp_gain":0,"max_hp_loss":0,"event_name":"Nest","floor":20,"gold_loss":0},{"damage_healed":0,"gold_gain":0,"player_choice":"Paid Gold","damage_taken":0,"relics_obtained":["Bronze Scales"],"max_hp_gain":0,"max_hp_loss":0,"event_name":"WeMeetAgain","floor":21,"gold_loss":111}],"is_beta":false,"boss_relics":[{"not_picked":["Velvet Choker","FrozenCore"],"picked":"SacredBark"}],"items_purged_floors":[14],"is_endless":false,"potions_floor_spawned":[7,16,19],"killed_by":"Shelled Parasite and Fungi","ascension_level":20}}