{"host":"kabf61oc9jgfwufg","time":1609870189,"event":{"mods":["AchievementEnabler","Act Like it!","Aspiration","BaseMod","Conspire","GifTheSpireLib","Halation","HexUI Lib","Hubris","Infinite Spire","Lobotomy","LobotomyExtend","Minty Spire (QoL Compilation)","Pale of the Ancients","Quick Restart","Rare Cards Sparkle","Replay The Spire","Shop Mod","StSLib","The Jungle"],"gold_per_floor":[133,191,243,255,6,63,100,100,100,135,147,147,181,215,215,215,215],"floor_reached":16,"playtime":897,"items_purged":[],"score":100,"play_id":"501a060e-0290-482e-93d3-fca69a1c8e6c","local_time":"20210105180949","is_ascension_mode":false,"campfire_choices":[{"data":"Evaluate","floor":8,"key":"SMITH"},{"floor":15,"key":"REST"}],"circlet_count":0,"master_deck":["Strike_P","Strike_P","Strike_P","Strike_P","Defend_P","Defend_P","Defend_P","Defend_P","Eruption","Vigilance","HandOfGreed","Perseverance","Crescendo","DeceiveReality","Evaluate+1","WindmillStrike","WindmillStrike","Prostrate"],"relics":["PureWater","LetterFromLob","MerchantsRug","Strange Spoon","aspiration:DSix"],"acts_visited":["Exordium"],"potions_floor_usage":[13,16],"damage_taken":[{"damage":20,"enemies":"Cultist","floor":1,"turns":4},{"damage":0,"enemies":"Small Slimes","floor":2,"turns":4},{"damage":5,"enemies":"2 Louse","floor":3,"turns":5},{"damage":13,"enemies":"Red Slaver","floor":4,"turns":3},{"damage":0,"enemies":"2 Fungi Beasts","floor":6,"turns":4},{"damage":7,"enemies":"Blue Slaver","floor":7,"turns":4},{"damage":3,"enemies":"Red Slaver","floor":10,"turns":3},{"damage":9,"enemies":"Large Slime","floor":11,"turns":3},{"damage":10,"enemies":"Exordium Thugs","floor":13,"turns":11},{"damage":0,"enemies":"2 Fungi Beasts","floor":14,"turns":5},{"damage":42,"enemies":"Hexaghost","floor":16,"turns":9}],"seed_played":"8135026874900657019","potions_obtained":[{"floor":2,"key":"DuplicationPotion"},{"floor":4,"key":"CultistPotion"},{"floor":6,"key":"Explosive Potion"},{"floor":10,"key":"LiquidBronze"},{"floor":11,"key":"EssenceOfSteel"}],"is_trial":false,"path_per_floor":["M","M","M","M","$","M","M","R","T","M","M","?","M","M","R","B"],"character_chosen":"WATCHER","items_purchased":["MerchantsRug","Strange Spoon"],"campfire_rested":1,"item_purchase_floors":[5,5],"current_hp_per_floor":[45,45,40,27,27,27,20,20,20,17,8,29,19,19,38,0,0],"gold":215,"neow_bonus":"RANDOM_COLORLESS_2","is_daily":false,"chose_seed":false,"campfire_upgraded":1,"win_rate":0.0,"timestamp":1609870189,"path_taken":["M","M","M","?","$","M","M","R","T","M","M","?","M","M","R","BOSS"],"items_purchased_type":["Relic","Relic"],"build_version":"2020-12-22","purchased_purges":0,"victory":false,"max_hp_per_floor":[65,65,65,65,65,65,65,65,65,65,65,65,65,65,65,65,65],"card_choices":[{"not_picked":["The Bomb","ReplayTheSpireMod:Brewmster"],"picked":"HandOfGreed","floor":0},{"not_picked":["CutThroughFate","Replay:BluntJabs"],"picked":"Perseverance","floor":1},{"not_picked":["JustLucky","CutThroughFate"],"picked":"Crescendo","floor":2},{"not_picked":["LikeWater","Replay:BluntJabs"],"picked":"DeceiveReality","floor":3},{"not_picked":["ReachHeaven","EmptyBody"],"picked":"Evaluate","floor":4},{"not_picked":["Consecrate","Weave"],"picked":"WindmillStrike","floor":6},{"not_picked":["InnerPeace","Replay:Battleflow"],"picked":"WindmillStrike","floor":7},{"not_picked":["Protect","EmptyBody","InnerPeace"],"picked":"SKIP","floor":10},{"not_picked":["CrushJoints","Worship","Replay:Anticipation"],"picked":"SKIP","floor":11},{"not_picked":["Halt","ThirdEye","Replay:ManipulateFuture"],"picked":"SKIP","floor":13},{"not_picked":["Halt","SashWhip"],"picked":"Prostrate","floor":14}],"player_experience":45701,"relics_obtained":[{"floor":1,"key":"LetterFromLob"},{"floor":9,"key":"aspiration:DSix"}],"event_choices":[{"damage_healed":21,"gold_gain":0,"player_choice":"Banana","damage_taken":0,"max_hp_gain":0,"max_hp_loss":0,"event_name":"Big Fish","floor":12,"gold_loss":0}],"is_beta":false,"boss_relics":[],"items_purged_floors":[],"is_endless":false,"potions_floor_spawned":[2,4,6,10,11],"killed_by":"Hexaghost","ascension_level":0}}