{"host":"yknvfbbdiwou5sqc","time":1609836826,"event":{"mods":["AchievementEnabler","BaseMod","Colored Map","Colored Powertips","DeckTracker","Minty Spire (QoL Compilation)","Relic Sorter","SuperFastMode"],"gold_per_floor":[116,116,132,144,144,69,69,82,82,82,97,107,132,32,32,132,132,151,151,151,151,162,162,162,176,228,243,243,254,270,270,270,368,368,386,397,179,179,179,179,179,179],"floor_reached":41,"playtime":2088,"items_purged":["Strike_P","Strike_P","Defend_P"],"score":393,"play_id":"a92d94ac-6870-4fd7-92c9-9e4d9b7dbb44","local_time":"20210105105346","is_ascension_mode":false,"campfire_choices":[{"data":"BattleHymn","floor":15.0,"key":"SMITH"},{"floor":23.0,"key":"REST"},{"floor":28.0,"key":"REST"},{"floor":32.0,"key":"REST"},{"floor":40.0,"key":"REST"}],"circlet_count":0,"master_deck":["Defend_P","Defend_P","Eruption","Vigilance","BattleHymn","BattleHymn+1","EmptyMind","DeusExMachina","ReachHeaven","Blasphemy","Alpha","Swivel+1","DevaForm","Deep Breath","Madness","Madness"],"relics":["PureWater"],"acts_visited":["TheBeyond"],"potions_floor_usage":[],"damage_taken":[{"damage":0.0,"enemies":"2 Louse","floor":1.0,"turns":3.0},{"damage":0.0,"enemies":"Cultist","floor":3.0,"turns":2.0},{"damage":0.0,"enemies":"Small Slimes","floor":4.0,"turns":3.0},{"damage":0.0,"enemies":"Exordium Thugs","floor":8.0,"turns":4.0},{"damage":4.0,"enemies":"Looter","floor":11.0,"turns":4.0},{"damage":1.0,"enemies":"2 Fungi Beasts","floor":12.0,"turns":3.0},{"damage":26.0,"enemies":"Lagavulin","floor":13.0,"turns":5.0},{"damage":20.0,"enemies":"Hexaghost","floor":16.0,"turns":7.0},{"damage":17.0,"enemies":"Shell Parasite","floor":18.0,"turns":3.0},{"damage":14.0,"enemies":"Spheric Guardian","floor":22.0,"turns":4.0},{"damage":12.0,"enemies":"Snake Plant","floor":25.0,"turns":3.0},{"damage":28.0,"enemies":"3 Cultists","floor":27.0,"turns":4.0},{"damage":10.0,"enemies":"Snecko","floor":29.0,"turns":3.0},{"damage":10.0,"enemies":"Chosen and Byrds","floor":30.0,"turns":3.0},{"damage":42.0,"enemies":"Automaton","floor":33.0,"turns":5.0},{"damage":32.0,"enemies":"Orb Walker","floor":35.0,"turns":4.0},{"damage":29.0,"enemies":"3 Darklings","floor":36.0,"turns":3.0},{"damage":41,"enemies":"4 Shapes","floor":41,"turns":4}],"seed_played":"-2276783697913759468","potions_obtained":[{"floor":1.0,"key":"PowerPotion"},{"floor":3.0,"key":"CultistPotion"},{"floor":13.0,"key":"BlessingOfTheForge"},{"floor":22.0,"key":"SteroidPotion"},{"floor":25.0,"key":"BlessingOfTheForge"},{"floor":30.0,"key":"FearPotion"},{"floor":33.0,"key":"SteroidPotion"}],"is_trial":false,"path_per_floor":["M","?","M","M","?","$","?","M","T","$","M","M","E","$","R","B",null,"M","?","?","?","M","R","?","M","T","M","R","M","M","?","R","B",null,"M","M","$","?","?","R","M"],"character_chosen":"WATCHER","items_purchased":["Deep Breath"],"campfire_rested":4,"item_purchase_floors":[37],"current_hp_per_floor":[79,79,79,79,72,72,72,72,72,72,68,67,41,41,41,21,79,62,62,62,47,33,58,58,46,46,18,43,33,23,23,48,6,84,52,23,23,23,12,37,0,0],"gold":179,"neow_bonus":"TEN_PERCENT_HP_BONUS","is_daily":false,"chose_seed":false,"campfire_upgraded":1,"win_rate":0.0,"timestamp":1609836826,"path_taken":["M","?","M","?","?","$","?","?","T","$","M","M","E","?","R","BOSS","M","?","?","?","M","R","?","M","T","M","R","M","?","?","R","BOSS","M","M","$","?","?","R","M"],"items_purchased_type":["Card"],"build_version":"2020-12-22","purchased_purges":3,"victory":false,"max_hp_per_floor":[79,79,79,79,79,79,79,79,79,79,79,79,79,79,79,79,79,79,79,79,84,84,84,84,84,84,84,84,84,84,84,84,84,84,84,84,84,84,84,84,84,84],"card_choices":[{"not_picked":["ThirdEye","Perseverance"],"picked":"BattleHymn","floor":1.0},{"not_picked":["Crescendo","EmptyBody","Wallop"],"picked":"SKIP","floor":3.0},{"not_picked":["SashWhip","FlyingSleeves","EmptyFist"],"picked":"SKIP","floor":4.0},{"not_picked":["FlyingSleeves","Protect","Consecrate"],"picked":"SKIP","floor":8.0},{"not_picked":["Evaluate","Sanctity"],"picked":"BattleHymn","floor":11.0},{"not_picked":["FearNoEvil","Consecrate","Perseverance"],"picked":"SKIP","floor":12.0},{"not_picked":["SashWhip","CutThroughFate"],"picked":"EmptyMind","floor":13.0},{"not_picked":["Wish","Blasphemy"],"picked":"DeusExMachina","floor":16.0},{"not_picked":["CutThroughFate+1","Indignation","Fasting2"],"picked":"SKIP","floor":18.0},{"not_picked":["FlurryOfBlows","FollowUp","JustLucky"],"picked":"SKIP","floor":22.0},{"not_picked":["JustLucky+1","Conclude"],"picked":"Alpha","floor":25.0},{"not_picked":["Evaluate+1","FlyingSleeves","SignatureMove+1"],"picked":"SKIP","floor":27.0},{"not_picked":["Indignation+1","Meditate"],"picked":"Swivel+1","floor":29.0},{"not_picked":["Halt","FollowUp+1","EmptyFist"],"picked":"SKIP","floor":30.0},{"not_picked":["ConjureBlade","LessonLearned"],"picked":"DevaForm","floor":33.0},{"not_picked":["Crescendo+1","ClearTheMind+1","Sanctity"],"picked":"SKIP","floor":35.0},{"not_picked":["CutThroughFate+1","Study","ThirdEye"],"picked":"SKIP","floor":36.0}],"player_experience":150650,"relics_obtained":[],"event_choices":[{"damage_healed":0.0,"max_hp_gain":0.0,"max_hp_loss":0.0,"gold_gain":0.0,"event_name":"WeMeetAgain","player_choice":"Ignored","floor":2.0,"gold_loss":0.0,"damage_taken":0.0},{"cards_removed":["Strike_P"],"damage_healed":0.0,"max_hp_gain":0.0,"max_hp_loss":0.0,"gold_gain":0.0,"event_name":"Golden Wing","player_choice":"Card Removal","floor":5.0,"gold_loss":0.0,"damage_taken":7.0},{"damage_healed":0.0,"max_hp_gain":0.0,"max_hp_loss":0.0,"gold_gain":0.0,"event_name":"NoteForYourself","player_choice":"Ignored","floor":7.0,"gold_loss":0.0,"damage_taken":0.0},{"damage_healed":0.0,"max_hp_gain":0.0,"max_hp_loss":0.0,"gold_gain":0.0,"event_name":"The Mausoleum","player_choice":"Ignored","floor":20.0,"gold_loss":0.0,"damage_taken":0.0},{"damage_healed":0.0,"max_hp_gain":5.0,"max_hp_loss":0.0,"gold_gain":0.0,"event_name":"Forgotten Altar","player_choice":"Shed Blood","floor":21.0,"gold_loss":0.0,"damage_taken":20.0},{"damage_healed":0.0,"max_hp_gain":0.0,"max_hp_loss":0.0,"gold_gain":0.0,"cards_transformed":["Strike_P","Defend_P"],"event_name":"Drug Dealer","player_choice":"Became Test Subject","floor":24.0,"gold_loss":0.0,"damage_taken":0.0,"cards_obtained":["ReachHeaven","Blasphemy"]},{"damage_healed":0.0,"max_hp_gain":0.0,"max_hp_loss":0.0,"gold_gain":0.0,"event_name":"Cursed Tome","player_choice":"Ignored","floor":31.0,"gold_loss":0.0,"damage_taken":0.0},{"damage_healed":0.0,"max_hp_gain":0.0,"max_hp_loss":0.0,"gold_gain":0.0,"event_name":"Mysterious Sphere","player_choice":"Ignored","floor":38.0,"gold_loss":0.0,"damage_taken":0.0},{"damage_healed":0.0,"max_hp_gain":0.0,"max_hp_loss":0.0,"gold_gain":0.0,"event_name":"Winding Halls","player_choice":"Embrace Madness","floor":39.0,"gold_loss":0.0,"damage_taken":11.0,"cards_obtained":["Madness","Madness"]}],"is_beta":false,"boss_relics":[{"not_picked":["Tiny House","Fusion Hammer","SacredBark"]},{"not_picked":["Black Star","Velvet Choker","Philosopher\u0027s Stone"]}],"items_purged_floors":[6,14,37],"is_endless":false,"potions_floor_spawned":[1,3,13,22,25,30,33],"killed_by":"4 Shapes","ascension_level":0}}