{"host":"6qo42zgaknezulyg","time":1609837037,"event":{"mods":["2.2 Compatiblity","BaseMod","Colored Map","Downfall","Keyboard Shortcuts","Minty Spire (QoL Compilation)","Permanent Neow","Quick Restart","StSLib","SuperFastMode"],"gold_per_floor":[99,115,134,199,219,219,219,248,260,291,291,321,321,321,337,440,440,440,457,457,95,195,195,195,214,231,243,243,271,271,271,288,388,388,388,388,408,458,458,358,383,383,399,417,442,461,461,473,491,491],"floor_reached":51,"playtime":2451,"items_purged":["bronze:Strike"],"score":905,"play_id":"94eab8b7-f0d6-44e7-b1ea-74a78a9c8dfd","local_time":"20210105175717","is_ascension_mode":true,"campfire_choices":[{"data":"bronze:Replicate","floor":1.0,"key":"SMITH"},{"floor":6.0,"key":"REST"},{"floor":11.0,"key":"REST"},{"data":"bronze:DelayedSlice","floor":18.0,"key":"SMITH"},{"floor":23.0,"key":"REST"},{"data":"bronze:ForLoop","floor":30.0,"key":"SMITH"},{"floor":35.0,"key":"RECALL"},{"data":"bronze:Branch","floor":40.0,"key":"SMITH"},{"data":"bronze:Iterate","floor":47,"key":"SMITH"}],"circlet_count":0,"master_deck":["bronze:Defend","bronze:Defend","bronze:Defend","bronze:Defend","bronze:Replicate+1","bronze:ForLoop+1","bronze:ChosenStrike","bronze:DelayedSlice+1","bronze:Branch+1","bronze:DigitalCarnage+1","bronze:Optimize+1","bronze:BronzeOrb+1","bronze:ForceShield+1","bronze:HardenedForm+1","bronze:Format+1","bronze:DelayedGuard+1","Necronomicurse","bronze:BronzeArmor+1","bronze:ChildClass+1","bronze:Repulsor+1","bronze:Frontload+1","bronze:Boost+1","bronze:Iterate+1","bronze:Boost+1","bronze:ChildClass+1","bronze:Format+1","bronze:ChildClass+1","bronze:Flail+1","bronze:Format+1","bronze:MaxOutput+1","bronze:Shell+1"],"relics":["bronze:BronzeCore","Regal Pillow","Frozen Egg 2","Dream Catcher","Toxic Egg 2","Bird Faced Urn","sneckomod:SneckoTalon","Necronomicon","HandDrill","Unceasing Top","Bottled Lightning","HornCleat","Whetstone","Philosopher\u0027s Stone","Gambling Chip","downfall:HeartBlessingRed","Guardian:PocketSentry","Centennial Puzzle"],"acts_visited":["Exordium","TheCity","TheBeyond"],"potions_floor_usage":[50,50,50],"damage_taken":[{"damage":2.0,"enemies":"Jaw Worm","floor":2.0,"turns":4.0},{"damage":6.0,"enemies":"2 Louse","floor":3.0,"turns":3.0},{"damage":15.0,"enemies":"3 Sentries","floor":4.0,"turns":5.0},{"damage":0.0,"enemies":"Small Slimes","floor":5.0,"turns":2.0},{"damage":17.0,"enemies":"3 Sentries","floor":8.0,"turns":8.0},{"damage":11.0,"enemies":"3 Louse","floor":9.0,"turns":2.0},{"damage":20.0,"enemies":"Lagavulin","floor":10.0,"turns":4.0},{"damage":4.0,"enemies":"3 Sentries","floor":12.0,"turns":2.0},{"damage":0.0,"enemies":"2 Fungi Beasts","floor":15.0,"turns":3.0},{"damage":55.0,"enemies":"downfall:Defect","floor":16.0,"turns":9.0},{"damage":0.0,"enemies":"Spheric Guardian","floor":19.0,"turns":2.0},{"damage":0.0,"enemies":"downfall:FleeingMerchant","floor":21.0,"turns":4.0},{"damage":8.0,"enemies":"Colosseum Nobs","floor":22.0,"turns":4.0},{"damage":9.0,"enemies":"Snake Plant","floor":25.0,"turns":4.0},{"damage":0.0,"enemies":"Centurion and Healer","floor":26.0,"turns":3.0},{"damage":0.0,"enemies":"Snecko","floor":27.0,"turns":4.0},{"damage":0.0,"enemies":"Book of Stabbing","floor":29.0,"turns":4.0},{"damage":0.0,"enemies":"3 Cultists","floor":32.0,"turns":3.0},{"damage":41.0,"enemies":"downfall:Ironclad","floor":33.0,"turns":7.0},{"damage":0.0,"enemies":"3 Shapes","floor":37.0,"turns":3.0},{"damage":0.0,"enemies":"3 Shapes","floor":38.0,"turns":4.0},{"damage":0.0,"enemies":"3 Darklings","floor":43.0,"turns":4.0},{"damage":0,"enemies":"Jaw Worm Horde","floor":44,"turns":2},{"damage":1,"enemies":"Nemesis","floor":45,"turns":3},{"damage":0,"enemies":"Sphere and 2 Shapes","floor":46,"turns":3},{"damage":4,"enemies":"4 Shapes","floor":48,"turns":6},{"damage":0,"enemies":"Jaw Worm Horde","floor":49,"turns":3},{"damage":30,"enemies":"downfall:Watcher","floor":50,"turns":5}],"seed_played":"-2102244092045581674","potions_obtained":[{"floor":4.0,"key":"DistilledChaos"},{"floor":5.0,"key":"Weak Potion"},{"floor":9.0,"key":"Energy Potion"},{"floor":12.0,"key":"SpeedPotion"},{"floor":16.0,"key":"SkillPotion"},{"floor":19.0,"key":"SteroidPotion"},{"floor":26.0,"key":"GamblersBrew"},{"floor":27.0,"key":"Block Potion"},{"floor":33.0,"key":"Fruit Juice"},{"floor":37.0,"key":"Regen Potion"},{"floor":49,"key":"PowerPotion"}],"is_trial":false,"path_per_floor":["R","M","M","?","M","R","T","E","M","E","R","E","?","?","M","B",null,"R","M","?","$","?","R","T","M","M","M","?","E","R","?","M","B",null,"R","?","M","?","?","R","T","?","M","M","E","M","R","M","M","B",null],"character_chosen":"THE_AUTOMATON","items_purchased":["HandDrill","bronze:ChildClass+1","bronze:Repulsor+1"],"campfire_rested":3,"item_purchase_floors":[21,21,21],"current_hp_per_floor":[70,68,62,47,47,70,70,53,42,22,58,54,54,54,56,3,70,70,70,54,56,50,70,70,63,65,70,57,63,63,63,67,37,80,80,80,80,80,90,90,90,90,90,90,89,90,90,88,90,67],"gold":491,"neow_bonus":"TRANSFORM_CARD","is_daily":false,"chose_seed":false,"campfire_upgraded":5,"win_rate":0.0,"timestamp":1609837037,"path_taken":["R","M","M","?","M","R","T","E","M","E","R","E","?","?","M","BOSS","R","M","?","$","?","R","T","M","M","M","?","E","R","?","M","BOSS","R","?","?","?","?","R","T","?","?","M","E","M","R","M","M","BOSS"],"items_purchased_type":["Relic","Card","Card"],"build_version":"2020-12-22","purchased_purges":1,"victory":true,"max_hp_per_floor":[70,70,70,70,70,70,70,70,70,70,70,70,70,70,70,70,70,70,70,70,70,70,70,70,70,70,70,75,75,75,75,75,80,80,80,80,80,80,90,90,90,90,90,90,90,90,90,90,90,90],"card_choices":[{"not_picked":["bronze:Invalidate","bronze:WhirlingStrike"],"picked":"bronze:ChosenStrike","floor":2.0},{"not_picked":["bronze:DarkDash","bronze:BugBarrage"],"picked":"bronze:DelayedSlice","floor":3.0},{"not_picked":["bronze:DelayedSlice","bronze:BuggyMess"],"picked":"bronze:FindAndReplace","floor":4.0},{"not_picked":["bronze:Iterate","bronze:Terminator"],"picked":"bronze:Branch","floor":5.0},{"not_picked":["bronze:Shield","bronze:MaxOutput+1"],"picked":"bronze:DigitalCarnage","floor":8.0},{"not_picked":["bronze:BitShift","bronze:CutThrough","bronze:Constructor"],"picked":"SKIP","floor":9.0},{"not_picked":["bronze:WhirlingStrike","bronze:Backtrace"],"picked":"bronze:Optimize+1","floor":10.0},{"not_picked":["bronze:WhirlingStrike","bronze:Backtrace"],"picked":"bronze:BronzeOrb","floor":11.0},{"not_picked":["bronze:DelayedSlice","bronze:BitShift+1"],"picked":"bronze:ForceShield+1","floor":12.0},{"not_picked":["bronze:InfiniteBeams+1","bronze:Overheat"],"picked":"bronze:HardenedForm+1","floor":15.0},{"not_picked":["bronze:FindAndReplace+1","bronze:SpaghettiCode+1"],"picked":"bronze:Format+1","floor":16.0},{"not_picked":["bronze:FineTuning+1","bronze:CutThrough"],"picked":"bronze:DelayedGuard+1","floor":19.0},{"not_picked":["bronze:WhirlingStrike","bronze:Shield+1"],"picked":"bronze:BronzeArmor+1","floor":21.0},{"not_picked":["bronze:BitShift+1","bronze:Constructor+1"],"picked":"bronze:Frontload+1","floor":22.0},{"not_picked":["bronze:ForceShield+1","bronze:BuggyMess+1"],"picked":"bronze:Boost+1","floor":25.0},{"not_picked":["bronze:CutThrough","bronze:InfiniteBeams+1","bronze:Boost+1"],"picked":"SKIP","floor":26.0},{"not_picked":["bronze:Philosophize+1","bronze:WildBeam+1","bronze:Iterate"],"picked":"SKIP","floor":27.0},{"not_picked":["bronze:CloningBeam","bronze:BitShift+1","bronze:SearingBeam"],"picked":"SKIP","floor":29.0},{"not_picked":["bronze:Invalidate+1","bronze:Deprecate+1"],"picked":"bronze:ChildClass+1","floor":32.0},{"not_picked":["bronze:Verify+1","bronze:ThunderWave"],"picked":"bronze:Format+1","floor":33.0},{"not_picked":["bronze:Invalidate+1","bronze:WildBeam"],"picked":"bronze:ChildClass+1","floor":37.0},{"not_picked":["bronze:Branch+1","bronze:WhirlingStrike+1"],"picked":"bronze:Flail+1","floor":38.0},{"not_picked":["bronze:Deprecate+1","bronze:Optimize+1"],"picked":"bronze:MaxOutput+1","floor":43.0},{"not_picked":["bronze:CloningBeam+1","bronze:Terminator+1","bronze:Shield+1"],"picked":"SKIP","floor":44},{"not_picked":["bronze:BronzeOrb+1","bronze:Terminator+1"],"picked":"bronze:Shell+1","floor":45},{"not_picked":["bronze:WhirlingStrike","bronze:HyperBeam","bronze:Invalidate+1"],"picked":"SKIP","floor":46},{"not_picked":["bronze:BronzeArmor+1","bronze:Deprecate+1","bronze:Branch"],"picked":"SKIP","floor":48},{"not_picked":["bronze:Frontload+1","bronze:Repulsor+1","bronze:CutThrough+1"],"picked":"SKIP","floor":49}],"player_experience":1100589,"relics_obtained":[{"floor":7.0,"key":"Frozen Egg 2"},{"floor":8.0,"key":"Dream Catcher"},{"floor":10.0,"key":"Toxic Egg 2"},{"floor":12.0,"key":"Bird Faced Urn"},{"floor":20.0,"key":"Necronomicon"},{"floor":22.0,"key":"Unceasing Top"},{"floor":22.0,"key":"Bottled Lightning"},{"floor":24.0,"key":"HornCleat"},{"floor":29.0,"key":"Whetstone"},{"floor":38.0,"key":"Gambling Chip"},{"floor":41.0,"key":"Guardian:PocketSentry"},{"floor":45,"key":"Centennial Puzzle"}],"event_choices":[{"damage_healed":0.0,"max_hp_gain":0.0,"max_hp_loss":0.0,"gold_gain":0.0,"cards_transformed":["bronze:Strike","bronze:Strike"],"event_name":"Drug Dealer","player_choice":"Became Test Subject","floor":31.0,"gold_loss":0.0,"damage_taken":0.0,"cards_obtained":["bronze:Iterate","bronze:Boost"]},{"cards_removed":["bronze:Goto"],"damage_healed":0.0,"max_hp_gain":0.0,"max_hp_loss":0.0,"gold_gain":0.0,"event_name":"Bonfire Elementals","player_choice":"Offered Basic","floor":36.0,"gold_loss":0.0,"damage_taken":0.0}],"is_beta":false,"boss_relics":[{"not_picked":["Snecko Eye","SlaversCollar"],"picked":"sneckomod:SneckoTalon"},{"not_picked":["Pandora\u0027s Box","Astrolabe"],"picked":"Philosopher\u0027s Stone"}],"items_purged_floors":[21],"is_endless":false,"potions_floor_spawned":[4,5,9,12,16,19,26,27,33,37,38,49],"ascension_level":4}}