{"host":"za51qju8r56bcr85","time":1609840115,"event":{"mods":["Act Like it!","BaseMod","Block Reminder","Googly Eyes","Minty Spire (QoL Compilation)","Quick Restart","Relic Sorter","Relic Stats","Shop Mod","StSLib","SuperFastMode"],"gold_per_floor":[114,114,128,145,158,158,83,83,83,83,107,125,153,172,172,243,243,255,266,277,277,84,84,104,137,149,195,207,235,295,336,348,437,449,474,486,513,537,549,591,603,641,653,665,703,460,460,480,480,480,480,480,480,96,128,128],"floor_reached":57,"playtime":1929,"items_purged":["Strike_G","Defend_G","Defend_G"],"score":3275,"play_id":"4ce85f4a-eb2c-4f3c-b948-c9692a6c6289","local_time":"20210105174835","is_ascension_mode":true,"campfire_choices":[{"data":"Well Laid Plans","floor":6.0,"key":"SMITH"},{"data":"Neutralize","floor":8.0,"key":"SMITH"},{"data":"Acrobatics","floor":10.0,"key":"SMITH"},{"data":"Blade Dance","floor":15.0,"key":"SMITH"},{"data":"Outmaneuver","floor":23.0,"key":"SMITH"},{"data":"Phantasmal Killer","floor":32.0,"key":"SMITH"},{"data":"Tactician","floor":47.0,"key":"SMITH"},{"floor":49.0,"key":"RECALL"},{"data":"Footwork","floor":53.0,"key":"SMITH"}],"circlet_count":0,"master_deck":["AscendersBane","Defend_G","Survivor","Neutralize+1","Well Laid Plans+1","Acrobatics+1","Blade Dance+1","Burst+1","Prepared+1","Accuracy+1","Expertise+1","Escape Plan","Phantasmal Killer+1","Terror","Outmaneuver+1","Acrobatics","Eviscerate","Blade Dance+1","Tactician+1","Footwork+1","Escape Plan+1","Purity","Adrenaline"],"relics":["NeowsBlessing","Ring of the Serpent","Frozen Eye","FossilizedHelix","Tiny Chest","Mango","Astrolabe","Medical Kit","MawBank","Orichalcum","Bronze Scales","Matryoshka","Sozu","Nunchaku","Pantograph","StrikeDummy","Potion Belt","Mercury Hourglass","Lantern","Sundial","Singing Bowl","TungstenRod"],"acts_visited":["Exordium","TheCity","TheBeyond","TheEnding"],"potions_floor_usage":[56,56],"damage_taken":[{"damage":0.0,"enemies":"2 Louse","floor":1.0,"turns":1.0},{"damage":0.0,"enemies":"Cultist","floor":3.0,"turns":1.0},{"damage":0.0,"enemies":"Small Slimes","floor":4.0,"turns":1.0},{"damage":7.0,"enemies":"2 Fungi Beasts","floor":5.0,"turns":5.0},{"damage":2.0,"enemies":"Red Slaver","floor":12.0,"turns":6.0},{"damage":2.0,"enemies":"Gremlin Nob","floor":13.0,"turns":5.0},{"damage":8.0,"enemies":"3 Louse","floor":14.0,"turns":4.0},{"damage":0.0,"enemies":"The Guardian","floor":16.0,"turns":1.0},{"damage":6.0,"enemies":"Chosen","floor":18.0,"turns":5.0},{"damage":0.0,"enemies":"3 Byrds","floor":19.0,"turns":7.0},{"damage":5.0,"enemies":"Snecko","floor":20.0,"turns":4.0},{"damage":5.0,"enemies":"Chosen and Byrds","floor":24.0,"turns":5.0},{"damage":10.0,"enemies":"Slavers","floor":25.0,"turns":4.0},{"damage":9.0,"enemies":"Book of Stabbing","floor":27.0,"turns":4.0},{"damage":11.0,"enemies":"Sentry and Sphere","floor":29.0,"turns":4.0},{"damage":0.0,"enemies":"Slavers","floor":31.0,"turns":1.0},{"damage":13.0,"enemies":"Automaton","floor":33.0,"turns":5.0},{"damage":0.0,"enemies":"Orb Walker","floor":35.0,"turns":2.0},{"damage":0.0,"enemies":"3 Darklings","floor":37.0,"turns":1.0},{"damage":0.0,"enemies":"4 Shapes","floor":38.0,"turns":1.0},{"damage":0.0,"enemies":"Giant Head","floor":40.0,"turns":3.0},{"damage":17.0,"enemies":"Reptomancer","floor":42.0,"turns":3.0},{"damage":0.0,"enemies":"Giant Head","floor":45.0,"turns":2.0},{"damage":0.0,"enemies":"Jaw Worm Horde","floor":48.0,"turns":1.0},{"damage":0.0,"enemies":"Awakened One","floor":50.0,"turns":3.0},{"damage":28.0,"enemies":"Time Eater","floor":51.0,"turns":5.0},{"damage":0,"enemies":"Shield and Spear","floor":55,"turns":2},{"damage":84,"enemies":"The Heart","floor":56,"turns":6}],"seed_played":"8471258980462608638","potions_obtained":[{"floor":3.0,"key":"PowerPotion"},{"floor":13.0,"key":"Fire Potion"},{"floor":14.0,"key":"DistilledChaos"},{"floor":20.0,"key":"SkillPotion"},{"floor":24.0,"key":"GhostInAJar"},{"floor":25.0,"key":"Weak Potion"},{"floor":33.0,"key":"FearPotion"}],"is_trial":false,"path_per_floor":["M","?","M","M","M","R","$","R","T","R","T","M","E","M","R","B",null,"M","M","M","?","$","R","M","E","T","E","?","M","T","E","R","B",null,"M","?","M","M","T","E","?","E","T","T","E","$","R","M","R","B","B",null,"R","$","E","B",null],"character_chosen":"THE_SILENT","items_purchased":["Medical Kit","Outmaneuver","Tactician","Footwork","Purity","Adrenaline"],"campfire_rested":0,"item_purchase_floors":[22,22,46,46,54,54],"current_hp_per_floor":[59,59,59,59,52,52,52,52,52,52,52,50,62,54,54,54,74,68,68,63,63,63,63,58,48,48,39,90,79,79,79,79,66,84,84,84,84,84,84,84,84,67,67,67,69,69,69,69,69,92,64,85,85,85,87,10],"gold":128,"neow_bonus":"THREE_ENEMY_KILL","is_daily":false,"chose_seed":false,"campfire_upgraded":8,"win_rate":0.0,"timestamp":1609840115,"path_taken":["M","?","M","?","M","R","$","R","T","R","?","M","E","M","R","BOSS","M","M","M","?","$","R","M","E","T","E","?","?","?","E","R","BOSS","M","?","M","M","?","E","?","E","T","?","E","$","R","?","R","BOSS","BOSS","R","$","E","BOSS"],"items_purchased_type":["Relic","Card","Card","Card","Card","Card"],"build_version":"2020-12-22","purchased_purges":3,"victory":true,"max_hp_per_floor":[66,66,66,66,66,66,66,66,66,66,66,66,80,80,80,80,80,80,80,80,80,80,80,80,80,80,80,90,90,90,90,90,90,90,90,90,90,90,90,90,90,90,90,90,92,92,92,92,92,92,92,92,92,92,94,94],"relic_stats":{"Singing Bowl":4,"counters":[28,92],"Astrolabe":["Burst","Prepared","Accuracy"],"Orichalcum":[60],"Medical Kit":[21],"MawBank":252,"Mercury Hourglass":[66],"Sozu":3,"Nunchaku":[13],"Sundial":[20],"Bronze Scales":[150],"Pantograph":30,"Tiny Chest":2,"obtain_stats":[{"Potion Belt":42,"Lantern":43,"NeowsBlessing":0,"Singing Bowl":45,"Astrolabe":17,"Mango":13,"Orichalcum":27,"Medical Kit":22,"MawBank":25,"Mercury Hourglass":43,"Sozu":34,"Frozen Eye":0,"Nunchaku":39,"Matryoshka":31,"Sundial":44,"Bronze Scales":30,"Pantograph":39,"Tiny Chest":11,"StrikeDummy":40,"Ring of the Serpent":0,"FossilizedHelix":9,"TungstenRod":55,"Ring of the Snake":0},{"Potion Belt":22,"Lantern":22,"NeowsBlessing":0,"Singing Bowl":23,"Astrolabe":8,"Mango":6,"Orichalcum":14,"Medical Kit":11,"MawBank":13,"Mercury Hourglass":22,"Sozu":17,"Frozen Eye":0,"Nunchaku":20,"Matryoshka":16,"Sundial":22,"Bronze Scales":15,"Pantograph":20,"Tiny Chest":4,"StrikeDummy":21,"Ring of the Serpent":0,"FossilizedHelix":4,"TungstenRod":27,"Ring of the Snake":0},{"Potion Belt":73,"Lantern":73,"NeowsBlessing":0,"Singing Bowl":75,"Astrolabe":24,"Mango":19,"Orichalcum":53,"Medical Kit":40,"MawBank":49,"Mercury Hourglass":73,"Sozu":63,"Frozen Eye":0,"Nunchaku":67,"Matryoshka":58,"Sundial":73,"Bronze Scales":57,"Pantograph":67,"Tiny Chest":8,"StrikeDummy":70,"Ring of the Serpent":0,"FossilizedHelix":8,"TungstenRod":86,"Ring of the Snake":0}],"TungstenRod":48},"card_choices":[{"not_picked":["Flying Knee","Slice","PiercingWail"],"picked":"SKIP","floor":1.0},{"not_picked":["Deflect","Bouncing Flask","Bane"],"picked":"SKIP","floor":3.0},{"not_picked":["Deadly Poison","Escape Plan"],"picked":"Well Laid Plans","floor":4.0},{"not_picked":["Deadly Poison","Dodge and Roll"],"picked":"Acrobatics","floor":5.0},{"not_picked":["Backflip","Distraction"],"picked":"Blade Dance","floor":12.0},{"not_picked":["Dagger Spray","Dagger Throw","Dodge and Roll"],"picked":"SKIP","floor":13.0},{"not_picked":["PiercingWail","Prepared","Acrobatics"],"picked":"SKIP","floor":14.0},{"not_picked":["Night Terror","Bullet Time"],"picked":"A Thousand Cuts","floor":16.0},{"not_picked":["Predator","Cloak And Dagger"],"picked":"Expertise+1","floor":18.0},{"not_picked":["Dagger Throw+1","Catalyst"],"picked":"Escape Plan","floor":19.0},{"not_picked":["Sucker Punch","Masterful Stab","Dagger Throw"],"picked":"SKIP","floor":20.0},{"not_picked":["Underhanded Strike","Slice+1"],"picked":"Acrobatics","floor":24.0},{"not_picked":["Acrobatics","Sucker Punch"],"picked":"Eviscerate","floor":25.0},{"not_picked":["Outmaneuver","Bane","Grand Finale"],"picked":"SKIP","floor":27.0},{"not_picked":["Finisher","Underhanded Strike","Slice"],"picked":"SKIP","floor":29.0},{"not_picked":["Dagger Throw","Acrobatics","Quick Slash"],"picked":"SKIP","floor":31.0},{"not_picked":["Sucker Punch","Quick Slash","Accuracy"],"picked":"SKIP","floor":35.0},{"not_picked":["Slice+1","Poisoned Stab+1","Outmaneuver"],"picked":"SKIP","floor":37.0},{"not_picked":["PiercingWail+1","Backflip","Well Laid Plans"],"picked":"SKIP","floor":38.0},{"not_picked":["Heel Hook","Flechettes","Choke"],"picked":"SKIP","floor":40.0},{"not_picked":["PiercingWail","Outmaneuver"],"picked":"Blade Dance+1","floor":42.0},{"not_picked":["Catalyst+1","Blur+1","Caltrops"],"picked":"Singing Bowl","floor":45.0},{"not_picked":["Backstab","Distraction"],"picked":"Escape Plan+1","floor":48.0},{"not_picked":["Grand Finale","Dagger Spray","Poisoned Stab+1"],"picked":"Singing Bowl","floor":55}],"player_experience":1337255,"relics_obtained":[{"floor":9.0,"key":"FossilizedHelix"},{"floor":11.0,"key":"Tiny Chest"},{"floor":13.0,"key":"Mango"},{"floor":25.0,"key":"MawBank"},{"floor":27.0,"key":"Orichalcum"},{"floor":30.0,"key":"Bronze Scales"},{"floor":31.0,"key":"Matryoshka"},{"floor":39.0,"key":"Nunchaku"},{"floor":39.0,"key":"Pantograph"},{"floor":40.0,"key":"StrikeDummy"},{"floor":42.0,"key":"Potion Belt"},{"floor":43.0,"key":"Mercury Hourglass"},{"floor":43.0,"key":"Lantern"},{"floor":44.0,"key":"Sundial"},{"floor":45.0,"key":"Singing Bowl"},{"floor":55,"key":"TungstenRod"}],"event_choices":[{"damage_healed":0.0,"max_hp_gain":0.0,"max_hp_loss":0.0,"gold_gain":0.0,"event_name":"Match and Keep!","player_choice":"0 cards matched","floor":2.0,"gold_loss":0.0,"damage_taken":0.0,"cards_obtained":[]},{"damage_healed":0.0,"max_hp_gain":0.0,"max_hp_loss":0.0,"gold_gain":0.0,"cards_transformed":["Strike_G","Defend_G"],"event_name":"Drug Dealer","player_choice":"Became Test Subject","floor":21.0,"gold_loss":0.0,"damage_taken":0.0,"cards_obtained":["Phantasmal Killer","Terror"]},{"cards_removed":["A Thousand Cuts"],"damage_healed":41.0,"max_hp_gain":10.0,"max_hp_loss":0.0,"gold_gain":0.0,"event_name":"Bonfire Elementals","player_choice":"Offered Rare","floor":28.0,"gold_loss":0.0,"damage_taken":0.0},{"damage_healed":0.0,"max_hp_gain":0.0,"max_hp_loss":0.0,"gold_gain":0.0,"event_name":"Tomb of Lord Red Mask","player_choice":"Ignored","floor":36.0,"gold_loss":0.0,"damage_taken":0.0},{"cards_removed":["Defend_G"],"damage_healed":0.0,"max_hp_gain":0.0,"max_hp_loss":0.0,"gold_gain":0.0,"event_name":"Falling","player_choice":"Removed Skill","floor":41.0,"gold_loss":0.0,"damage_taken":0.0}],"is_beta":false,"boss_relics":[{"not_picked":["SacredBark","Runic Pyramid"],"picked":"Astrolabe"},{"not_picked":["Pandora\u0027s Box","Snecko Eye"],"picked":"Sozu"}],"items_purged_floors":[7,46,54],"is_endless":false,"potions_floor_spawned":[3,13,14,20,24,25,33,38,42,45,55],"ascension_level":20}}