{"host":"mc4amcm0108w7k6t","time":1609887578,"event":{"mods":["BaseMod","Hermit","Minty Spire (QoL Compilation)","StSLib"],"gold_per_floor":[114,189,209,174,185,213,213,244,244,244,244,25,40,57,57,57,57],"floor_reached":16,"playtime":853,"items_purged":["hermit:Strike_Hermit"],"score":110,"play_id":"93d73561-11fe-48b2-9d3b-85d6b0d35d3d","local_time":"20210105175938","is_ascension_mode":false,"campfire_choices":[{"data":"hermit:Snapshot","floor":7.0,"key":"SMITH"},{"floor":11.0,"key":"REST"},{"data":"Echo Form","floor":15.0,"key":"SMITH"}],"circlet_count":0,"master_deck":["hermit:Strike_Hermit","hermit:Strike_Hermit","hermit:Strike_Hermit","hermit:Defend_Hermit","hermit:Defend_Hermit","hermit:Defend_Hermit","hermit:Defend_Hermit","hermit:Snapshot+1","hermit:Covet","hermit:TakeAim","hermit:GoldenBullet","hermit:TrackingShot","hermit:ItchyTrigger","hermit:Desperado","Echo Form+1","hermit:CalledShot"],"relics":["hermit:Momento","HornCleat","Matryoshka","MealTicket","White Beast Statue","PrismaticShard"],"acts_visited":["Exordium"],"potions_floor_usage":[],"damage_taken":[{"damage":0.0,"enemies":"Small Slimes","floor":1.0,"turns":4.0},{"damage":6.0,"enemies":"Jaw Worm","floor":3.0,"turns":4.0},{"damage":4.0,"enemies":"Cultist","floor":5.0,"turns":4.0},{"damage":49.0,"enemies":"Gremlin Nob","floor":6.0,"turns":6.0},{"damage":8.0,"enemies":"3 Sentries","floor":8.0,"turns":5.0},{"damage":2.0,"enemies":"Blue Slaver","floor":13.0,"turns":3.0},{"damage":2.0,"enemies":"2 Fungi Beasts","floor":14.0,"turns":2.0},{"damage":35,"enemies":"The Guardian","floor":16,"turns":10}],"seed_played":"6630024014465437834","potions_obtained":[{"floor":1.0,"key":"ColorlessPotion"},{"floor":3.0,"key":"Block Potion"},{"floor":8.0,"key":"Explosive Potion"},{"floor":13.0,"key":"Fire Potion"},{"floor":14.0,"key":"SteroidPotion"}],"is_trial":false,"path_per_floor":["M","?","M","?","M","E","R","E","T","?","R","$","M","M","R","B"],"character_chosen":"HERMIT","items_purchased":["PrismaticShard"],"campfire_rested":1,"item_purchase_floors":[12],"current_hp_per_floor":[68,68,62,84,80,31,31,23,23,23,49,64,62,60,60,25,25],"gold":57,"neow_bonus":"TWENTY_PERCENT_HP_BONUS","is_daily":false,"chose_seed":false,"campfire_upgraded":2,"win_rate":0.0,"timestamp":1609887578,"path_taken":["M","?","M","?","M","E","R","E","T","?","R","$","M","M","R","BOSS"],"items_purchased_type":["Relic"],"build_version":"2020-12-22","purchased_purges":1,"victory":false,"max_hp_per_floor":[89,89,89,89,89,89,89,89,89,89,89,89,89,89,89,89,89],"card_choices":[{"not_picked":["hermit:Coalescence","hermit:DeadMansHand"],"picked":"hermit:TakeAim","floor":1.0},{"not_picked":["hermit:WideOpen","hermit:Coalescence"],"picked":"hermit:GoldenBullet","floor":3.0},{"not_picked":["hermit:Shortfuse","hermit:Misfire"],"picked":"hermit:TrackingShot","floor":5.0},{"not_picked":["hermit:Horror","hermit:GhostlyPresence"],"picked":"hermit:ItchyTrigger","floor":6.0},{"not_picked":["hermit:BodyArmor","hermit:Glare"],"picked":"hermit:Desperado","floor":8.0},{"not_picked":["Distraction","Bane"],"picked":"Echo Form","floor":13.0},{"not_picked":["Well Laid Plans","Calculated Gamble"],"picked":"hermit:CalledShot","floor":14.0}],"player_experience":349832,"relics_obtained":[{"floor":6.0,"key":"HornCleat"},{"floor":8.0,"key":"Matryoshka"},{"floor":9.0,"key":"MealTicket"},{"floor":9.0,"key":"White Beast Statue"}],"event_choices":[{"damage_healed":0.0,"max_hp_gain":0.0,"max_hp_loss":0.0,"gold_gain":75.0,"event_name":"Golden Wing","player_choice":"Gained Gold","floor":2.0,"gold_loss":0.0,"damage_taken":0.0},{"damage_healed":22.0,"max_hp_gain":0.0,"max_hp_loss":0.0,"gold_gain":0.0,"event_name":"The Cleric","player_choice":"Healed","floor":4.0,"gold_loss":35.0,"damage_taken":0.0},{"damage_healed":0.0,"max_hp_gain":0.0,"max_hp_loss":0.0,"gold_gain":0.0,"event_name":"NoteForYourself","player_choice":"Ignored","floor":10.0,"gold_loss":0.0,"damage_taken":0.0}],"is_beta":false,"boss_relics":[],"items_purged_floors":[12],"is_endless":false,"potions_floor_spawned":[1,3,8,13,14],"killed_by":"The Guardian","ascension_level":0}}