{"host":"x52zk6e1f2bye2h7","time":1609849318,"event":{"mods":["AchievementEnabler","BaseMod","Highlight Path","Minty Spire (QoL Compilation)","everything is the same but u backflip on backflip"],"gold_per_floor":[114,114,133,152,152,190,29,67,67,67,86,130,149,49,49,174,174,193,212,212,227,267,297,172,172,247,97,162,65,65,105,105,230,230,245,285,300,345,390,450,450,465,540,555,555,570,68,148,148,148],"floor_reached":51,"playtime":5202,"items_purged":["Juggernaut","Establishment","Judgement","Brutality","MasterReality"],"score":790,"play_id":"10ddc9ae-7b19-45e7-a0fe-3d3c8a7430a7","local_time":"20210105122158","daily_mods":["Shiny","Red Cards","Night Terrors"],"is_ascension_mode":false,"campfire_choices":[{"data":"LessonLearned","floor":10,"key":"SMITH"},{"floor":15,"key":"REST"},{"data":"Feed","floor":25,"key":"SMITH"},{"data":"Demon Form","floor":30,"key":"SMITH"},{"data":"DevaForm","floor":32,"key":"SMITH"},{"data":"Ragnarok","floor":45,"key":"SMITH"},{"floor":49,"key":"REST"}],"circlet_count":0,"master_deck":["Double Tap+1","Demon Form+1","Bludgeon+1","Feed+1","Limit Break+1","Barricade","Berserk","Impervious","Reaper+1","Exhume+1","Offering+1","Immolate","ConjureBlade+1","Brilliance+1","Devotion+1","Ragnarok+1","LessonLearned+1","Scrawl+1","Vault","Alpha+1","Wish+1","Omniscience","SpiritShield","DevaForm+1","DeusExMachina+1","Armaments+1","JustLucky+1","Evaluate","Mind Blast+1","Exhume+1","Fasting2+1","Wireheading","Mind Blast+1","Heavy Blade+1","Dark Embrace+1","Secret Technique"],"relics":["PureWater","Bloody Idol","MealTicket","Kunai","Ornamental Fan","Snecko Eye","Bag of Preparation","Molten Egg 2","Empty Cage","Blood Vial","Darkstone Periapt","Lantern","Unceasing Top"],"acts_visited":["Exordium","TheCity","TheBeyond"],"potions_floor_usage":[12,21,31,33,40,46,50],"damage_taken":[{"damage":6,"enemies":"Small Slimes","floor":1,"turns":1},{"damage":0,"enemies":"Jaw Worm","floor":3,"turns":1},{"damage":0,"enemies":"2 Louse","floor":4,"turns":1},{"damage":10,"enemies":"Gremlin Nob","floor":6,"turns":3},{"damage":31,"enemies":"3 Sentries","floor":8,"turns":7},{"damage":11,"enemies":"Exordium Wildlife","floor":11,"turns":2},{"damage":10,"enemies":"3 Louse","floor":12,"turns":8},{"damage":8,"enemies":"Gremlin Gang","floor":13,"turns":4},{"damage":29,"enemies":"Slime Boss","floor":16,"turns":7},{"damage":4,"enemies":"2 Thieves","floor":18,"turns":4},{"damage":25,"enemies":"Shell Parasite","floor":19,"turns":3},{"damage":31,"enemies":"Cultist and Chosen","floor":21,"turns":10},{"damage":28,"enemies":"Centurion and Healer","floor":22,"turns":6},{"damage":6,"enemies":"Book of Stabbing","floor":23,"turns":2},{"damage":16,"enemies":"Sentry and Sphere","floor":28,"turns":6},{"damage":7,"enemies":"Snake Plant","floor":31,"turns":4},{"damage":69,"enemies":"Automaton","floor":33,"turns":7},{"damage":6,"enemies":"Orb Walker","floor":35,"turns":3},{"damage":31,"enemies":"3 Shapes","floor":36,"turns":4},{"damage":16,"enemies":"Spire Growth","floor":37,"turns":4},{"damage":6,"enemies":"3 Darklings","floor":38,"turns":5},{"damage":26,"enemies":"Sphere and 2 Shapes","floor":39,"turns":4},{"damage":39,"enemies":"Reptomancer","floor":40,"turns":5},{"damage":50,"enemies":"Writhing Mass","floor":42,"turns":4},{"damage":1,"enemies":"3 Darklings","floor":44,"turns":3},{"damage":55,"enemies":"4 Shapes","floor":46,"turns":5},{"damage":0,"enemies":"Mind Bloom Boss Battle","floor":48,"turns":5},{"damage":38,"enemies":"Time Eater","floor":50,"turns":6}],"seed_played":"-8136925521176778862","potions_obtained":[{"floor":6,"key":"Fruit Juice"},{"floor":11,"key":"LiquidMemories"},{"floor":12,"key":"SteroidPotion"},{"floor":16,"key":"BottledMiracle"},{"floor":22,"key":"SkillPotion"},{"floor":23,"key":"BlessingOfTheForge"},{"floor":31,"key":"Ancient Potion"},{"floor":33,"key":"AttackPotion"},{"floor":39,"key":"Swift Potion"},{"floor":42,"key":"LiquidMemories"},{"floor":46,"key":"AttackPotion"}],"is_trial":false,"path_per_floor":["M","?","M","M","?","E","$","E","T","R","M","M","M","$","R","B",null,"M","M","?","M","M","E","$","R","T","$","M","$","R","M","R","B",null,"M","M","M","M","M","E","?","M","T","M","R","M","$","?","R","B",null],"character_chosen":"WATCHER","items_purchased":["Mind Blast","Mind Blast+1","Lantern","Secret Technique"],"campfire_rested":2,"item_purchase_floors":[7,29,47,47],"current_hp_per_floor":[66,48,48,48,48,38,53,30,30,30,19,20,18,33,78,69,81,81,56,56,53,46,45,60,60,65,80,79,84,84,84,84,25,84,87,70,59,63,55,54,54,11,16,26,26,42,57,73,103,65],"gold":148,"neow_bonus":"","is_daily":true,"chose_seed":false,"campfire_upgraded":5,"win_rate":0.0,"timestamp":1609849318,"path_taken":["M","?","M","M","?","E","$","E","T","R","M","M","M","$","R","BOSS","M","M","?","M","M","E","$","R","T","$","M","$","R","M","R","BOSS","M","M","M","M","M","E","?","M","T","M","R","M","$","?","R","BOSS"],"items_purchased_type":["Card","Card","Relic","Card"],"build_version":"2020-12-22","purchased_purges":5,"victory":true,"max_hp_per_floor":[72,72,72,72,72,72,72,72,72,72,72,77,83,83,78,81,81,81,81,81,84,84,84,84,84,84,84,84,84,84,84,84,84,84,88,92,92,92,100,100,100,100,100,104,104,104,104,108,103,103],"card_choices":[{"not_picked":["Headbutt","Clothesline"],"picked":"Armaments","floor":1},{"not_picked":["Conclude","MasterReality"],"picked":"JustLucky","floor":3},{"not_picked":["EmptyFist","Halt"],"picked":"Evaluate","floor":4},{"not_picked":["WaveOfTheHand","Crescendo","Sword Boomerang"],"picked":"SKIP","floor":6},{"not_picked":["Indignation","FlyingSleeves","Whirlwind"],"picked":"SKIP","floor":8},{"not_picked":["Wallop","Spot Weakness","Indignation"],"picked":"SKIP","floor":11},{"not_picked":["Disarm","FollowUp","Intimidate"],"picked":"SKIP","floor":12},{"not_picked":["Infernal Blade","Halt","JustLucky"],"picked":"SKIP","floor":13},{"not_picked":["Omniscience","Offering"],"picked":"Exhume","floor":16},{"not_picked":["EmptyFist+1","TalkToTheHand","Clash"],"picked":"SKIP","floor":18},{"not_picked":["Hemokinesis","TalkToTheHand","Halt+1"],"picked":"SKIP","floor":19},{"not_picked":["Blood for Blood","Entrench","Reckless Charge"],"picked":"SKIP","floor":21},{"not_picked":["EmptyBody","Consecrate","Heavy Blade"],"picked":"SKIP","floor":22},{"not_picked":["Scrawl","True Grit"],"picked":"Fasting2+1","floor":23},{"not_picked":["WreathOfFlame","Clothesline+1"],"picked":"Wireheading","floor":28},{"not_picked":["Armaments","BowlingBash+1","Conclude+1"],"picked":"SKIP","floor":31},{"not_picked":["SandsOfTime+1","Havoc"],"picked":"Heavy Blade+1","floor":35},{"not_picked":["BowlingBash+1","Body Slam+1","Flex+1"],"picked":"SKIP","floor":36},{"not_picked":["Warcry+1","Body Slam+1","Twin Strike+1"],"picked":"SKIP","floor":37},{"not_picked":["Crescendo","Twin Strike+1","Corruption"],"picked":"SKIP","floor":38},{"not_picked":["LikeWater","Protect","Wild Strike+1"],"picked":"SKIP","floor":39},{"not_picked":["SignatureMove+1","FlyingSleeves+1","WindmillStrike+1"],"picked":"SKIP","floor":40},{"not_picked":["Shrug It Off","Anger+1","Flex"],"picked":"SKIP","floor":42},{"not_picked":["ForeignInfluence+1","Wish","Perfected Strike+1"],"picked":"SKIP","floor":44},{"not_picked":["EmptyBody+1","BattleHymn"],"picked":"Dark Embrace+1","floor":46}],"player_experience":72391,"relics_obtained":[{"floor":6,"key":"MealTicket"},{"floor":8,"key":"Kunai"},{"floor":9,"key":"Ornamental Fan"},{"floor":23,"key":"Bag of Preparation"},{"floor":26,"key":"Molten Egg 2"},{"floor":40,"key":"Blood Vial"},{"floor":43,"key":"Darkstone Periapt"},{"floor":48,"key":"Unceasing Top"}],"event_choices":[{"damage_healed":0,"gold_gain":0,"player_choice":"Take Damage","damage_taken":18,"relics_obtained":["Golden Idol"],"max_hp_gain":0,"max_hp_loss":0,"event_name":"Golden Idol","floor":2,"gold_loss":0},{"cards_removed":["Blasphemy"],"damage_healed":0,"gold_gain":0,"player_choice":"Forget","damage_taken":0,"max_hp_gain":0,"max_hp_loss":0,"event_name":"Living Wall","floor":5,"gold_loss":0},{"damage_healed":0,"gold_gain":0,"player_choice":"Gave Idol","damage_taken":0,"relics_obtained":["Bloody Idol"],"max_hp_gain":0,"max_hp_loss":0,"event_name":"Forgotten Altar","floor":20,"relics_lost":["Golden Idol"],"gold_loss":0},{"damage_healed":0,"gold_gain":0,"player_choice":"Ignored","damage_taken":0,"max_hp_gain":0,"max_hp_loss":0,"event_name":"Tomb of Lord Red Mask","floor":41,"gold_loss":0},{"damage_healed":0,"gold_gain":0,"player_choice":"Fight","damage_taken":0,"max_hp_gain":0,"max_hp_loss":0,"event_name":"MindBloom","floor":48,"gold_loss":0}],"is_beta":false,"boss_relics":[{"not_picked":["Philosopher\u0027s Stone","Astrolabe"],"picked":"Snecko Eye"},{"not_picked":["Runic Pyramid","Black Star"],"picked":"Empty Cage"}],"items_purged_floors":[7,14,24,27,47],"is_endless":false,"potions_floor_spawned":[6,11,12,16,19,22,23,31,33,39,42,46,48],"ascension_level":0}}