{"host":"6azrrw3tf7wb0f4b","time":1609858766,"event":{"mods":["BaseMod","DeckTracker","Minty Spire (QoL Compilation)","SuperFastMode"],"gold_per_floor":[118,118,37,53,68,68,68,68,68,82,102,118,118,43,43,43,43],"floor_reached":16,"playtime":236,"items_purged":[],"score":170,"play_id":"a20a3d31-63a6-46c1-a940-1ac1a56a06c2","local_time":"20210105235926","is_ascension_mode":true,"campfire_choices":[{"data":"Hemokinesis","floor":6,"key":"SMITH"},{"data":"Dark Embrace","floor":8,"key":"SMITH"},{"data":"Pommel Strike","floor":13,"key":"SMITH"},{"floor":15,"key":"REST"}],"circlet_count":0,"master_deck":["AscendersBane","Strike_R","Strike_R","Strike_R","Strike_R","Defend_R+1","Defend_R","Defend_R","Defend_R","Bash","Second Wind+1","Cleave","Dark Embrace+1","Hemokinesis+1","Seeing Red","Shrug It Off","Offering","Pommel Strike+1"],"relics":["Burning Blood","Matryoshka","Lantern","The Courier"],"acts_visited":["Exordium"],"potions_floor_usage":[10,16],"damage_taken":[{"damage":2,"enemies":"2 Louse","floor":1,"turns":5},{"damage":8,"enemies":"Cultist","floor":4,"turns":5},{"damage":14,"enemies":"Jaw Worm","floor":5,"turns":4},{"damage":26,"enemies":"Exordium Wildlife","floor":10,"turns":3},{"damage":12,"enemies":"Large Slime","floor":11,"turns":5},{"damage":3,"enemies":"Looter","floor":12,"turns":3},{"damage":45,"enemies":"Hexaghost","floor":16,"turns":7}],"seed_played":"1404202922711786775","potions_obtained":[{"floor":5,"key":"Explosive Potion"},{"floor":12,"key":"BlessingOfTheForge"}],"is_trial":false,"path_per_floor":["M","?","$","M","M","R","?","R","T","M","M","M","R","?","R","B"],"character_chosen":"IRONCLAD","items_purchased":["Dark Embrace"],"campfire_rested":1,"item_purchase_floors":[3],"current_hp_per_floor":[72,49,49,47,39,39,39,39,39,19,13,16,16,16,38,0,0],"gold":43,"neow_bonus":"THREE_CARDS","is_daily":false,"chose_seed":false,"campfire_upgraded":3,"win_rate":0.0,"timestamp":1609858766,"path_taken":["M","?","$","M","M","R","?","R","T","M","M","?","R","?","R","BOSS"],"items_purchased_type":["Card"],"build_version":"2020-12-22","purchased_purges":0,"victory":false,"max_hp_per_floor":[75,75,75,75,75,75,75,75,75,75,75,75,75,75,75,75,75],"card_choices":[{"not_picked":["Warcry","Body Slam"],"picked":"Second Wind","floor":0},{"not_picked":["Iron Wave","Warcry"],"picked":"Cleave","floor":1},{"not_picked":["Armaments","Cleave"],"picked":"Hemokinesis","floor":4},{"not_picked":["Clothesline","Inflame"],"picked":"Seeing Red","floor":5},{"not_picked":["Dark Embrace","Wild Strike"],"picked":"Shrug It Off","floor":10},{"not_picked":["Shrug It Off","Power Through"],"picked":"Offering","floor":11},{"not_picked":["Whirlwind","Headbutt"],"picked":"Pommel Strike","floor":12}],"player_experience":675649,"relics_obtained":[{"floor":7,"key":"Matryoshka"},{"floor":9,"key":"Lantern"},{"floor":9,"key":"The Courier"}],"event_choices":[{"damage_healed":0,"gold_gain":0,"player_choice":"Entered Light","damage_taken":23,"max_hp_gain":0,"max_hp_loss":0,"event_name":"Shining Light","floor":2,"gold_loss":0,"cards_upgraded":["Defend_R","Second Wind"]},{"damage_healed":0,"gold_gain":0,"player_choice":"Relic","damage_taken":0,"max_hp_gain":0,"max_hp_loss":0,"event_name":"Wheel of Change","floor":7,"gold_loss":0},{"cards_removed":["Strike_R"],"damage_healed":0,"gold_gain":0,"player_choice":"Card Removal","damage_taken":0,"max_hp_gain":0,"max_hp_loss":0,"event_name":"The Cleric","floor":14,"gold_loss":75}],"is_beta":false,"boss_relics":[],"items_purged_floors":[],"is_endless":false,"potions_floor_spawned":[5,12],"killed_by":"Hexaghost","ascension_level":17}}