{"host":"922zt4fjsmmy4kg9","time":1609804757,"event":{"mods":["A Magickal Journey","Act Like it!","BaseMod","Better Third Choice","Downfall","Friendly Minions","Hermit","HololiveMod","Hubris","Jorbs\u0027s Wanderer Trilogy","Kiyohime????","Koishi","Marisa????????","Minty Spire (QoL Compilation)","Quick Restart","Reimu??????","Shop Mod","Spicy Shops","StSLib","SuperFastMode","The Animator","The Disciple","The Runesmith"],"gold_per_floor":[99,111,111,111,111,142,142,242,42,42,42,42],"floor_reached":11,"playtime":329,"items_purged":[],"score":88,"play_id":"4d7ac7c6-ced4-47eb-a7c4-dddacf169545","local_time":"20210105105917","is_ascension_mode":true,"campfire_choices":[{"data":"animator:IrohaTamaki","floor":1,"key":"SMITH"},{"data":"animator:MamiTomoe","floor":10,"key":"SMITH"}],"circlet_count":0,"master_deck":["AscendersBane","animator:Strike_MadokaMagica","animator:Defend_MadokaMagica","animator:Strike","animator:Strike","animator:Defend","animator:Defend","animator:Defend","animator:IrohaTamaki+1","animator:YuiTsuruno","animator:Mitsuba","animator:Lu","animator:RoyMustang","animator:KyokoSakura","animator:FeridBathory","animator:Lu","animator:IrohaTamaki","hubris:Greed","animator:Strike","animator:Shimakaze","animator:MamiTomoe+1","animator:SuzuneAmano","hubris:Greed"],"relics":["animator:LivingPicture","animator:TheMissingPiece","downfall:HeartsMalice","The Courier","downfall:GremlinSack","hubris:DisguiseKit"],"acts_visited":["Exordium"],"potions_floor_usage":[8,11],"damage_taken":[{"damage":0,"enemies":"Cultist","floor":2,"turns":1},{"damage":0,"enemies":"2 Louse","floor":3,"turns":1},{"damage":0,"enemies":"Jaw Worm","floor":5,"turns":1},{"damage":31,"enemies":"Large Slime","floor":6,"turns":6},{"damage":20,"enemies":"Large Slime","floor":8,"turns":4},{"damage":7,"enemies":"downfall:FleeingMerchant","floor":9,"turns":4},{"damage":15,"enemies":"Lagavulin","floor":11,"turns":2}],"seed_played":"-4328745972200651552","potions_obtained":[{"floor":6,"key":"PowerPotion"},{"floor":8,"key":"SkillPotion"}],"is_trial":false,"path_per_floor":["R","M","M","?","M","M","T","?","$","R","E"],"character_chosen":"THE_ANIMATOR","items_purchased":["hubris:DisguiseKit"],"campfire_rested":0,"item_purchase_floors":[9],"current_hp_per_floor":[59,59,59,59,59,28,28,9,2,2,0,0],"gold":42,"neow_bonus":"THREE_ENEMY_KILL","is_daily":false,"chose_seed":false,"campfire_upgraded":2,"win_rate":0.0,"timestamp":1609804757,"path_taken":["R","M","M","?","M","?","T","?","$","R","E"],"items_purchased_type":["Relic"],"build_version":"2020-12-22","purchased_purges":0,"victory":false,"max_hp_per_floor":[66,66,66,66,66,66,66,67,67,67,67,67],"card_choices":[{"not_picked":["animator:Shion","animator:Shinoa"],"picked":"animator:Mitsuba","floor":2},{"not_picked":["animator:YaoHaDucy","animator:Millim"],"picked":"animator:Lu","floor":3},{"not_picked":["animator:Ain","animator:Shigure"],"picked":"animator:RoyMustang","floor":5},{"not_picked":["animator:SayakaMiki","animator:OrikoMikuni"],"picked":"animator:KyokoSakura","floor":6},{"not_picked":["animator:Laby","animator:ShinjiMatou"],"picked":"animator:MamiTomoe","floor":8},{"not_picked":["animator:SayakaMiki","animator:Mikaela"],"picked":"animator:SuzuneAmano","floor":9}],"player_experience":1319312,"relics_obtained":[{"floor":7,"key":"The Courier"},{"floor":8,"key":"downfall:GremlinSack"}],"event_choices":[{"cards_removed":["animator:Strike"],"damage_healed":0,"gold_gain":0,"player_choice":"Offered Basic","damage_taken":0,"max_hp_gain":0,"max_hp_loss":0,"event_name":"Bonfire Elementals","floor":4,"gold_loss":0}],"is_beta":false,"boss_relics":[],"items_purged_floors":[],"is_endless":false,"potions_floor_spawned":[6,8],"killed_by":"Lagavulin","ascension_level":11}}