{"host":"y6h8h5dnjuludn40","time":1609819414,"event":{"mods":["BaseMod","Colored Map","Colored Powertips","Googly Eyes","Hermit","Minty Spire (QoL Compilation)","Replay The Spire","StSLib","The Construct","The Hierophant"],"gold_per_floor":[116,126,136,150,150,177,177,177,225,225,240,257,257,257,257,383,383,404,404,404,404],"floor_reached":20,"playtime":653,"items_purged":[],"score":174,"play_id":"d6af9edb-e602-407b-8738-5091467c26cb","local_time":"20210104220334","is_ascension_mode":false,"campfire_choices":[{"data":"Eruption","floor":7,"key":"SMITH"},{"data":"Replay:Vibes","floor":10,"key":"SMITH"},{"data":"Replay:Hum","floor":13,"key":"SMITH"},{"floor":15,"key":"REST"}],"circlet_count":0,"master_deck":["Strike_P+1","Strike_P+1","Strike_P+1","Defend_P+1","Defend_P+1","Defend_P+1","Eruption+1","Vigilance","Replay:Hysterical Blindness","Conclude","WaveOfTheHand","Replay:Vibes+1","Replay:ManipulateFuture","Conclude+1","EmptyFist","Prostrate","EmptyBody","Replay:Hum+1","Injury","Alpha","PathToVictory"],"relics":["PureWater","The Courier","Replay:Mystery Machine","Lantern","Golden Idol","VioletLotus"],"acts_visited":["Exordium","TheCity"],"potions_floor_usage":[6,12,20],"damage_taken":[{"damage":0,"enemies":"Cultist","floor":1,"turns":2},{"damage":0,"enemies":"2 Louse","floor":2,"turns":1},{"damage":0,"enemies":"Jaw Worm","floor":3,"turns":2},{"damage":24,"enemies":"Large Slime","floor":4,"turns":10},{"damage":30,"enemies":"Lagavulin","floor":6,"turns":8},{"damage":0,"enemies":"Exordium Thugs","floor":11,"turns":1},{"damage":2,"enemies":"3 Louse","floor":12,"turns":2},{"damage":13,"enemies":"Slime Boss","floor":16,"turns":8},{"damage":30,"enemies":"Shell Parasite","floor":18,"turns":5},{"damage":53,"enemies":"Masked Bandits","floor":20,"turns":4}],"seed_played":"-6641833171656728953","potions_obtained":[{"floor":1,"key":"Strength Potion"},{"floor":2,"key":"LifebloodPotion"},{"floor":11,"key":"Elixir"}],"is_trial":false,"path_per_floor":["M","M","M","M","?","E","R","?","T","R","M","M","R","?","R","B",null,"M","?","?"],"character_chosen":"WATCHER","items_purchased":[],"campfire_rested":1,"item_purchase_floors":[],"current_hp_per_floor":[72,72,72,48,48,18,18,18,18,18,18,16,16,16,37,24,72,42,42,0,0],"gold":404,"neow_bonus":"TRANSFORM_TWO_CARDS","is_daily":false,"chose_seed":false,"campfire_upgraded":3,"win_rate":0.0,"timestamp":1609819414,"path_taken":["M","M","M","M","?","E","R","?","T","R","M","M","R","?","R","BOSS","M","?","?"],"items_purchased_type":[],"build_version":"2020-12-22","purchased_purges":0,"victory":false,"max_hp_per_floor":[72,72,72,72,72,72,72,72,72,72,72,72,72,72,72,72,72,72,72,72,72],"card_choices":[{"not_picked":["MentalFortress","CrushJoints"],"picked":"Replay:Vibes","floor":1},{"not_picked":["Crescendo","Replay:AtTheReady"],"picked":"Replay:ManipulateFuture","floor":2},{"not_picked":["JustLucky","Meditate"],"picked":"Conclude","floor":3},{"not_picked":["Evaluate","JustLucky"],"picked":"EmptyFist","floor":4},{"not_picked":["CrushJoints","ClearTheMind"],"picked":"Prostrate","floor":6},{"not_picked":["Indignation","Crescendo"],"picked":"EmptyBody","floor":11},{"not_picked":["Fasting2","JustLucky"],"picked":"Replay:Hum","floor":12},{"not_picked":["DeusExMachina","DevaForm"],"picked":"Alpha","floor":16},{"not_picked":["Tantrum","Wallop"],"picked":"PathToVictory","floor":18}],"player_experience":244911,"relics_obtained":[{"floor":6,"key":"The Courier"},{"floor":9,"key":"Lantern"}],"event_choices":[{"damage_healed":0,"gold_gain":0,"player_choice":"Searched \u00271\u0027 times","damage_taken":0,"relics_obtained":["Replay:Mystery Machine"],"max_hp_gain":0,"max_hp_loss":0,"event_name":"Dead Adventurer","floor":8,"gold_loss":0},{"damage_healed":0,"gold_gain":0,"player_choice":"Take Wound","damage_taken":0,"relics_obtained":["Golden Idol"],"max_hp_gain":0,"max_hp_loss":0,"event_name":"Golden Idol","floor":14,"gold_loss":0,"cards_obtained":["Injury"]},{"damage_healed":0,"gold_gain":0,"player_choice":"Simplicity","damage_taken":0,"max_hp_gain":0,"max_hp_loss":0,"event_name":"Back to Basics","floor":19,"gold_loss":0,"cards_upgraded":["Strike_P","Strike_P","Strike_P","Defend_P","Defend_P","Defend_P"]},{"damage_healed":0,"gold_gain":0,"player_choice":"Fought Bandits","damage_taken":0,"max_hp_gain":0,"max_hp_loss":0,"event_name":"Masked Bandits","floor":20,"gold_loss":0}],"is_beta":false,"boss_relics":[{"not_picked":["Replay:Wanted Poster","Fusion Hammer"],"picked":"VioletLotus"}],"items_purged_floors":[],"is_endless":false,"potions_floor_spawned":[1,2,11],"killed_by":"Masked Bandits","ascension_level":0}}