{"host":"00f1p9ihhzi7hxfk","time":1609855891,"event":{"mods":["BaseMod","Colored Map","Colored Powertips","Minty Spire (QoL Compilation)","Rare Cards Sparkle","Relic Stats"],"gold_per_floor":[114,130,147,167,179,179,196,196,221,221,71,71,86,100,100,229,229,247,0,0,20,20,20,45,45,71,32,45,60,75,99,99,99,99],"floor_reached":33,"playtime":1739,"items_purged":[],"score":245,"play_id":"2f22d1f1-25ee-4359-a6db-ddf8c83c5102","local_time":"20210105151131","is_ascension_mode":false,"campfire_choices":[{"floor":6,"key":"REST"},{"floor":12,"key":"REST"},{"data":"Bludgeon","floor":15,"key":"SMITH"},{"floor":23,"key":"REST"},{"floor":32,"key":"REST"}],"circlet_count":0,"master_deck":["Strike_R","Strike_R","Strike_R","Strike_R","Strike_R","Defend_R","Defend_R","Defend_R","Defend_R","Bash","Battle Trance","Thunderclap","Iron Wave","Heavy Blade","Shockwave+1","Iron Wave","Bludgeon+1","Heavy Blade","Corruption","Body Slam","Sword Boomerang","Iron Wave","Flame Barrier","Armaments","Thunderclap","Uppercut+1"],"relics":["Burning Blood","Happy Flower","Golden Idol","Omamori","Cursed Key","Strawberry"],"acts_visited":["Exordium","TheCity"],"potions_floor_usage":[31,31,31],"damage_taken":[{"damage":0,"enemies":"2 Louse","floor":1,"turns":4},{"damage":11,"enemies":"Jaw Worm","floor":2,"turns":4},{"damage":8,"enemies":"Small Slimes","floor":3,"turns":2},{"damage":5,"enemies":"Looter","floor":4,"turns":3},{"damage":14,"enemies":"Lots of Slimes","floor":5,"turns":5},{"damage":9,"enemies":"Blue Slaver","floor":7,"turns":3},{"damage":5,"enemies":"Looter","floor":13,"turns":4},{"damage":4,"enemies":"Exordium Thugs","floor":14,"turns":4},{"damage":71,"enemies":"The Guardian","floor":16,"turns":11},{"damage":0,"enemies":"Chosen","floor":18,"turns":4},{"damage":12,"enemies":"3 Byrds","floor":21,"turns":5},{"damage":30,"enemies":"Centurion and Healer","floor":24,"turns":8},{"damage":15,"enemies":"Snake Plant","floor":28,"turns":3},{"damage":34,"enemies":"3 Cultists","floor":29,"turns":7},{"damage":0,"enemies":"Snecko","floor":30,"turns":4},{"damage":6,"enemies":"Snake Plant","floor":31,"turns":4},{"damage":75,"enemies":"Automaton","floor":33,"turns":6}],"seed_played":"8865906012016724032","potions_obtained":[{"floor":1,"key":"BlessingOfTheForge"},{"floor":3,"key":"Energy Potion"},{"floor":4,"key":"HeartOfIron"},{"floor":31,"key":"Dexterity Potion"}],"is_trial":false,"path_per_floor":["M","M","M","M","M","R","M","?","T","?","$","R","M","M","R","B",null,"M","?","?","M","$","R","M","?","T","$","M","M","M","M","R","B"],"character_chosen":"IRONCLAD","items_purchased":["Omamori","Flame Barrier"],"campfire_rested":4,"item_purchase_floors":[11,27],"current_hp_per_floor":[88,83,81,82,74,88,85,85,85,81,81,81,81,81,81,16,81,81,81,81,75,75,81,57,57,64,64,55,27,33,33,59,0,0],"gold":99,"neow_bonus":"TEN_PERCENT_HP_BONUS","is_daily":false,"chose_seed":false,"campfire_upgraded":1,"win_rate":0.0,"timestamp":1609855891,"path_taken":["M","M","M","M","M","R","M","?","T","?","$","R","M","M","R","BOSS","M","?","?","M","$","R","M","?","T","?","?","M","?","M","R","BOSS"],"items_purchased_type":["Relic","Card"],"build_version":"2020-12-22","purchased_purges":0,"victory":false,"max_hp_per_floor":[88,88,88,88,88,88,88,88,88,81,81,81,81,81,81,81,81,81,81,81,81,81,81,81,81,88,88,88,88,88,88,88,88,88],"relic_stats":{"Happy Flower":[20],"counters":[17,81],"Golden Idol":59,"Cursed Key":1,"obtain_stats":[{"Happy Flower":9,"Golden Idol":10,"Strawberry":26,"Omamori":11,"Cursed Key":17,"Burning Blood":0},{"Happy Flower":6,"Golden Idol":6,"Strawberry":12,"Omamori":6,"Cursed Key":9,"Burning Blood":0},{"Happy Flower":21,"Golden Idol":21,"Strawberry":57,"Omamori":21,"Cursed Key":40,"Burning Blood":0}],"Burning Blood":81},"card_choices":[{"not_picked":["Intimidate","True Grit"],"picked":"Battle Trance","floor":1},{"not_picked":["Flex","Shockwave"],"picked":"Thunderclap","floor":2},{"not_picked":["Perfected Strike","Power Through"],"picked":"Iron Wave","floor":3},{"not_picked":["Pummel","Anger"],"picked":"Heavy Blade","floor":4},{"not_picked":["Headbutt","Infernal Blade"],"picked":"Shockwave","floor":5},{"not_picked":["Burning Pact","Rampage"],"picked":"Iron Wave","floor":7},{"not_picked":["Intimidate","Iron Wave"],"picked":"Bludgeon","floor":13},{"not_picked":["Ghostly Armor","Warcry"],"picked":"Heavy Blade","floor":14},{"not_picked":["Feed","Berserk"],"picked":"Corruption","floor":16},{"not_picked":["Thunderclap","True Grit"],"picked":"Body Slam","floor":18},{"not_picked":["Iron Wave","Wild Strike+1"],"picked":"Sword Boomerang","floor":21},{"not_picked":["Body Slam","Clash"],"picked":"Iron Wave","floor":24},{"not_picked":["Shrug It Off+1","Dropkick"],"picked":"Armaments","floor":28},{"not_picked":["Seeing Red","Burning Pact"],"picked":"Thunderclap","floor":29},{"not_picked":["Reckless Charge","Warcry","Disarm"],"picked":"SKIP","floor":30},{"not_picked":["Wild Strike","Body Slam"],"picked":"Uppercut+1","floor":31}],"player_experience":52269,"relics_obtained":[{"floor":9,"key":"Happy Flower"},{"floor":26,"key":"Strawberry"}],"event_choices":[{"damage_healed":0,"gold_gain":0,"player_choice":"Grow","damage_taken":0,"max_hp_gain":0,"max_hp_loss":0,"event_name":"Living Wall","floor":8,"gold_loss":0,"cards_upgraded":["Shockwave"]},{"damage_healed":0,"gold_gain":0,"player_choice":"Lose Max HP","damage_taken":0,"relics_obtained":["Golden Idol"],"max_hp_gain":0,"max_hp_loss":7,"event_name":"Golden Idol","floor":10,"gold_loss":0},{"damage_healed":0,"gold_gain":0,"player_choice":"Paid Fearfully","damage_taken":0,"max_hp_gain":0,"max_hp_loss":0,"event_name":"Masked Bandits","floor":19,"gold_loss":247},{"damage_healed":0,"gold_gain":0,"player_choice":"Ignored","damage_taken":0,"max_hp_gain":0,"max_hp_loss":0,"event_name":"Vampires","floor":20,"gold_loss":0},{"damage_healed":0,"gold_gain":0,"player_choice":"Ignored","damage_taken":0,"max_hp_gain":0,"max_hp_loss":0,"event_name":"Cursed Tome","floor":25,"gold_loss":0}],"is_beta":false,"boss_relics":[{"not_picked":["Philosopher\u0027s Stone","Mark of Pain"],"picked":"Cursed Key"}],"items_purged_floors":[],"is_endless":false,"potions_floor_spawned":[1,3,4,14,21,24,31],"killed_by":"Automaton","ascension_level":0}}