{"host":"640uue19m79c7wbt","time":1609807090,"event":{"mods":["BaseMod","Colored Map","Googly Eyes","Highlight Path","Minty Spire (QoL Compilation)","Quick Restart","StSLib"],"gold_per_floor":[109,28,103,119,194,227,239,239,262,274,301,339,5,40,40,40,40],"floor_reached":16,"playtime":399,"items_purged":["Strike_G"],"score":200,"play_id":"5aaf9bb1-f19a-491a-98c8-e4145742acae","local_time":"20210104193810","is_ascension_mode":true,"campfire_choices":[{"data":"Cloak And Dagger","floor":8,"key":"SMITH"},{"data":"Accuracy","floor":10,"key":"SMITH"},{"floor":15,"key":"REST"}],"circlet_count":0,"master_deck":["Strike_G","Strike_G","Strike_G","Strike_G","Defend_G","Defend_G","Defend_G","Defend_G","Defend_G","Survivor","Neutralize","Backstab","Accuracy+1","Predator","PiercingWail","Cloak And Dagger+1","PiercingWail","Envenom","Accuracy","Underhanded Strike"],"relics":["Ring of the Snake","NeowsBlessing","Bag of Marbles","MawBank","Centennial Puzzle","Blood Vial","Juzu Bracelet"],"acts_visited":["Exordium"],"potions_floor_usage":[7,11,12,14],"damage_taken":[{"damage":0.0,"enemies":"Cultist","floor":1.0,"turns":1.0},{"damage":0.0,"enemies":"Small Slimes","floor":4.0,"turns":1.0},{"damage":0,"enemies":"Gremlin Nob","floor":6,"turns":1},{"damage":0,"enemies":"Jaw Worm","floor":7,"turns":1},{"damage":2,"enemies":"Lots of Slimes","floor":11,"turns":3},{"damage":10,"enemies":"3 Sentries","floor":12,"turns":6},{"damage":25,"enemies":"Gremlin Nob","floor":14,"turns":4},{"damage":35,"enemies":"Hexaghost","floor":16,"turns":9}],"seed_played":"-13901153288721132","potions_obtained":[{"floor":1.0,"key":"Strength Potion"},{"floor":4.0,"key":"Explosive Potion"},{"floor":6,"key":"AttackPotion"}],"is_trial":false,"path_per_floor":["M","$","?","M","?","E","M","R","T","R","M","E","$","E","R","B"],"character_chosen":"THE_SILENT","items_purchased":["Accuracy","Accuracy","Blood Vial","PowerPotion"],"campfire_rested":1,"item_purchase_floors":[2,13,13,13],"current_hp_per_floor":[63,63,52,52,45,45,45,45,45,45,43,33,33,10,31,0,0],"gold":40,"neow_bonus":"THREE_ENEMY_KILL","is_daily":false,"chose_seed":false,"campfire_upgraded":2,"win_rate":0.0,"timestamp":1609807090,"path_taken":["M","?","?","M","?","E","?","R","T","R","M","E","$","E","R","BOSS"],"items_purchased_type":["Card","Card","Relic","Potion"],"build_version":"2020-12-22","purchased_purges":1,"victory":false,"max_hp_per_floor":[70,70,70,70,70,70,70,70,70,70,70,70,70,70,70,70,70],"card_choices":[{"not_picked":["Heel Hook","Escape Plan"],"picked":"Backstab","floor":1.0},{"not_picked":["Caltrops","Acrobatics"],"picked":"Predator","floor":4.0},{"not_picked":["Catalyst","Backflip"],"picked":"PiercingWail","floor":6},{"not_picked":["Escape Plan","Endless Agony"],"picked":"Cloak And Dagger","floor":7},{"not_picked":["Bane","Sucker Punch"],"picked":"PiercingWail","floor":11},{"not_picked":["Dash","Bane"],"picked":"Envenom","floor":12},{"not_picked":["Outmaneuver","Flying Knee"],"picked":"Underhanded Strike","floor":14}],"player_experience":573329,"relics_obtained":[{"floor":6,"key":"Bag of Marbles"},{"floor":9,"key":"MawBank"},{"floor":12,"key":"Centennial Puzzle"},{"floor":14,"key":"Juzu Bracelet"}],"event_choices":[{"damage_healed":0.0,"max_hp_gain":0.0,"max_hp_loss":0.0,"gold_gain":75.0,"event_name":"World of Goop","player_choice":"Gather Gold","floor":3.0,"gold_loss":0.0,"damage_taken":11.0},{"damage_healed":0,"gold_gain":75,"player_choice":"Touch","damage_taken":7,"max_hp_gain":0,"max_hp_loss":0,"event_name":"FaceTrader","floor":5,"gold_loss":0}],"is_beta":false,"boss_relics":[],"items_purged_floors":[13],"is_endless":false,"potions_floor_spawned":[1,4,6],"killed_by":"Hexaghost","ascension_level":8}}