{"host":"0t11pkp2julks910","time":1609891004,"event":{"mods":["Astrologer","Bard","BaseMod","BetterRewards","Colored Map","Curses Come First","Downfall","Friendly Minions","GungeonMod","Hermit","Hubris","Infinite Spire","Minty Spire (QoL Compilation)","Replay The Spire","Robot Space Explorer","Shop Mod","Somnambulant","StSLib","The Blackbeard","The Bug Knight","The Construct","The Cursed","The Disciple","The Forsaken","The Hierophant","The Jungle","The Marked","The Mystic","The Necromancer","The Poker Player","The Problem Sleuth","The Runesmith","[IsaacMod]????"],"gold_per_floor":[149,199,199,215,215,215,226,226,226,245,245,271,321,356,406,511,511,525,525,212,230,260,343,343,343,343,343,343,378,460,517,517,731,731,785,827,852,880,880,880,931,931,954,1003,1042,1042,1086,1122,1122,1255,1255,1273,1273,1033,1249,1249,1249,1278,1278,1301,1318,1318,1346,1346,1396,1396,1519,1519,1548,1548,1548,1548,1571,1606,1606,1644,1644,1644,1917,1355,1355,1382,1382,1509,1609,1625,1625,738,738,738,738,793,931,931,1002,1002,816,925,925,925,1063,1063,1063,628,628,628,637,786,900,934,934,934,934,984,984],"floor_reached":114,"playtime":3950,"items_purged":[],"score":2323,"play_id":"1aca545c-da56-4aeb-a29b-863994819348","local_time":"20210105155644","is_ascension_mode":true,"campfire_choices":[{"data":"DemoMod:Unity","floor":6,"key":"SMITH"},{"data":"DemoMod:HuntsMan","floor":8,"key":"SMITH"},{"data":"DemoMod:ManualReload","floor":11,"key":"SMITH"},{"data":"DemoMod:SAA","floor":13,"key":"SMITH"},{"data":"DemoMod:RustySidearm","floor":15,"key":"SMITH"},{"data":"DemoMod:ChanceBullets","floor":24,"key":"SMITH"},{"data":"DemoMod:Elimentaler","floor":40,"key":"SMITH"},{"floor":42,"key":"REST"},{"floor":49,"key":"REST"},{"data":"Replay:SS_fish_3","floor":57,"key":"SMITH"},{"data":"DemoMod:CursedBullets","floor":59,"key":"SMITH"},{"data":"DemoMod:ChanceBullets","floor":64,"key":"SMITH"},{"data":"hubris:Rewind","floor":66,"key":"SMITH"},{"data":"DemoMod:ChanceBullets","floor":75,"key":"SMITH"},{"data":"hubris:Fate","floor":78,"key":"SMITH"},{"data":"infinitespire:NeuralNetwork","floor":81,"key":"SMITH"},{"data":"DemoMod:CursedBullets","floor":83,"key":"SMITH"},{"data":"hubris:EnhanceAbility","floor":91,"key":"SMITH"},{"data":"DemoMod:BlankBullets","floor":96,"key":"SMITH"},{"data":"DemoMod:BSG","floor":113,"key":"SMITH"}],"circlet_count":0,"master_deck":["DemoMod:Strike_Huntress","DemoMod:Strike_Huntress","DemoMod:Defend_Huntress","DemoMod:Defend_Huntress","DemoMod:Defend_Huntress","DemoMod:Roll+1","DemoMod:ManualReload+1","DemoMod:RustySidearm+1","DemoMod:CrossBow","DemoMod:ConditionalReflex+1","DemoMod:HuntsMan+1","DemoMod:Unity+1","DemoMod:SAA+1","DemoMod:Elimentaler+1","DemoMod:PotionOfGunFriendShip+1","J.A.X.+1","hubris:EnhanceAbility+1","DemoMod:ChanceBullets+1","DemoMod:HardPowerCard+1","DemoMod:Unity+1","hubris:Rewind+1","DemoMod:FastSwitch+1","DemoMod:Evolver","DemoMod:SuppressiveFire+1","DemoMod:Elimentaler","DemoMod:FortunesFavor+1","DemoMod:RadGun+1","hubris:Fate+1","DemoMod:Gungine+1","DemoMod:ShadowBullets+1","DemoMod:AC15","DemoMod:BSG+1","DemoMod:BlankBullets+1","DemoMod:CursedBullets+1","Replay:SS_fish_3+1","DemoMod:SAA","DemoMod:HuntsMan","DemoMod:TripleGun","DemoMod:ChanceBullets+1","DemoMod:HardPowerCard+1","DemoMod:FullFirepower+1","DemoMod:AbyssalTentacle","DemoMod:ChanceBullets+1","ReplayTheSpireMod:??????????????????????+1","DemoMod:AC15","DemoMod:HighKaliber","DemoMod:CursedBullets+1","infinitespire:NeuralNetwork+1","DemoMod:ChanceBullets+1","DemoMod:CursedBullets+1","DemoMod:TableSutra+1","DemoMod:Rummage+1","DemoMod:DoubleVision+1","DemoMod:TripleGun+1","DemoMod:ChanceBullets+1","DemoMod:HuntsMan+1","DemoMod:HuntsMan","DemoMod:CombinedRifle+1","DemoMod:FeignSurrender+1","DemoMod:ConditionalReflex+1","DemoMod:DoubleVision+1","DemoMod:Camera","DemoMod:HungryBullets+1"],"relics":["DemoMod:Dog","HushsDoor","NeowsBlessing","hubris:MobiusCoin","Simple Rune","Replay:Ringing Soul","YumHeart","HollowMod:PaleOreRelic","White Beast Statue","construct:WeddingRing","TheBattery","Bottled Flame","hubris:ToyBattleship","Replay:Bandana","MoneyPower","infinitespire:Cupcake","BelialBook","hubris:TenFootPole","Potion Belt","Replay:Bottled Eggs","Replay:Fungal Core","DemoMod:PortableTableDevice","Replay:Mystery Machine","DemoMod:GlassGuonStoneRelic","MaYiHuaBei","hubris:Icosahedron","D6","Toxic Egg 2","theForsaken:PaleLantern","hubris:BottledHeart","Bronze Scales","The Courier","hubris:64BitClover","construct:RocketBooster","Frozen Egg 2","Replay:Wanted Poster","Tiny Chest","Replay:Rubber Ducky","SteamSale","Onion Ring","Replay:Bottled Flurry","Strawberry","DemoMod:SerJunkan","Durian","DemoMod:Junk","infinitespire:FocusingShard","Lee\u0027s Waffle","Chameleon Ring","construct:ClawGrip","CeramicFish","Pet Ghost","DeathBook","DemoMod:MonsterBlood","Lantern"],"acts_visited":["Exordium","TheCity","TheBeyond","Exordium","TheCity","TheBeyond","Exordium"],"potions_floor_usage":[12,16,18,21,23,23,29,31,31,33,33,35,41,44,45,45,47,47,50,50,50,50,67,67,67,76,76,82,84,92,92,98,101,101,101,101,110],"damage_taken":[{"damage":0,"enemies":"Small Slimes","floor":1,"turns":1},{"damage":0,"enemies":"Hiden Room Battle","floor":2,"turns":1},{"damage":0,"enemies":"Cultist","floor":4,"turns":1},{"damage":0,"enemies":"Jaw Worm","floor":7,"turns":3},{"damage":5,"enemies":"2 Fungi Beasts","floor":10,"turns":3},{"damage":17,"enemies":"Lagavulin","floor":12,"turns":5},{"damage":9,"enemies":"3 Sentries","floor":14,"turns":2},{"damage":27,"enemies":"Hexaghost","floor":16,"turns":9},{"damage":11,"enemies":"3 Byrds","floor":18,"turns":3},{"damage":16,"enemies":"Shell Parasite","floor":21,"turns":3},{"damage":3,"enemies":"Cultist and Chosen","floor":22,"turns":4},{"damage":43,"enemies":"Slavers","floor":23,"turns":6},{"damage":27,"enemies":"Nightmare","floor":29,"turns":9},{"damage":10,"enemies":"Cultist and Chosen","floor":30,"turns":4},{"damage":15,"enemies":"Book of Stabbing","floor":31,"turns":3},{"damage":34,"enemies":"Collector","floor":33,"turns":6},{"damage":6,"enemies":"3 Darklings","floor":35,"turns":3},{"damage":6,"enemies":"Orb Walker","floor":38,"turns":2},{"damage":100,"enemies":"Nightmare","floor":41,"turns":9},{"damage":41,"enemies":"Nemesis","floor":44,"turns":3},{"damage":15,"enemies":"Writhing Mass","floor":45,"turns":3},{"damage":0,"enemies":"3 Darklings","floor":47,"turns":4},{"damage":0,"enemies":"Maw","floor":48,"turns":5},{"damage":31,"enemies":"hubris:GrandSnecko","floor":50,"turns":6},{"damage":0,"enemies":"Jaw Worm","floor":52,"turns":1},{"damage":14,"enemies":"Lagavulin Event","floor":55,"turns":3},{"damage":0,"enemies":"Cultist","floor":58,"turns":1},{"damage":0,"enemies":"2 Louse","floor":61,"turns":1},{"damage":0,"enemies":"Lagavulin","floor":63,"turns":2},{"damage":3,"enemies":"Gremlin Nob","floor":65,"turns":2},{"damage":9,"enemies":"The Guardian","floor":67,"turns":2},{"damage":0,"enemies":"Chosen","floor":69,"turns":1},{"damage":0,"enemies":"Spheric Guardian","floor":73,"turns":1},{"damage":0,"enemies":"Book of Stabbing","floor":74,"turns":2},{"damage":0,"enemies":"Slavers","floor":76,"turns":3},{"damage":0,"enemies":"Snecko","floor":79,"turns":1},{"damage":0,"enemies":"Chosen and Byrds","floor":82,"turns":2},{"damage":0,"enemies":"Collector","floor":84,"turns":3},{"damage":0,"enemies":"3 Shapes","floor":86,"turns":2},{"damage":0,"enemies":"Nemesis","floor":92,"turns":3},{"damage":0,"enemies":"3 Darklings","floor":93,"turns":2},{"damage":0,"enemies":"R_Hoarder","floor":95,"turns":3},{"damage":0,"enemies":"Reptomancer","floor":98,"turns":3},{"damage":0,"enemies":"Replay:Hell Engine","floor":101,"turns":3},{"damage":0,"enemies":"3 Sentries","floor":108,"turns":1},{"damage":0,"enemies":"Cultist","floor":109,"turns":1},{"damage":0,"enemies":"Gremlin Nob","floor":110,"turns":1}],"seed_played":"5683877292236892802","potions_obtained":[{"floor":4,"key":"DemoMod:LeadSkinPotion"},{"floor":7,"key":"Swift Potion"},{"floor":12,"key":"Block Potion"},{"floor":16,"key":"AttackPotion"},{"floor":18,"key":"Languid Potion"},{"floor":21,"key":"Guardian:BlockOnCardUsePotion"},{"floor":23,"key":"DemoMod:LeadSkinPotion"},{"floor":29,"key":"Weak Potion"},{"floor":30,"key":"Reflective Coating"},{"floor":32,"key":"BlessingOfTheForge"},{"floor":32,"key":"CultistPotion"},{"floor":33,"key":"Weak Potion"},{"floor":35,"key":"champ:CounterPotion"},{"floor":38,"key":"infinitespire:BlackPotion"},{"floor":44,"key":"Strength Potion"},{"floor":45,"key":"EntropicBrew"},{"floor":47,"key":"infinitespire:BlackPotion"},{"floor":48,"key":"BlessingOfTheForge"},{"floor":50,"key":"SkillPotion"},{"floor":52,"key":"GamblersBrew"},{"floor":55,"key":"sneckomod:MuddlingPotion"},{"floor":58,"key":"Explosive Potion"},{"floor":61,"key":"Venom Potion"},{"floor":67,"key":"champ:CounterPotion"},{"floor":69,"key":"Slimebound:ThreeZeroPotion"},{"floor":73,"key":"Regen Potion"},{"floor":74,"key":"SpeedPotion"},{"floor":76,"key":"LiquidBronze"},{"floor":79,"key":"Reflective Coating"},{"floor":82,"key":"FearPotion"},{"floor":84,"key":"LifebloodPotion"},{"floor":86,"key":"FairyPotion"},{"floor":92,"key":"SpeedPotion"},{"floor":93,"key":"Slimebound:ThreeZeroPotion"},{"floor":95,"key":"Flashbang"},{"floor":98,"key":"Languid Potion"},{"floor":100,"key":"Adrenaline Potion"},{"floor":100,"key":"Languid Potion"},{"floor":101,"key":"CultistPotion"},{"floor":108,"key":"AttackPotion"},{"floor":109,"key":"Explosive Potion"},{"floor":110,"key":"SpeedPotion"}],"is_trial":false,"path_per_floor":["M","?","?","M","?","R","M","R","T","M","R","E","R","E","R","B",null,"M","?","$","M","?","E","R","?","T","?","?","NM","M","E","R_BF","B",null,"M","?","T","M","?","R","NM","R","T","E","M","?","M","M","R","B",null,"M","?","$","?","?","R","M","R","T","M","?","E","R","E","R","B",null,"M","AVR","?","?","M","E","R","E","T","R","M","$","R","M","R","B",null,"M","?","$","?","?","R","E","M","T","E","R","$","E","T","R","B",null,"M","$","T","$","?","E","M","E","T","AVR","R","?"],"character_chosen":"HUNTRESS","items_purchased":["DemoMod:BSG","TheBattery","hubris:EnhanceAbility","DemoMod:PortableTableDevice","Replay:SS_fish_3","DemoMod:AbyssalTentacle","construct:RocketBooster","Frozen Egg 2","DemoMod:ChanceBullets+1","DemoMod:CursedBullets+1","DemoMod:TableSutra+1","Tiny Chest","Replay:Rubber Ducky","SteamSale","Onion Ring","DemoMod:WeirdEgg","Strawberry","DemoMod:SerJunkan","infinitespire:FocusingShard","Lee\u0027s Waffle","DemoMod:FeignSurrender+1","CeramicFish","Pet Ghost","DeathBook","DemoMod:MonsterBlood"],"campfire_rested":2,"item_purchase_floors":[17,20,20,54,54,68,80,80,80,80,80,88,88,88,88,88,88,88,97,97,97,104,104,104,104],"current_hp_per_floor":[70,55,55,55,68,68,68,68,68,63,63,49,49,68,68,44,78,70,73,76,63,88,48,48,96,96,99,77,53,46,59,59,28,114,111,96,96,93,93,93,21,57,57,16,4,4,7,50,89,61,135,138,135,138,127,127,127,130,130,130,133,133,136,136,136,136,147,156,159,162,1,1,1,1,1,1,1,1,1,1,1,1,1,1,1,1,1,1,1,1,1,1,1,1,1,1,1,1,1,1,1,1,1,1,1,1,1,1,1,1,1,1,1,0,0],"gold":984,"neow_bonus":"THREE_ENEMY_KILL","is_daily":false,"chose_seed":false,"campfire_upgraded":18,"win_rate":0.0,"timestamp":1609891004,"path_taken":["M","?","?","?","?","R","?","R","T","M","R","E","R","E","R","BOSS","M","?","$","M","?","E","R","?","T","?","?","NM","M","E","R_BF","BOSS","M","?","?","?","?","R","NM","R","T","E","M","?","?","M","R","BOSS","M","?","$","?","?","R","?","R","T","M","?","E","R","E","R","BOSS","M","AVR","?","?","M","E","R","E","T","R","M","$","R","M","R","BOSS","M","?","?","?","?","R","E","M","T","E","R","$","E","?","R","BOSS","M","$","?","$","?","E","M","E","T","AVR","R","?"],"items_purchased_type":["Card","Relic","Card","Relic","Card","Card","Relic","Relic","Card","Card","Card","Relic","Relic","Relic","Relic","Relic","Relic","Relic","Relic","Relic","Card","Relic","Relic","Relic","Relic"],"build_version":"2020-12-22","purchased_purges":0,"victory":false,"max_hp_per_floor":[70,70,70,70,70,70,70,70,70,70,70,73,73,76,76,79,78,81,84,87,90,93,96,96,96,96,99,102,105,108,111,111,114,114,117,117,117,120,120,120,123,123,123,123,126,126,129,132,132,135,135,138,135,138,141,141,141,144,144,144,147,147,150,150,153,153,156,156,159,162,1,1,1,1,1,1,1,1,1,1,1,1,1,1,1,1,1,1,1,1,1,1,1,1,1,1,1,1,1,1,1,1,1,1,1,1,1,1,1,1,1,1,1,1,1],"card_choices":[{"not_picked":["DemoMod:Unmoved","DemoMod:MachoBrace","DemoMod:EasyReloadBullets"],"picked":"SKIP","floor":1},{"not_picked":["DemoMod:DoubleSwitch","DemoMod:HardPowerCard"],"picked":"DemoMod:ConditionalReflex","floor":2},{"not_picked":["DemoMod:Eureka","DemoMod:ConditionalReflex"],"picked":"DemoMod:HuntsMan","floor":4},{"not_picked":["DemoMod:FastSwitch","DemoMod:TeaPot"],"picked":"DemoMod:Unity","floor":4},{"not_picked":["DemoMod:AC15","DemoMod:JK47"],"picked":"Bomb","floor":7},{"not_picked":["DemoMod:GunstockTap","DemoMod:Unmoved","DemoMod:ConditionalReflex"],"picked":"SKIP","floor":10},{"not_picked":["DemoMod:MachoBrace","Bomb"],"picked":"DemoMod:SAA","floor":12},{"not_picked":["DemoMod:GunstockTap","DemoMod:SpreadAmmo"],"picked":"Bomb","floor":14},{"not_picked":["DemoMod:DarkMarker","DemoMod:Behold!"],"picked":"DemoMod:Elimentaler","floor":16},{"not_picked":["DemoMod:HuntsMan+1","DemoMod:BattleInHaste+1"],"picked":"DemoMod:PotionOfGunFriendShip+1","floor":18},{"not_picked":["DemoMod:BoxingGlove","DemoMod:SpreadAmmo+1"],"picked":"DemoMod:ChanceBullets","floor":21},{"not_picked":["DemoMod:SkilledReload","DemoMod:AC15+1"],"picked":"DemoMod:HardPowerCard+1","floor":22},{"not_picked":["DemoMod:CombinedRifle+1","DemoMod:Rummage"],"picked":"DemoMod:BattleInHaste","floor":23},{"not_picked":["infinitespire:SevenWalls","infinitespire:UltimateForm"],"picked":"hubris:Rewind","floor":28},{"not_picked":["DemoMod:RadGun","DemoMod:JK47"],"picked":"DemoMod:FastSwitch+1","floor":29},{"not_picked":["DemoMod:AC15","DemoMod:FeignSurrender"],"picked":"DemoMod:Evolver","floor":30},{"not_picked":["DemoMod:BattleInHaste+1","DemoMod:LifeOrb"],"picked":"DemoMod:SuppressiveFire","floor":31},{"not_picked":["DemoMod:FightSabre","DemoMod:Gungine"],"picked":"DemoMod:Elimentaler","floor":33},{"not_picked":["DemoMod:FeignSurrender+1","DemoMod:DoubleSwitch"],"picked":"DemoMod:FortunesFavor+1","floor":35},{"not_picked":["DemoMod:GunstockTap","DemoMod:SpreadAmmo"],"picked":"DemoMod:RadGun+1","floor":38},{"not_picked":["ReplayTheSpireMod:Haul","infinitespire:DeathsTouch"],"picked":"hubris:Fate","floor":41},{"not_picked":["DemoMod:Unmoved","DemoMod:CombinedRifle"],"picked":"DemoMod:Gungine","floor":41},{"not_picked":["DemoMod:DoubleSwitch+1","DemoMod:HardPowerCard","DemoMod:DirectionalPad+1"],"picked":"SKIP","floor":44},{"not_picked":["DemoMod:DirectionalPad","DemoMod:TeaPot+1"],"picked":"DemoMod:ShadowBullets+1","floor":45},{"not_picked":["DemoMod:Evolver","DemoMod:RadGun"],"picked":"DemoMod:AC15","floor":47},{"not_picked":["DemoMod:ZorGun","DemoMod:DirectionalPad"],"picked":"DemoMod:BSG","floor":48},{"not_picked":["DemoMod:Slinger","DemoMod:Desperate"],"picked":"DemoMod:BlankBullets","floor":50},{"not_picked":["DemoMod:FastSwitch","DemoMod:DoubleSwitch"],"picked":"DemoMod:CursedBullets","floor":52},{"not_picked":["DemoMod:Unmoved","DemoMod:Polaris"],"picked":"DemoMod:SAA","floor":55},{"not_picked":["DemoMod:SniperShot","DemoMod:TeaPot"],"picked":"DemoMod:HuntsMan","floor":58},{"not_picked":["DemoMod:StickyCrossBow","DemoMod:AC15"],"picked":"DemoMod:TripleGun","floor":61},{"not_picked":["DemoMod:Eureka","DemoMod:Unmoved"],"picked":"DemoMod:ChanceBullets","floor":63},{"not_picked":["DemoMod:EasyReloadBullets","DemoMod:DirectionalPad"],"picked":"DemoMod:HardPowerCard+1","floor":65},{"not_picked":["DemoMod:BSG","DemoMod:Slinger"],"picked":"DemoMod:FullFirepower+1","floor":67},{"not_picked":["DemoMod:FeignSurrender+1","DemoMod:Ejector+1"],"picked":"DemoMod:ChanceBullets","floor":69},{"not_picked":["DemoMod:FastSwitch+1","DemoMod:JK47","DemoMod:BattleInHaste+1"],"picked":"SKIP","floor":73},{"not_picked":["DemoMod:AC15","DemoMod:ProbeStrike"],"picked":"DemoMod:HighKaliber","floor":74},{"not_picked":["DemoMod:ZorGun+1","DemoMod:BoxingGlove"],"picked":"DemoMod:CursedBullets","floor":76},{"not_picked":["hubris:Rewind","infinitespire:TheBestDefense"],"picked":"infinitespire:NeuralNetwork","floor":79},{"not_picked":["DemoMod:BoxingGlove","DemoMod:PracticeMakesPerfect+1"],"picked":"DemoMod:Rummage+1","floor":82},{"not_picked":["DemoMod:SuppressiveFire+1","DemoMod:Desperate+1"],"picked":"DemoMod:DoubleVision+1","floor":84},{"not_picked":["DemoMod:ZorGun","DemoMod:HighKaliber"],"picked":"DemoMod:TripleGun+1","floor":86},{"not_picked":["DemoMod:PotionOfGunFriendShip+1","DemoMod:HuntsMan+1"],"picked":"DemoMod:ChanceBullets+1","floor":86},{"not_picked":["DemoMod:SpreadAmmo+1","DemoMod:FastSwitch+1"],"picked":"DemoMod:HuntsMan+1","floor":92},{"not_picked":["DemoMod:DoubleSwitch+1","DemoMod:BoxingGlove+1"],"picked":"DemoMod:HuntsMan","floor":93},{"not_picked":["DemoMod:Rummage+1","DemoMod:FastSwitch+1"],"picked":"DemoMod:CombinedRifle+1","floor":95},{"not_picked":["DemoMod:BoxingGlove","DemoMod:CombinedRifle"],"picked":"DemoMod:ConditionalReflex+1","floor":98},{"not_picked":["DemoMod:Behold!+1","DemoMod:BSG"],"picked":"DemoMod:DoubleVision+1","floor":101},{"not_picked":["DemoMod:DirectionalPad","DemoMod:MachoBrace+1","DemoMod:ProbeStrike"],"picked":"SKIP","floor":108},{"not_picked":["DemoMod:DirectionalPad","DemoMod:MachoBrace+1","DemoMod:ProbeStrike"],"picked":"SKIP","floor":108},{"not_picked":["DemoMod:ZorGun","DemoMod:MachoBrace+1"],"picked":"DemoMod:HungryBullets+1","floor":109},{"not_picked":["DemoMod:DirectionalPad","DemoMod:BattleInHaste+1","DemoMod:Unmoved+1"],"picked":"SKIP","floor":110}],"player_experience":314244,"relics_obtained":[{"floor":2,"key":"hubris:MobiusCoin"},{"floor":2,"key":"Simple Rune"},{"floor":9,"key":"Replay:Ringing Soul"},{"floor":12,"key":"HollowMod:PaleOreRelic"},{"floor":14,"key":"White Beast Statue"},{"floor":22,"key":"Bottled Flame"},{"floor":23,"key":"hubris:ToyBattleship"},{"floor":29,"key":"Replay:Bandana"},{"floor":31,"key":"MoneyPower"},{"floor":37,"key":"BelialBook"},{"floor":41,"key":"hubris:TenFootPole"},{"floor":43,"key":"Potion Belt"},{"floor":44,"key":"Replay:Bottled Eggs"},{"floor":55,"key":"Replay:Mystery Machine"},{"floor":60,"key":"MaYiHuaBei"},{"floor":63,"key":"D6"},{"floor":65,"key":"Toxic Egg 2"},{"floor":74,"key":"Bronze Scales"},{"floor":76,"key":"The Courier"},{"floor":77,"key":"hubris:64BitClover"},{"floor":92,"key":"Durian"},{"floor":94,"key":"DemoMod:Junk"},{"floor":95,"key":"DemoMod:Junk"},{"floor":98,"key":"Chameleon Ring"},{"floor":99,"key":"DemoMod:Junk"},{"floor":105,"key":"DemoMod:Junk"},{"floor":108,"key":"DemoMod:Junk"},{"floor":109,"key":"DemoMod:Junk"},{"floor":110,"key":"Lantern"},{"floor":111,"key":"DemoMod:Junk"}],"event_choices":[{"damage_healed":0,"gold_gain":0,"player_choice":"Fight","damage_taken":0,"max_hp_gain":0,"max_hp_loss":0,"event_name":"HidenRoomEvent","floor":2,"gold_loss":0},{"damage_healed":0,"gold_gain":0,"player_choice":"Grow","damage_taken":0,"max_hp_gain":0,"max_hp_loss":0,"event_name":"Living Wall","floor":3,"gold_loss":0,"cards_upgraded":["DemoMod:ConditionalReflex"]},{"damage_healed":0,"gold_gain":0,"player_choice":"Obtain J.A.X.","damage_taken":0,"max_hp_gain":0,"max_hp_loss":0,"event_name":"Drug Dealer","floor":19,"gold_loss":0,"cards_obtained":["J.A.X."]},{"damage_healed":48,"gold_gain":0,"player_choice":"Full Heal","damage_taken":0,"max_hp_gain":0,"max_hp_loss":0,"event_name":"Wheel of Change","floor":25,"gold_loss":0},{"cards_removed":["Parasite"],"damage_healed":0,"gold_gain":0,"player_choice":"Purged","damage_taken":0,"max_hp_gain":0,"max_hp_loss":0,"event_name":"Purifier","floor":53,"gold_loss":0},{"damage_healed":0,"gold_gain":0,"player_choice":"Searched \u00272\u0027 times","damage_taken":0,"max_hp_gain":0,"max_hp_loss":0,"event_name":"Dead Adventurer","floor":55,"gold_loss":0},{"damage_healed":0,"gold_gain":0,"cards_transformed":["DemoMod:Strike_Huntress"],"player_choice":"Transformed","damage_taken":0,"max_hp_gain":0,"max_hp_loss":0,"event_name":"Transmorgrifier","floor":72,"gold_loss":0,"cards_obtained":["DemoMod:AC15"]},{"cards_removed":["DemoMod:BSG"],"damage_healed":0,"gold_gain":0,"player_choice":"Offered Rare","damage_taken":0,"max_hp_gain":10,"max_hp_loss":0,"event_name":"Bonfire Elementals","floor":89,"gold_loss":0},{"damage_healed":0,"gold_gain":0,"player_choice":"Memory 1","damage_taken":0,"max_hp_gain":0,"max_hp_loss":0,"event_name":"SensoryStone","floor":90,"gold_loss":0},{"damage_healed":0,"gold_gain":0,"cards_transformed":["DemoMod:Defend_Huntress"],"player_choice":"Transformed","damage_taken":0,"max_hp_gain":0,"max_hp_loss":0,"event_name":"Transmorgrifier","floor":107,"gold_loss":0,"cards_obtained":["DemoMod:Camera"]}],"is_beta":false,"boss_relics":[{"not_picked":["Runic Dome","Painkiller Herb"],"picked":"construct:WeddingRing"},{"not_picked":[]},{"not_picked":["Replay:Ancient Bell","Astrolabe"],"picked":"infinitespire:Cupcake"},{"not_picked":[]},{"not_picked":["Cursed Key","Snecko Eye"],"picked":"Replay:Fungal Core"},{"not_picked":[]},{"not_picked":["ReplayTheSpireMod:DimensionalGlitch","hubris:Backtick"],"picked":"theForsaken:PaleLantern"},{"not_picked":[]},{"not_picked":["DemoMod:Wolf","hubris:RunicObelisk"],"picked":"Replay:Wanted Poster"},{"not_picked":[]},{"not_picked":["Runic Pyramid","ChampionBelt"],"picked":"construct:ClawGrip"},{"not_picked":[]}],"items_purged_floors":[],"is_endless":true,"potions_floor_spawned":[4,7,12,16,18,21,23,29,30,33,35,38,44,45,47,48,50,52,55,58,61,63,65,67,69,73,74,76,79,82,84,86,92,93,95,98,101,108,109,110],"ascension_level":1}}