{"host":"ymw71f7rc9ndansy","time":1609831508,"event":{"mods":["ATMod(°¢èªMod)","Act Like it!","Aspiration","BaseMod","DeckTracker","Hubris","Library of Ruina","Library of Ruina Extra","Lobotomy","LobotomyExtend","Minty Spire (QoL Compilation)","MostiFishMod","Remove Card Discount Mod","Replay The Spire","StSLib","TestMod","¡¾ÒÅÎï¿¨ÅÆ¡¿REMEMod"],"gold_per_floor":[117,117,117,131,141,172,172,186,186,219,233,253,40,81,81,157,157,168,72,72,86,86,117,117,448,448,448,438,473,489,516,528,619,631,662,949,977,1005,352,380,391,419,500,55,86,122,183,233,233,257,269],"floor_reached":52,"playtime":2097,"items_purged":["LightAttack","LightAttack","LightAttack","Spreading Infection","Doubt","Writhe","ChargeAndCover","FocusedStrikes","Dodge","LightDefense","LightDefense","LightDefense","TieShanKao","ConcentratedFire","Eliminate","LightDefense","Regret","Struggle","Reload+1"],"score":3043,"play_id":"5341357f-c552-419b-a76e-ee931f68d478","local_time":"20210105152508","is_ascension_mode":true,"campfire_choices":[{"data":"Reload","floor":7.0,"key":"SMITH"},{"floor":15.0,"key":"REST"},{"data":"BattleCommand","floor":24.0,"key":"SMITH"},{"data":"UnforgettableMelody","floor":32,"key":"SMITH"},{"floor":49,"key":"RECALL"}],"circlet_count":0,"master_deck":["AscendersBane","AT_RealColorLess+1","TheRedNotes","Commandeering+1","QuickSuppression","Reload+1","SavageMode","GrazeTheGrass","Finesse+1","BattleCommand+1","RepressedFlesh","CleanUp","Commandeering+1","UnforgettableMelody+1","Disposal","Disposal+1","ChargeUp+1","UnavoidableGaze+1","RagingStorm+1","UnavoidableGaze+1","DimensionalRift","AlloutWar"],"relics":["PageOfLibrarian","testmod-TestBox","DaveBox","REME_ComplimentaryCards","AT_ATBox","ShadowXiaoBlade","testmod-Laevatain","NeowsBlessing","SynthV:TestCard","AT_RedNoBalance","Replay:Bottled Eggs","AT_ChloranthyRing","FeatherPendant","Nloth\u0027s Gift","hubris:Reverence","Old Coin","Replay:Mystery Machine","Blue Doll","MawBank","GreenFoldingFan","BrkXgEgg","Vajra","Akabeko","AT_PhaseBoots","Replay:Bandana","War Paint","Kunai","Unceasing Top"],"acts_visited":["Exordium","TheCity","TheBeyond"],"potions_floor_usage":[52,52],"damage_taken":[{"damage":0.0,"enemies":"Small Slimes","floor":1.0,"turns":2.0},{"damage":0.0,"enemies":"Cultist","floor":4.0,"turns":1.0},{"damage":0.0,"enemies":"2 Louse","floor":5.0,"turns":2.0},{"damage":2.0,"enemies":"3 Sentries","floor":6.0,"turns":5.0},{"damage":3.0,"enemies":"Exordium Thugs","floor":8.0,"turns":3.0},{"damage":0.0,"enemies":"Gremlin Nob","floor":10.0,"turns":1.0},{"damage":0.0,"enemies":"2 Fungi Beasts","floor":11.0,"turns":1.0},{"damage":0.0,"enemies":"Blue Slaver","floor":12.0,"turns":1.0},{"damage":0.0,"enemies":"Gremlin Gang","floor":14.0,"turns":2.0},{"damage":0.0,"enemies":"Hexaghost","floor":16.0,"turns":3.0},{"damage":0.0,"enemies":"2 Thieves","floor":18.0,"turns":2.0},{"damage":0.0,"enemies":"3 Byrds","floor":21.0,"turns":1.0},{"damage":0.0,"enemies":"Gremlin Leader","floor":23.0,"turns":3.0},{"damage":0.0,"enemies":"Book of Stabbing","floor":25.0,"turns":1.0},{"damage":0.0,"enemies":"Slavers","floor":29.0,"turns":1.0},{"damage":0.0,"enemies":"Shelled Parasite and Fungi","floor":30.0,"turns":1.0},{"damage":0,"enemies":"REME_1_Revenger","floor":31,"turns":1},{"damage":0,"enemies":"KingOfGreed","floor":33,"turns":3},{"damage":2,"enemies":"3 Darklings","floor":35,"turns":1},{"damage":2,"enemies":"3 Shapes","floor":37,"turns":1},{"damage":4,"enemies":"Jaw Worm Horde","floor":38,"turns":2},{"damage":2,"enemies":"Nemesis","floor":40,"turns":1},{"damage":2,"enemies":"Spire Growth","floor":41,"turns":1},{"damage":2,"enemies":"Reptomancer","floor":42,"turns":1},{"damage":2,"enemies":"Sphere and 2 Shapes","floor":45,"turns":1},{"damage":4,"enemies":"Writhing Mass","floor":46,"turns":2},{"damage":4,"enemies":"Giant Head","floor":47,"turns":2},{"damage":2,"enemies":"Transient","floor":48,"turns":1},{"damage":2,"enemies":"hubris:GrandSnecko","floor":50,"turns":1},{"damage":8,"enemies":"Time Eater","floor":51,"turns":4},{"damage":4,"enemies":"Malkuth","floor":52,"turns":2},{"damage":4,"enemies":"Netzach","floor":52,"turns":2},{"damage":6,"enemies":"Tiphereth","floor":52,"turns":3},{"damage":4,"enemies":"Binah","floor":52,"turns":2},{"damage":36,"enemies":"Angela","floor":52,"turns":2}],"seed_played":"7733509584210207485","potions_obtained":[{"floor":4.0,"key":"Block Potion"},{"floor":8.0,"key":"testmod-TimePotion"},{"floor":10.0,"key":"REME_GoldPotion"},{"floor":16.0,"key":"Explosive Potion"},{"floor":23.0,"key":"Energy Potion"},{"floor":42,"key":"PowerPotion"}],"is_trial":false,"path_per_floor":["M","?","?","M","M","E","R","M","T","E","M","M","$","M","R","B",null,"M","$","?","M","?","E","R","E","T","$","$","E","M","E","R","B",null,"M","?","M","M","$","E","M","E","T","$","M","M","E","M","R","B","B",null],"character_chosen":"Librarian","items_purchased":["AT_ChloranthyRing","Reload+1","Finesse","BrkXgEgg","Vajra","Akabeko","Disposal+1","War Paint","Kunai"],"campfire_rested":1,"item_purchase_floors":[13,13,19,39,39,39,39,44,44],"current_hp_per_floor":[54,59,59,59,59,57,57,54,54,39,39,39,39,39,62,39,69,39,39,39,39,39,39,39,39,39,39,39,39,39,39,39,39,78,86,86,91,91,91,91,91,91,91,91,91,91,91,91,91,91,91],"gold":557,"neow_bonus":"THREE_ENEMY_KILL","is_daily":false,"chose_seed":false,"campfire_upgraded":3,"win_rate":0.0,"timestamp":1609831508,"path_taken":["M","?","?","M","?","E","R","M","T","E","M","M","$","M","R","BOSS","M","$","?","?","?","E","R","E","T","?","$","E","M","E","R","BOSS","M","?","M","M","$","E","M","E","T","$","M","M","E","?","R","BOSS","BOSS"],"items_purchased_type":["Relic","Card","Card","Relic","Relic","Relic","Card","Relic","Relic"],"build_version":"2020-12-22","purchased_purges":19,"victory":true,"max_hp_per_floor":[78,83,83,83,83,83,83,79,79,79,79,79,79,79,79,79,79,79,79,79,79,79,79,79,79,79,79,79,79,79,91,91,91,91,91,91,91,91,91,91,91,91,91,91,91,91,91,91,91,91,91],"card_choices":[{"not_picked":["YoureAHindrance","SkitterAway","FrontalAssault","DefenseOrder","DesperateStruggle","Quickness","PinpointShot","Faith"],"picked":"TheRedNotes","floor":1.0},{"not_picked":["ReadyUp","SenseQuarry","Endure","FierceCharge","Standoff","FeelinGood","MultiHit","FervidEmotions","BindingArms","Execute_lor"],"picked":"Struggle","floor":4.0},{"not_picked":["SearingSword","Wallop_lor","StrongStrike","Eject","AGoldenOpportunity","PreparedMind","DaringDecision","Unlock1","MultiHit","BindingArms"],"picked":"ConcentratedFire","floor":5.0},{"not_picked":["AGoldenOpportunity","ConcentratedFire","EnergyShield","AssaultOrder","SteelKnuckles","MultiHit","Cruelty","EndlessBattle","YoureAHindrance","SinglePointStab"],"picked":"Reload","floor":6.0},{"not_picked":["Track","HeavyPeaks","Leap_lor","Parry","MultiBlock","QuickAttack","HighKick","SkyClearingCut","PinpointShot","Eject"],"picked":"Commandeering","floor":10.0},{"not_picked":["SkyClearingCut","Mutilate","StructuralAnalysis","FendThisOffIfYouCan","SilentNight","UpbeatPerformance","FleetEdge","GuardingStance","GuidanceOfTheGears","FlowOfTheSword"],"picked":"Eliminate","floor":11.0},{"not_picked":["TraceOfFumes","Standoff","EnergyCycle","SharpSwipe","BizarreAttack","ChopItOff","TimeForALittleTest","SpearedSweep","Multislash","SuppressingShot"],"picked":"QuickSuppression","floor":12.0},{"not_picked":["TrashDisposal","Castigation","Deflect_lor","Eradication"],"picked":"SavageMode","floor":16.0},{"not_picked":["SharpSwipe","Retaliate","TendonChords","BiteOff","SummaryJudgment","DarkCloud","Transpierce","HandlingWork+1","GuidanceOfTheGears","Pound"],"picked":"GrazeTheGrass","floor":18.0},{"not_picked":["Struggle","Parry","Unlock1","BlazingStrike","SomberProcuration","GuardingStance","HeavyPeaks","Juggling","Outburst","BiteOff"],"picked":"BattleCommand","floor":21.0},{"not_picked":["ForTheFamily","TrashDisposal","MultiHit+1","FormingStorm","UnavoidableGaze","GuardingStance","StrongStrike+1","GutHarvesting","FlamingDragonFist","Unlock1"],"picked":"RepressedFlesh","floor":23.0},{"not_picked":["SpearedSweep","Thrust","YourShield","GroundSmash","WildCard","YoureAHindrance","LeRegole","SuppressingShot","WillProduceFineSilk","Riposte"],"picked":"CleanUp","floor":25.0},{"not_picked":["Bvapour","GutHarvesting","Observe","CrackOfDawn","AsThePrescriptOrders","DefenseOrder","GoinFirst","WillOfThePrescript","DarkCloud","FleetFootsteps"],"picked":"Commandeering","floor":29.0},{"not_picked":["ReadyUp","DestructiveImpact","SavageMode","WillOfThePrescript","NightInTheBackstreets","MultiBlock","HardRehearsal","Transpierce","ScratchThat","Castigation"],"picked":"UnforgettableMelody","floor":31},{"not_picked":["SinglePointStab+1","WrathOfTorment","GuardingStance","NightInTheBackstreets+1","PreemptiveStrike","WillOfThePrescript","YoureAHindrance","RulesOfTheBackstreets","ElectricShock","Preparation"],"picked":"Disposal","floor":37},{"not_picked":["NightInTheBackstreets+1","CrackOfDawn+1","WillOfThePrescript","SearingSword+1","Ripple","Faith+1","EnergyBeam+1","Quickness","FleetEdge","ForTheFamily+1"],"picked":"ChargeUp+1","floor":40},{"not_picked":["InnerArdor","SuppressingShot","SunsetBlade","StrongStrike+1","DarkCloud","UpbeatPerformance","EnergyBeam+1","WillProduceFineSilk+1","NightInTheBackstreets","FrontalAssault+1"],"picked":"UnavoidableGaze+1","floor":41},{"not_picked":["Fence","FeelinGood","FleetFootsteps","SharpSwipe","PreparedMind+1","BackAttack+1","TasteMyFlamingBat","HiddenBlade","UnavoidableGaze","CumulusWall"],"picked":"RagingStorm+1","floor":42},{"not_picked":["RatsGuideToSurvival","Track","SummaryJudgment","EnergyShield","EnergyStrike","ICanCookAnything","StartinOutLightly","ToOvercomeCrisis","Quickness","Pound"],"picked":"UnavoidableGaze+1","floor":45},{"not_picked":["FleetFootsteps+1","Bvapour","HeavyPeaks","Eradication+1","GuidanceOfTheGears+1","FieryWaltz+1","NightInTheBackstreets","WillOfThePrescript","Quickness+1","AsThePrescriptOrders"],"picked":"DimensionalRift","floor":46},{"not_picked":["ClassAndRespect+1","DesperateStruggle","FrontalAssault","FierceCharge","MindCrush+1","ChopItOff","Pound","FlamingDragonFist+1","DaringDecision+1","NonstopAssault"],"picked":"AlloutWar","floor":47}],"player_experience":1079875,"relics_obtained":[{"floor":1.0,"key":"SynthV:TestCard"},{"floor":6.0,"key":"aspiration:HatOfInfinitePower"},{"floor":9.0,"key":"AT_SilverBalance"},{"floor":10.0,"key":"Replay:Bottled Eggs"},{"floor":23.0,"key":"hubris:Reverence"},{"floor":25.0,"key":"Old Coin"},{"floor":26.0,"key":"Replay:Mystery Machine"},{"floor":29.0,"key":"Blue Doll"},{"floor":31,"key":"MawBank"},{"floor":40,"key":"AT_SpeedBoots"},{"floor":42,"key":"Replay:Bandana"},{"floor":47,"key":"Unceasing Top"}],"event_choices":[{"damage_healed":0.0,"max_hp_gain":5.0,"max_hp_loss":0.0,"gold_gain":0.0,"event_name":"Big Fish","player_choice":"Donut","floor":2.0,"gold_loss":0.0,"damage_taken":0.0},{"damage_healed":0.0,"max_hp_gain":0.0,"max_hp_loss":0.0,"gold_gain":0.0,"event_name":"Upgrade Shrine","player_choice":"Upgraded","floor":3.0,"gold_loss":0.0,"damage_taken":0.0,"cards_upgraded":["AT_RealColorLess"]},{"damage_healed":0.0,"max_hp_gain":0.0,"max_hp_loss":0.0,"gold_gain":0.0,"event_name":"N\u0027loth","player_choice":"Traded Relic","floor":20.0,"relics_lost":["aspiration:HatOfInfinitePower"],"gold_loss":0.0,"damage_taken":0.0,"relics_obtained":["Nloth\u0027s Gift"]},{"damage_healed":0.0,"max_hp_gain":0.0,"max_hp_loss":0.0,"gold_gain":0.0,"event_name":"Lab","player_choice":"Got Potions","floor":22.0,"gold_loss":0.0,"damage_taken":0.0},{"damage_healed":0,"gold_gain":275,"player_choice":"Desecrate","damage_taken":0,"max_hp_gain":0,"max_hp_loss":0,"event_name":"Golden Shrine","floor":36,"gold_loss":0,"cards_obtained":["Regret"]}],"is_beta":false,"boss_relics":[{"not_picked":["RhineFirstAidKit","Cursed Key"],"picked":"FeatherPendant"},{"not_picked":["ReplayTheSpireMod:DimensionalGlitch","Tiny House"],"picked":"GreenFoldingFan"}],"items_purged_floors":[13,13,13,13,13,13,13,13,13,13,28,28,28,28,28,39,39,39,44],"is_endless":false,"potions_floor_spawned":[4,8,10,11,16,23,25,35,38,42,46,48],"ascension_level":20}}