{"host":"oy4pyvr762z5n0bb","time":1609886422,"event":{"mods":["AchievementEnabler","BaseMod","Colored Map","Colored Powertips","Googly Eyes","Key Reminder","Minty Spire (QoL Compilation)","Quick Restart","Relic Sorter","StSLib","SuperFastMode","Unceasing Turn Reminder","slay the spire mod where everything is the same but ironclad has a cowboy hat"],"gold_per_floor":[216,216,227,227,240,272,272,125,150,150,150,150,174,36,36,143,143,167,189,218,246,3,3,3,3,3,16,16,44,44,44,44],"floor_reached":31,"playtime":518,"items_purged":["Strike_G"],"score":369,"play_id":"10ccef4a-44b4-4c61-a23b-690b3c5a6a3b","local_time":"20210105144022","is_ascension_mode":true,"campfire_choices":[{"floor":7,"key":"REST"},{"floor":10,"key":"REST"},{"data":"Survivor","floor":12,"key":"SMITH"},{"data":"Bane","floor":15,"key":"SMITH"},{"floor":23,"key":"REST"},{"floor":25,"key":"REST"}],"circlet_count":0,"master_deck":["Strike_G+1","Strike_G+1","Strike_G+1","Strike_G+1","Defend_G+1","Defend_G+1","Defend_G+1","Defend_G+1","Defend_G+1","Survivor+1","Neutralize","Deadly Poison+1","Prepared+1","Bane+1","Dodge and Roll","Tactician+1","Dagger Throw","Deadly Poison+1","Envenom","Reflex","Eviscerate+1","Slice+1","Noxious Fumes+1"],"relics":["Ring of the Snake","Snake Skull","CeramicFish","DollysMirror","Fusion Hammer","Ninja Scroll","Pear","Vajra"],"acts_visited":["Exordium","TheCity"],"potions_floor_usage":[6,20,20,24],"damage_taken":[{"damage":5.0,"enemies":"Small Slimes","floor":1.0,"turns":3.0},{"damage":0,"enemies":"Cultist","floor":3,"turns":3},{"damage":3,"enemies":"Jaw Worm","floor":5,"turns":4},{"damage":33,"enemies":"Gremlin Nob","floor":6,"turns":4},{"damage":11,"enemies":"3 Louse","floor":13,"turns":3},{"damage":20,"enemies":"The Guardian","floor":16,"turns":8},{"damage":21,"enemies":"Shell Parasite","floor":18,"turns":4},{"damage":1,"enemies":"Chosen","floor":19,"turns":3},{"damage":13,"enemies":"Shelled Parasite and Fungi","floor":20,"turns":4},{"damage":11,"enemies":"Centurion and Healer","floor":21,"turns":5},{"damage":0,"enemies":"Slavers","floor":24,"turns":1},{"damage":13,"enemies":"Snake Plant","floor":27,"turns":3},{"damage":30,"enemies":"Book of Stabbing","floor":29,"turns":5},{"damage":28,"enemies":"Slavers","floor":31,"turns":2}],"seed_played":"1628238769995754888","potions_obtained":[{"floor":1.0,"key":"Poison Potion"},{"floor":6,"key":"Block Potion"},{"floor":13,"key":"Energy Potion"},{"floor":19,"key":"Poison Potion"},{"floor":21,"key":"SmokeBomb"},{"floor":27,"key":"FearPotion"},{"floor":29,"key":"BlessingOfTheForge"}],"is_trial":false,"path_per_floor":["M","?","M","?","M","E","R","$","T","R","?","R","M","$","R","B",null,"M","M","M","M","$","R","E","R","T","M","?","E","?","E"],"character_chosen":"THE_SILENT","items_purchased":["Tactician","DollysMirror","Ninja Scroll"],"campfire_rested":4,"item_purchase_floors":[8,14,22],"current_hp_per_floor":[58,58,58,58,55,22,43,43,43,64,64,64,53,53,53,33,61,40,39,26,15,15,36,36,57,67,54,54,24,24,0,0],"gold":44,"neow_bonus":"HUNDRED_GOLD","is_daily":false,"chose_seed":false,"campfire_upgraded":2,"win_rate":0.0,"timestamp":1609886422,"path_taken":["M","?","?","?","M","E","R","$","T","R","?","R","M","$","R","BOSS","M","M","M","?","$","R","E","R","T","M","?","E","?","E"],"items_purchased_type":["Card","Relic","Relic"],"build_version":"2020-12-22","purchased_purges":1,"victory":false,"max_hp_per_floor":[70,70,70,70,70,70,70,70,70,70,70,70,70,70,70,70,70,70,70,70,70,70,70,70,70,80,80,80,80,80,80,80],"card_choices":[{"not_picked":["Leg Sweep","Backflip"],"picked":"Deadly Poison","floor":1.0},{"not_picked":["Eviscerate","Distraction"],"picked":"Prepared","floor":3},{"not_picked":["Flying Knee","Underhanded Strike"],"picked":"Bane","floor":5},{"not_picked":["Accuracy","Masterful Stab"],"picked":"Dodge and Roll","floor":6},{"not_picked":["Underhanded Strike","Cloak And Dagger"],"picked":"Dagger Throw","floor":13},{"not_picked":["Die Die Die","Malaise"],"picked":"Envenom","floor":16},{"not_picked":["Flechettes+1","Heel Hook+1"],"picked":"Reflex","floor":18},{"not_picked":["Sucker Punch","Backstab"],"picked":"Eviscerate+1","floor":19},{"not_picked":["Underhanded Strike+1","Predator"],"picked":"Slice+1","floor":20},{"not_picked":["Slice","Flying Knee"],"picked":"Noxious Fumes+1","floor":21},{"not_picked":["Well Laid Plans","Dagger Spray","Masterful Stab"],"picked":"SKIP","floor":27},{"not_picked":["Phantasmal Killer","Cloak And Dagger+1","Acrobatics"],"picked":"SKIP","floor":29}],"player_experience":634607,"relics_obtained":[{"floor":6,"key":"Snake Skull"},{"floor":9,"key":"CeramicFish"},{"floor":26,"key":"Pear"},{"floor":29,"key":"Vajra"}],"event_choices":[{"damage_healed":0.0,"max_hp_gain":0.0,"max_hp_loss":0.0,"gold_gain":0.0,"event_name":"Upgrade Shrine","player_choice":"Upgraded","floor":2.0,"gold_loss":0.0,"damage_taken":0.0,"cards_upgraded":["Deadly Poison"]},{"damage_healed":0,"gold_gain":0,"player_choice":"Grow","damage_taken":0,"max_hp_gain":0,"max_hp_loss":0,"event_name":"Living Wall","floor":4,"gold_loss":0,"cards_upgraded":["Prepared"]},{"damage_healed":0,"gold_gain":0,"player_choice":"Upgraded","damage_taken":0,"max_hp_gain":0,"max_hp_loss":0,"event_name":"Upgrade Shrine","floor":11,"gold_loss":0,"cards_upgraded":["Tactician"]},{"damage_healed":0,"gold_gain":0,"player_choice":"Simplicity","damage_taken":0,"max_hp_gain":0,"max_hp_loss":0,"event_name":"Back to Basics","floor":28,"gold_loss":0,"cards_upgraded":["Strike_G","Strike_G","Strike_G","Strike_G","Defend_G","Defend_G","Defend_G","Defend_G","Defend_G"]},{"damage_healed":0,"gold_gain":0,"player_choice":"Ignored","damage_taken":0,"max_hp_gain":0,"max_hp_loss":0,"event_name":"Ghosts","floor":30,"gold_loss":0}],"is_beta":false,"boss_relics":[{"not_picked":["Sozu","Calling Bell"],"picked":"Fusion Hammer"}],"items_purged_floors":[8],"is_endless":false,"potions_floor_spawned":[1,6,13,19,21,27,29],"killed_by":"Slavers","ascension_level":7}}