{"host":"yp47u74hk6n79vj1","time":1609832005,"event":{"mods":["BaseMod","Colored Map","Highlight Path","Minty Spire (QoL Compilation)"],"gold_per_floor":[114,131,131,131,32,32,67,67,94,94,94,126,126,126,126],"floor_reached":14,"playtime":348,"items_purged":["Strike_R"],"score":108,"play_id":"4c8ee61c-8f1f-4d47-890e-31d81fa44de5","local_time":"20210105023325","is_ascension_mode":true,"campfire_choices":[{"data":"Iron Wave","floor":6,"key":"SMITH"},{"data":"Iron Wave","floor":8,"key":"SMITH"},{"floor":13,"key":"RECALL"}],"circlet_count":0,"master_deck":["Strike_R","Strike_R","Strike_R","Defend_R","Defend_R","Defend_R+1","Iron Wave+1","Shrug It Off+1","Iron Wave+1","Ghostly Armor"],"relics":["Burning Blood","Frozen Egg 2","Bag of Preparation","The Courier"],"acts_visited":["Exordium"],"potions_floor_usage":[7,12],"damage_taken":[{"damage":4,"enemies":"Jaw Worm","floor":1,"turns":5},{"damage":9,"enemies":"Small Slimes","floor":2,"turns":4},{"damage":23,"enemies":"Gremlin Nob","floor":7,"turns":5},{"damage":8,"enemies":"3 Sentries","floor":12,"turns":11},{"damage":24,"enemies":"Gremlin Nob","floor":14,"turns":5}],"seed_played":"-757325972620033497","potions_obtained":[{"floor":1,"key":"SkillPotion"},{"floor":7,"key":"Weak Potion"}],"is_trial":false,"path_per_floor":["M","M","?","?","$","R","E","R","T","?","?","E","R","E"],"character_chosen":"IRONCLAD","items_purchased":["Shrug It Off"],"campfire_rested":0,"item_purchase_floors":[5],"current_hp_per_floor":[58,55,48,48,48,48,31,31,31,15,15,13,13,0,0],"gold":126,"neow_bonus":"REMOVE_TWO","is_daily":false,"chose_seed":false,"campfire_upgraded":2,"win_rate":0.0,"timestamp":1609832005,"path_taken":["M","M","?","?","?","R","E","R","T","?","?","E","R","E"],"items_purchased_type":["Card"],"build_version":"2020-12-22","purchased_purges":1,"victory":false,"max_hp_per_floor":[80,80,80,80,80,80,80,80,80,80,80,80,80,80,80],"card_choices":[{"not_picked":["Whirlwind","Clash"],"picked":"Iron Wave","floor":1},{"not_picked":["Armaments","Clothesline","Havoc"],"picked":"SKIP","floor":2},{"not_picked":["Whirlwind","Shockwave"],"picked":"Iron Wave","floor":7},{"not_picked":["Reckless Charge","Perfected Strike"],"picked":"Ghostly Armor","floor":12}],"player_experience":595358,"relics_obtained":[{"floor":7,"key":"Frozen Egg 2"},{"floor":12,"key":"The Courier"}],"event_choices":[{"cards_removed":["Defend_R"],"damage_healed":0,"gold_gain":0,"player_choice":"Card Removal","damage_taken":7,"max_hp_gain":0,"max_hp_loss":0,"event_name":"Golden Wing","floor":3,"gold_loss":0},{"damage_healed":0,"gold_gain":0,"player_choice":"Ignored","damage_taken":0,"max_hp_gain":0,"max_hp_loss":0,"event_name":"Liars Game","floor":4,"gold_loss":0},{"damage_healed":0,"gold_gain":0,"player_choice":"Entered Light","damage_taken":16,"max_hp_gain":0,"max_hp_loss":0,"event_name":"Shining Light","floor":10,"gold_loss":0,"cards_upgraded":["Defend_R","Shrug It Off"]},{"damage_healed":0,"gold_gain":0,"player_choice":"Searched \u00271\u0027 times","damage_taken":0,"relics_obtained":["Bag of Preparation"],"max_hp_gain":0,"max_hp_loss":0,"event_name":"Dead Adventurer","floor":11,"gold_loss":0}],"is_beta":false,"boss_relics":[],"items_purged_floors":[5],"is_endless":false,"potions_floor_spawned":[1,7],"killed_by":"Gremlin Nob","ascension_level":3}}