{"host":"97feeoqujgl2pi7v","time":1609837504,"event":{"mods":["AchievementEnabler","Act Like it!","Aspiration","Bard","BaseMod","Better Third Choice","Colored Map","Colored Powertips","Conspire","DeckTracker","Downfall","Duelist Mod","Gensokyo","GifTheSpireLib","Gremlin Mod","Halation","Hallownest","Hermit","Hubris","Infinite Spire","Jorbs\u0027s Wanderer Trilogy","Koishi","Mad Scientist","Marisa（霧雨　魔理沙）","Minty Spire (QoL Compilation)","Rare Cards Sparkle","Reimu（博丽灵梦）","Replay The Spire","Robot Space Explorer","Shop Mod","StSLib","Td1madao Mod","The Administrix","The Animator","The Blackbeard","The Bladedancer","The Bug Knight","The Construct","The Cursed","The Disciple","The Dragon Tamer","The Marked","The Mystic","The Necromancer","The Runesmith","The Saiyan","The Senshi","The Servant 0.9.4","TheBandit","Yuri Mod"],"gold_per_floor":[117,132,132,148,148,179,210,249,342,387,415,427,452,498,510,619,631,661,598,598],"floor_reached":19,"playtime":1991,"items_purged":[],"score":224,"play_id":"a85cf861-f165-4f4c-b3c1-975d83a55bb1","local_time":"20210105040504","daily_mods":["Vintage","Heirloom","DeadlyEvents","Elite Swarm"],"is_ascension_mode":false,"campfire_choices":[{"data":"MasterReality","floor":12,"key":"SMITH"},{"data":"Judgement","floor":15,"key":"SMITH"}],"circlet_count":0,"master_deck":["Strike_P","Strike_P","Strike_P","Strike_P","Defend_P","Defend_P","Defend_P","Defend_P","Eruption","Judgement+1","DevaForm","MasterReality+1","Ragnarok","Replay:LoomingThreat"],"relics":["PureWater","CloakClasp","Darkstone Periapt","StrikeDummy","hubris:TenFootPole","halation:EternalFortune","MawBank","Smiling Mask","hubris:MedicalManual","Replay:Bottled Snecko","Gremlin Food","Regal Pillow","Mercury Hourglass","PureWhite:ReiMu","halation:Prosthetics","Replay:Mystery Machine"],"acts_visited":["Exordium","TheCity"],"potions_floor_usage":[6,8,10,18],"damage_taken":[{"damage":0,"enemies":"Small Slimes","floor":1,"turns":3},{"damage":0,"enemies":"Cultist","floor":2,"turns":2},{"damage":0,"enemies":"conspire:RoseBush","floor":4,"turns":2},{"damage":1,"enemies":"Replay:BlueRogue","floor":6,"turns":3},{"damage":6,"enemies":"Exordium Wildlife","floor":7,"turns":3},{"damage":2,"enemies":"3 Sentries","floor":8,"turns":6},{"damage":0,"enemies":"Gremlin Nob","floor":10,"turns":2},{"damage":4,"enemies":"Blue Slaver","floor":11,"turns":3},{"damage":7,"enemies":"Large Slime","floor":13,"turns":4},{"damage":5,"enemies":"3 Sentries","floor":14,"turns":6},{"damage":28,"enemies":"Slime Boss","floor":16,"turns":4},{"damage":18,"enemies":"Shell Parasite","floor":18,"turns":5},{"damage":31,"enemies":"2 Thieves","floor":19,"turns":3}],"seed_played":"40408674234420539","potions_obtained":[{"floor":1,"key":"GamblersBrew"},{"floor":2,"key":"BlessingOfTheForge"},{"floor":8,"key":"Slimebound:ThreeZeroPotion"},{"floor":14,"key":"BlessingOfTheForge"}],"is_trial":true,"path_per_floor":["M","M","?","M","?","E","M","E","T","E","M","R","M","E","R","B",null,"M","M"],"character_chosen":"WATCHER","items_purchased":[],"campfire_rested":0,"item_purchase_floors":[],"current_hp_per_floor":[72,72,72,72,75,74,68,69,69,69,65,65,58,53,53,28,46,28,0,0],"gold":598,"neow_bonus":"","is_daily":false,"chose_seed":false,"campfire_upgraded":2,"win_rate":0.0,"timestamp":1609837504,"path_taken":["M","M","?","?","?","E","M","E","T","E","M","R","M","E","R","BOSS","M","M"],"items_purchased_type":[],"build_version":"2020-12-22","purchased_purges":0,"victory":false,"max_hp_per_floor":[72,72,72,72,75,75,75,78,78,78,78,78,78,78,78,81,46,46,46,46],"card_choices":[{"not_picked":["Establishment","Blasphemy"],"picked":"Judgement","floor":6},{"not_picked":["MasterReality","Replay:AllIn"],"picked":"DevaForm","floor":8},{"not_picked":["Scrawl","Ragnarok"],"picked":"MasterReality","floor":10},{"not_picked":["LessonLearned","Scrawl"],"picked":"Ragnarok","floor":14},{"not_picked":["Devotion","Brilliance"],"picked":"Replay:LoomingThreat","floor":16}],"player_experience":428368,"relics_obtained":[{"floor":1,"key":"Darkstone Periapt"},{"floor":2,"key":"StrikeDummy"},{"floor":4,"key":"hubris:TenFootPole"},{"floor":6,"key":"MawBank"},{"floor":7,"key":"Smiling Mask"},{"floor":8,"key":"halation:EternalFortune"},{"floor":8,"key":"hubris:MedicalManual"},{"floor":9,"key":"Replay:Bottled Snecko"},{"floor":10,"key":"Gremlin Food"},{"floor":11,"key":"Regal Pillow"},{"floor":13,"key":"Mercury Hourglass"},{"floor":14,"key":"PureWhite:ReiMu"},{"floor":16,"key":"halation:EternalFortune"},{"floor":18,"key":"Replay:Mystery Machine"}],"event_choices":[{"cards_removed":["Vigilance"],"damage_healed":0,"gold_gain":0,"player_choice":"Offered Basic","damage_taken":0,"max_hp_gain":0,"max_hp_loss":0,"event_name":"Bonfire Elementals","floor":3,"gold_loss":0}],"is_beta":false,"boss_relics":[{"not_picked":["Kintsugi","halation:ForbiddenBikini"],"picked":"halation:Prosthetics"}],"items_purged_floors":[],"is_endless":false,"potions_floor_spawned":[1,2,8,14],"killed_by":"2 Thieves","ascension_level":0}}