{"host":"ymw71f7rc9ndansy","time":1609856983,"event":{"mods":["ATMod(阿瑾Mod)","Act Like it!","Aspiration","BaseMod","DeckTracker","Hubris","Library of Ruina","Library of Ruina Extra","Lobotomy","LobotomyExtend","Minty Spire (QoL Compilation)","MostiFishMod","Remove Card Discount Mod","Replay The Spire","StSLib","TestMod","【功能Mod】精心准备","【遗物卡牌】REMEMod"],"gold_per_floor":[112,98,98,114,134,134,166,166,166,181,196,131,141,153,153,227,227,239,239,239,157,207,207,235,235,261,296,296,296,246,246,246],"floor_reached":31,"playtime":581,"items_purged":["Strike_P","Strike_P","Strike_P","Strike_P","Defend_P","Defend_P","Defend_P","Defend_P","AT_Desolate","Vigilance","WheelKick","MostiFishMod:InvigoratingSolution"],"score":592,"play_id":"f58bde92-b9bc-454a-858d-4613cd6c1dcb","local_time":"20210105222943","is_ascension_mode":true,"campfire_choices":[{"data":"Meditate","floor":6,"key":"SMITH"},{"data":"Eruption","floor":8,"key":"SMITH"},{"floor":15,"key":"REST"},{"data":"TalkToTheHand","floor":23,"key":"SMITH"},{"floor":25,"key":"REST"}],"circlet_count":0,"master_deck":["AscendersBane","Eruption+1","Meditate+1","Evaluate","TalkToTheHand+1","MostiFishMod:PathToVictory+1","DeusExMachina","Decay"],"relics":["testmod-TestBox","REME_ComplimentaryCards","AT_ATBox","xbg","testmod-Fortitude","RedMistMask","SynthV:TestCard","DaveBox","xbg","testmod-Antiphasic","PageOfGreed","Busted Crown","PageOfTheQueenOfHatred","PageOfTheKnightOfDespair","PageOfWrath"],"acts_visited":["Exordium","TheCity"],"potions_floor_usage":[31,31],"damage_taken":[{"damage":0.0,"enemies":"Small Slimes","floor":1.0,"turns":2.0},{"damage":0,"enemies":"Jaw Worm","floor":4,"turns":1},{"damage":0,"enemies":"2 Louse","floor":5,"turns":1},{"damage":2,"enemies":"3 Sentries","floor":7,"turns":2},{"damage":10,"enemies":"2 Fungi Beasts","floor":10,"turns":2},{"damage":0,"enemies":"3 Louse","floor":11,"turns":1},{"damage":20,"enemies":"Exordium Thugs","floor":13,"turns":2},{"damage":15,"enemies":"Large Slime","floor":14,"turns":4},{"damage":17,"enemies":"The Guardian","floor":16,"turns":4},{"damage":0,"enemies":"Chosen","floor":18,"turns":2},{"damage":23,"enemies":"Slavers","floor":24,"turns":2},{"damage":6,"enemies":"Gremlin Leader","floor":27,"turns":2},{"damage":53,"enemies":"Slavers","floor":31,"turns":2}],"seed_played":"-178138966430417193","potions_obtained":[{"floor":4,"key":"testmod-EscapePotion"},{"floor":5,"key":"Swift Potion"}],"is_trial":false,"path_per_floor":["M","$","?","M","M","R","E","R","T","M","M","$","M","M","R","B",null,"M","$","?","$","?","R","E","R","T","E","$","?","?","E"],"character_chosen":"WATCHER","items_purchased":["Evaluate","LiquidMemories"],"campfire_rested":2,"item_purchase_floors":[12,21],"current_hp_per_floor":[61,61,61,61,61,61,59,59,59,49,49,49,29,14,34,17,55,55,55,55,55,55,55,32,52,52,46,46,46,46,0,0],"gold":246,"neow_bonus":"THREE_CARDS","is_daily":false,"chose_seed":false,"campfire_upgraded":3,"win_rate":0.0,"timestamp":1609856983,"path_taken":["M","$","?","M","M","R","E","R","T","M","M","$","M","M","R","BOSS","M","$","?","$","?","R","E","R","T","E","$","?","?","E"],"items_purchased_type":["Card","Potion"],"build_version":"2020-12-22","purchased_purges":12,"victory":false,"max_hp_per_floor":[68,68,68,68,68,68,68,68,68,68,68,68,68,68,68,68,68,68,68,68,68,68,68,68,68,68,68,68,68,68,68,68],"card_choices":[{"not_picked":["Replay:ManipulateFuture","JustLucky"],"picked":"WheelKick","floor":1.0},{"not_picked":["Meditate","SashWhip","CrushJoints","FollowUp","AT_SoftenMuscles"],"picked":"SKIP","floor":4},{"not_picked":["SashWhip","CrushJoints","FollowUp","AT_SoftenMuscles"],"picked":"Meditate","floor":4},{"not_picked":["CrushJoints","WheelKick","Crescendo","Consecrate","ClearTheMind"],"picked":"SKIP","floor":5},{"not_picked":["FollowUp","EmptyFist","Replay:Hum","REME_MusicOfDeath","ClearTheMind"],"picked":"SKIP","floor":7},{"not_picked":["Indignation","WindmillStrike","Halt","AT_SoftenMuscles","Establishment"],"picked":"SKIP","floor":10},{"not_picked":["Replay:ManipulateFuture","Replay:Vibes","Prostrate","JustLucky","FlurryOfBlows"],"picked":"SKIP","floor":11},{"not_picked":["BowlingBash","Replay:BluntJabs","Replay:ManipulateFuture","Consecrate","Vengeance"],"picked":"SKIP","floor":13},{"not_picked":["MostiFishMod:FlowState","PathToVictory","Judgement","Halt"],"picked":"TalkToTheHand","floor":14},{"not_picked":["MostiFishMod:FlowState","Evaluate","Protect"],"picked":"SKIP","floor":18},{"not_picked":["Evaluate","Indignation"],"picked":"MostiFishMod:PathToVictory+1","floor":24},{"not_picked":["Protect+1","FlurryOfBlows+1"],"picked":"DeusExMachina","floor":27}],"player_experience":1082719,"relics_obtained":[{"floor":1.0,"key":"SynthV:TestCard"},{"floor":7,"key":"testmod-Antiphasic"},{"floor":9,"key":"PageOfGreed"},{"floor":24,"key":"PageOfTheQueenOfHatred"},{"floor":26,"key":"PageOfTheKnightOfDespair"},{"floor":27,"key":"PageOfWrath"}],"event_choices":[{"damage_healed":0,"gold_gain":0,"player_choice":"Swap Relic","damage_taken":0,"relics_obtained":["DaveBox"],"max_hp_gain":0,"max_hp_loss":0,"event_name":"给自己的盒子","floor":3,"relics_lost":["DaveBox"],"gold_loss":0},{"damage_healed":0,"gold_gain":50,"player_choice":"Stole From Cult","damage_taken":0,"max_hp_gain":0,"max_hp_loss":0,"event_name":"Nest","floor":22,"gold_loss":0},{"damage_healed":0,"gold_gain":0,"player_choice":"Smashed Altar","damage_taken":0,"max_hp_gain":0,"max_hp_loss":0,"event_name":"Forgotten Altar","floor":29,"gold_loss":0,"cards_obtained":["Decay"]},{"damage_healed":0,"gold_gain":0,"player_choice":"Bet on Murderer","damage_taken":0,"max_hp_gain":0,"max_hp_loss":0,"event_name":"The Joust","floor":30,"gold_loss":50}],"is_beta":false,"boss_relics":[{"not_picked":["Tiny House","SynthV:MejaisSoulstealer"],"picked":"Busted Crown"}],"items_purged_floors":[2,2,2,2,2,2,2,12,12,12,12,21],"is_endless":false,"potions_floor_spawned":[4,5,13,14,16],"killed_by":"Slavers","ascension_level":20}}