{"host":"wha9hktbkslqvblg","time":1609828634,"event":{"mods":["BaseMod","Colored Map","Minty Spire (QoL Compilation)","Relic Stats","SuperFastMode","everything is the same but u backflip on backflip"],"gold_per_floor":[111,111,130,130,130,130,165,9,9,9,9,49,49,74,74,165,165,185,17,33,57,57,57,57,57,57,70,110,110,110],"floor_reached":29,"playtime":397,"items_purged":["Strike_R"],"score":508,"play_id":"3dfbdf67-4bc3-47eb-a8f7-7e8d5f01340f","local_time":"20210105153714","is_ascension_mode":true,"campfire_choices":[{"data":"Pommel Strike","floor":6.0,"key":"SMITH"},{"data":"Fire Breathing","floor":11,"key":"SMITH"},{"data":"Body Slam","floor":15,"key":"SMITH"},{"floor":23,"key":"REST"},{"floor":25,"key":"RECALL"}],"circlet_count":0,"master_deck":["AscendersBane","Strike_R","Defend_R","Defend_R+1","Defend_R+1","Defend_R","Bash","Pummel","Pommel Strike+1","Body Slam+1","Fire Breathing+1","Wild Strike+1"],"relics":["Burning Blood","NeowsBlessing","Golden Idol","Matryoshka","Molten Egg 2","Empty Cage","Medical Kit","Toy Ornithopter","Pantograph","Red Skull","Red Mask"],"acts_visited":["Exordium","TheCity"],"potions_floor_usage":[12,16,27,28],"damage_taken":[{"damage":0.0,"enemies":"Jaw Worm","floor":1.0,"turns":1.0},{"damage":0.0,"enemies":"Small Slimes","floor":3.0,"turns":1.0},{"damage":0.0,"enemies":"Gremlin Nob","floor":7.0,"turns":1.0},{"damage":7,"enemies":"3 Sentries","floor":12,"turns":4},{"damage":0,"enemies":"2 Louse","floor":14,"turns":3},{"damage":30,"enemies":"Slime Boss","floor":16,"turns":5},{"damage":0,"enemies":"Chosen","floor":18,"turns":5},{"damage":36,"enemies":"Shell Parasite","floor":20,"turns":6},{"damage":16,"enemies":"Sentry and Sphere","floor":21,"turns":5},{"damage":5,"enemies":"Cultist and Chosen","floor":27,"turns":5},{"damage":38,"enemies":"Masked Bandits","floor":28,"turns":4},{"damage":38,"enemies":"Snecko","floor":29,"turns":4}],"seed_played":"7992505216564772356","potions_obtained":[{"floor":1.0,"key":"Block Potion"},{"floor":12,"key":"Explosive Potion"},{"floor":14,"key":"Fire Potion"},{"floor":18,"key":"GamblersBrew"},{"floor":27,"key":"Strength Potion"}],"is_trial":false,"path_per_floor":["M","?","M","?","?","R","E","$","T","?","R","E","$","M","R","B",null,"M","$","M","M","?","R","$","R","T","M","?","M"],"character_chosen":"IRONCLAD","items_purchased":["Fire Breathing","Medical Kit"],"campfire_rested":1,"item_purchase_floors":[8,19],"current_hp_per_floor":[74,67,73,47,24,24,30,30,30,30,30,29,29,35,35,11,59,65,65,35,25,25,47,47,47,47,53,26,0,0],"gold":110,"neow_bonus":"THREE_ENEMY_KILL","is_daily":false,"chose_seed":false,"campfire_upgraded":3,"win_rate":0.0,"timestamp":1609828634,"path_taken":["M","?","M","?","?","R","E","$","T","?","R","E","?","M","R","BOSS","M","$","?","M","?","R","?","R","T","M","?","M"],"items_purchased_type":["Card","Relic"],"build_version":"2020-12-22","purchased_purges":1,"victory":false,"max_hp_per_floor":[75,75,75,75,75,75,75,75,75,75,75,75,75,75,75,75,75,75,75,75,75,75,75,75,75,75,75,75,75,75],"relic_stats":{"counters":[12,44],"Golden Idol":68,"Pantograph":0,"Medical Kit":[2],"obtain_stats":[{"Matryoshka":9,"NeowsBlessing":0,"Golden Idol":4,"Pantograph":26,"Molten Egg 2":12,"Red Mask":28,"Empty Cage":17,"Medical Kit":19,"Burning Blood":0,"Toy Ornithopter":22,"Red Skull":26},{"Matryoshka":3,"NeowsBlessing":0,"Golden Idol":2,"Pantograph":9,"Molten Egg 2":4,"Red Mask":11,"Empty Cage":6,"Medical Kit":7,"Burning Blood":0,"Toy Ornithopter":9,"Red Skull":9},{"Matryoshka":3,"NeowsBlessing":0,"Golden Idol":2,"Pantograph":31,"Molten Egg 2":7,"Red Mask":40,"Empty Cage":15,"Medical Kit":20,"Burning Blood":0,"Toy Ornithopter":31,"Red Skull":31}],"Burning Blood":66,"Toy Ornithopter":10},"card_choices":[{"not_picked":["Ghostly Armor","Flex"],"picked":"Pummel","floor":1.0},{"not_picked":["Seeing Red","Havoc"],"picked":"Pommel Strike","floor":3.0},{"not_picked":["Pommel Strike","Wild Strike"],"picked":"Body Slam","floor":7.0},{"not_picked":["Exhume","Warcry","Clash+1"],"picked":"SKIP","floor":12},{"not_picked":["Warcry","Pommel Strike+1","Whirlwind+1"],"picked":"SKIP","floor":14},{"not_picked":["Flex","Havoc"],"picked":"Wild Strike+1","floor":18},{"not_picked":["Armaments","Iron Wave+1","True Grit"],"picked":"SKIP","floor":20},{"not_picked":["Cleave+1","Armaments+1","Clothesline+1"],"picked":"SKIP","floor":21},{"not_picked":["Fire Breathing","Havoc+1","Carnage+1"],"picked":"SKIP","floor":27}],"player_experience":938244,"relics_obtained":[{"floor":9.0,"key":"Matryoshka"},{"floor":12,"key":"Molten Egg 2"},{"floor":26,"key":"Pantograph"},{"floor":26,"key":"Red Skull"},{"floor":28,"key":"Red Mask"}],"event_choices":[{"cards_removed":["Strike_R"],"damage_healed":0.0,"max_hp_gain":0.0,"max_hp_loss":0.0,"gold_gain":0.0,"event_name":"Golden Wing","player_choice":"Card Removal","floor":2.0,"gold_loss":0.0,"damage_taken":7.0},{"damage_healed":0.0,"max_hp_gain":0.0,"max_hp_loss":0.0,"gold_gain":0.0,"event_name":"Golden Idol","player_choice":"Take Damage","floor":4.0,"gold_loss":0.0,"damage_taken":26.0,"relics_obtained":["Golden Idol"]},{"damage_healed":0.0,"max_hp_gain":0.0,"max_hp_loss":0.0,"gold_gain":0.0,"event_name":"Shining Light","player_choice":"Entered Light","floor":5.0,"gold_loss":0.0,"damage_taken":23.0,"cards_upgraded":["Defend_R","Defend_R"]},{"damage_healed":0.0,"max_hp_gain":0.0,"max_hp_loss":0.0,"gold_gain":0.0,"event_name":"Dead Adventurer","player_choice":"Searched \u00270\u0027 times","floor":10.0,"gold_loss":0.0,"damage_taken":0.0},{"damage_healed":0,"gold_gain":0,"player_choice":"Gave Potion","damage_taken":0,"relics_obtained":["Toy Ornithopter"],"max_hp_gain":0,"max_hp_loss":0,"event_name":"WeMeetAgain","floor":22,"gold_loss":0},{"damage_healed":0,"gold_gain":0,"player_choice":"Fought Bandits","damage_taken":0,"max_hp_gain":0,"max_hp_loss":0,"event_name":"Masked Bandits","floor":28,"gold_loss":0}],"is_beta":false,"boss_relics":[{"not_picked":["Runic Cube","Black Blood"],"picked":"Empty Cage"}],"items_purged_floors":[8],"is_endless":false,"potions_floor_spawned":[1,12,14,18,27],"killed_by":"Snecko","ascension_level":20}}