{"host":"ul1tj11no6hux4jk","time":1609852969,"event":{"mods":["Act Like it!","BaseMod","Better Altar","Better Skull","Better Third Choice","Displayed Cursed Tome","Downfall","Hallownest","Hermit","Minty Spire (QoL Compilation)","Relic Stats","Replay The Spire","Spicy Shops","StSLib","The Animator","The Bug Knight","The Servant 0.9.4","Waifu the Spire","WarShipGirlsR/????R mod"],"gold_per_floor":[269,269,280,3,26,61,110,110,110,110,110,140,140,171,171,279,279,301,301,211,230,23,28,28],"floor_reached":23,"playtime":1922,"items_purged":[],"score":189,"play_id":"7de5d753-c775-43ae-983a-aaec60fe419f","local_time":"20210105142249","is_ascension_mode":false,"campfire_choices":[{"data":"animator:IrohaTamaki","floor":8,"key":"SMITH"},{"floor":11,"key":"REST"},{"data":"animator:MamiTomoe","floor":13,"key":"SMITH"},{"data":"animator:DolaStephanie","floor":15,"key":"SMITH"}],"circlet_count":0,"master_deck":["animator:Strike_Kancolle","animator:Defend_Kancolle","animator:Strike","animator:Strike","animator:Strike","animator:Defend","animator:Defend","animator:Defend","animator:Shimakaze","animator:UneriGinkaku","animator:IrohaTamaki+1","animator:SayakaMiki","Pot Of Greed","Pot Of Greed","animator:NagisaMomoe","animator:MamiTomoe+1","animator:DolaStephanie+1","animator:Shizu","CurseOfTheBell","animator:GazelDwargon","Voices","animator:GazelDwargon","animator:IchigoKurosaki","animator:Konayuki"],"relics":["animator:LivingPicture","animator:TheMissingPiece","NeowsBlessing","Oddly Smooth Stone","Toy Ornithopter","HollowMod:PaleOreRelic","Frozen Eye","Grinning Jar","Ornamental Fan","Hallownest:DreamNailRelic","Calling Bell","Ancient Tea Set","Replay:Bottled Flurry","FossilizedHelix","ReplayTheSpireMod:Ring of Collecting","Hallownest:StagBellRelic1","OrangePellets"],"acts_visited":["Exordium","Hallownest:Greenpath"],"potions_floor_usage":[6,16,16,16,23],"damage_taken":[{"damage":0,"enemies":"Hallownest:2_Tiktiks_and_1_Crawlid","floor":1,"turns":1},{"damage":0,"enemies":"Hallownest:monsterHuskGuard","floor":3,"turns":1},{"damage":0,"enemies":"2_ Uuma","floor":5,"turns":1},{"damage":15,"enemies":"Hallownest:eliteCrystalGuardian","floor":6,"turns":6},{"damage":0,"enemies":"Hallownest:Wandering_and_Horned","floor":12,"turns":7},{"damage":1,"enemies":"Hallownest:monsterFoolEater","floor":14,"turns":4},{"damage":54,"enemies":"Hallownest:BossHornet","floor":16,"turns":11},{"damage":16,"enemies":"Hallownest:Flukemon_and_Top","floor":18,"turns":8},{"damage":18,"enemies":"Hallownest:2_Mistakes","floor":21,"turns":7},{"damage":38,"enemies":"Hallownest:2_Flukemon","floor":23,"turns":6}],"seed_played":"5901806106946901240","potions_obtained":[{"floor":3,"key":"DistilledChaos"},{"floor":6,"key":"Adrenaline Potion"},{"floor":12,"key":"Languid Potion"},{"floor":16,"key":"champ:CounterPotion"},{"floor":21,"key":"AttackPotion"}],"is_trial":false,"path_per_floor":["M","?","M","$","M","E","?","R","T","?","R","M","R","M","R","B",null,"M","?","?","M","$","M"],"character_chosen":"THE_ANIMATOR","items_purchased":["HollowMod:PaleOreRelic","Frozen Eye","Fire Potion","animator:IchigoKurosaki","animator:Konayuki","OrangePellets"],"campfire_rested":1,"item_purchase_floors":[4,4,4,22,22,22],"current_hp_per_floor":[66,35,35,35,35,25,25,25,25,25,44,44,44,43,43,4,66,50,50,50,32,32,0,0],"gold":28,"neow_bonus":"THREE_ENEMY_KILL","is_daily":false,"chose_seed":false,"campfire_upgraded":3,"win_rate":0.0,"timestamp":1609852969,"path_taken":["M","?","M","$","?","E","?","R","T","?","R","M","R","?","R","BOSS","M","?","?","M","$","M"],"items_purchased_type":["Relic","Relic","Potion","Card","Card","Relic"],"build_version":"2020-12-22","purchased_purges":0,"victory":false,"max_hp_per_floor":[66,66,66,66,66,66,66,66,66,66,66,66,66,66,66,66,66,66,66,66,66,66,66,66],"relic_stats":{"OrangePellets":[0],"counters":[10,52],"Ornamental Fan":[20],"obtain_stats":[{"Hallownest:StagBellRelic1":20,"NeowsBlessing":0,"animator:TheMissingPiece":0,"Oddly Smooth Stone":2,"Hallownest:DreamNailRelic":10,"Ancient Tea Set":17,"Calling Bell":17,"Frozen Eye":4,"OrangePellets":22,"Ornamental Fan":9,"ReplayTheSpireMod:Ring of Collecting":19,"animator:LivingPicture":0,"Replay:Bottled Flurry":17,"HollowMod:PaleOreRelic":4,"Grinning Jar":6,"Toy Ornithopter":2,"FossilizedHelix":17},{"Hallownest:StagBellRelic1":8,"NeowsBlessing":0,"animator:TheMissingPiece":0,"Oddly Smooth Stone":1,"Hallownest:DreamNailRelic":4,"Ancient Tea Set":7,"Calling Bell":7,"Frozen Eye":2,"OrangePellets":9,"Ornamental Fan":4,"ReplayTheSpireMod:Ring of Collecting":8,"animator:LivingPicture":0,"Replay:Bottled Flurry":7,"HollowMod:PaleOreRelic":2,"Grinning Jar":4,"Toy Ornithopter":1,"FossilizedHelix":7},{"Hallownest:StagBellRelic1":39,"NeowsBlessing":0,"animator:TheMissingPiece":0,"Oddly Smooth Stone":1,"Hallownest:DreamNailRelic":9,"Ancient Tea Set":31,"Calling Bell":31,"Frozen Eye":2,"OrangePellets":46,"Ornamental Fan":9,"ReplayTheSpireMod:Ring of Collecting":39,"animator:LivingPicture":0,"Replay:Bottled Flurry":31,"HollowMod:PaleOreRelic":2,"Grinning Jar":9,"Toy Ornithopter":1,"FossilizedHelix":31}],"Toy Ornithopter":25},"card_choices":[{"not_picked":["animator:ZankiKiguchi","animator:Alexander"],"picked":"animator:UneriGinkaku","floor":1},{"not_picked":["animator:Ciel","animator:Genos"],"picked":"animator:IrohaTamaki","floor":3},{"not_picked":["animator:IzunaHatsuse","animator:Kaijin"],"picked":"animator:SayakaMiki","floor":5},{"not_picked":["animator:OrikoMikuni","animator:YuiTsuruno"],"picked":"animator:NagisaMomoe","floor":6},{"not_picked":["animator:Vesta","animator:Benimaru"],"picked":"animator:MamiTomoe","floor":12},{"not_picked":["animator:Ara","animator:DolaRiku"],"picked":"animator:DolaStephanie","floor":14},{"not_picked":["animator:MadokaKaname","animator:Gilgamesh"],"picked":"animator:Shizu","floor":16},{"not_picked":["animator:IzunaHatsuse","animator:IrohaTamaki"],"picked":"animator:GazelDwargon","floor":18},{"not_picked":["animator:Benimaru","animator:Shion"],"picked":"animator:GazelDwargon","floor":21}],"player_experience":133897,"relics_obtained":[{"floor":6,"key":"Grinning Jar"},{"floor":9,"key":"Ornamental Fan"},{"floor":17,"key":"Ancient Tea Set"},{"floor":17,"key":"Replay:Bottled Flurry"},{"floor":17,"key":"FossilizedHelix"},{"floor":19,"key":"ReplayTheSpireMod:Ring of Collecting"}],"event_choices":[{"damage_healed":0,"gold_gain":0,"player_choice":"RE RE ","damage_taken":35,"relics_obtained":["Oddly Smooth Stone","Toy Ornithopter"],"max_hp_gain":0,"max_hp_loss":0,"event_name":"betterSkull:BetterSkull","floor":2,"gold_loss":0,"cards_upgraded":[]}],"is_beta":false,"boss_relics":[{"not_picked":["Replay:Drink Me","Kintsugi"],"picked":"Calling Bell"}],"items_purged_floors":[],"is_endless":false,"potions_floor_spawned":[3,6,12,16,21],"killed_by":"Hallownest:2_Flukemon","ascension_level":0}}