{"host":"Bilverbakes","time":1609821210,"event":{"mods":["2.2 Compatiblity","AchievementEnabler","BaseMod","Bestiary","Colored Map","Minty Spire (QoL Compilation)","Relic Stats","StSLib","ojb\u0027s Info Mod"],"gold_per_floor":[116,136,151,171,185,220,220,234,234,259,259,259,286,301,301,405,405,425,88,103,103,103,136,150,161,161,192,212,60,92,103,103,203,203,218,229,239,253,267,292,304,338,338,388,402,29,29,49,49,49],"floor_reached":51,"playtime":5208,"items_purged":["Defend_P"],"score":1371,"play_id":"979076c7-5b11-4388-ad61-7aac981e75ef","local_time":"20210104223330","is_ascension_mode":true,"campfire_choices":[{"data":"Eruption","floor":7,"key":"SMITH"},{"floor":15,"key":"REST"},{"floor":32,"key":"REST"},{"data":"Meditate","floor":47,"key":"SMITH"},{"data":"InnerPeace","floor":49,"key":"SMITH"}],"circlet_count":0,"master_deck":["AscendersBane","Strike_P+1","Defend_P+1","Defend_P+1","Eruption+1","Vigilance+1","EmptyBody+1","Sanctity+1","EmptyFist+1","TalkToTheHand+1","CutThroughFate+1","Halt+1","Vengeance+1","CarveReality+1","MentalFortress+1","BowlingBash+1","ThirdEye+1","Blasphemy+1","FollowUp+1","FollowUp+1","LessonLearned+1","BowlingBash+1","FlurryOfBlows+1","ClearTheMind","WheelKick+1","FearNoEvil+1","SandsOfTime+1","Tantrum+1","JustLucky+1","Halt+1","JustLucky+1","WaveOfTheHand+1","Meditate+1","DeusExMachina+1","Adaptation+1","Wallop+1","MentalFortress","Wallop+1","Tantrum+1","InnerPeace+1","FlurryOfBlows+1","Meditate+1"],"relics":["PureWater","Prayer Wheel","Molten Egg 2","Kunai","Happy Flower","Astrolabe","HornCleat","Peace Pipe","Vajra","Mummified Hand","ClockworkSouvenir","Sundial","Coffee Dripper","Orichalcum","Boot","Shuriken","Torii","Ice Cream"],"acts_visited":["Exordium","TheCity","TheBeyond"],"potions_floor_usage":[5,10,18,23,39,50,50,50],"damage_taken":[{"damage":0,"enemies":"Cultist","floor":1,"turns":4},{"damage":3,"enemies":"2 Louse","floor":2,"turns":4},{"damage":0,"enemies":"Small Slimes","floor":3,"turns":2},{"damage":0,"enemies":"2 Fungi Beasts","floor":4,"turns":4},{"damage":0,"enemies":"Looter","floor":5,"turns":4},{"damage":19,"enemies":"Lagavulin","floor":6,"turns":7},{"damage":5,"enemies":"Lots of Slimes","floor":8,"turns":4},{"damage":20,"enemies":"3 Sentries","floor":10,"turns":10},{"damage":0,"enemies":"Lagavulin","floor":13,"turns":4},{"damage":2,"enemies":"Blue Slaver","floor":14,"turns":4},{"damage":1,"enemies":"The Guardian","floor":16,"turns":10},{"damage":3,"enemies":"2 Thieves","floor":18,"turns":3},{"damage":4,"enemies":"Chosen","floor":20,"turns":3},{"damage":8,"enemies":"Slavers","floor":23,"turns":4},{"damage":6,"enemies":"Snake Plant","floor":24,"turns":2},{"damage":0,"enemies":"3 Cultists","floor":25,"turns":3},{"damage":0,"enemies":"Book of Stabbing","floor":27,"turns":4},{"damage":11,"enemies":"Centurion and Healer","floor":28,"turns":2},{"damage":2,"enemies":"Slavers","floor":30,"turns":3},{"damage":6,"enemies":"Cultist and Chosen","floor":31,"turns":4},{"damage":11,"enemies":"Champ","floor":33,"turns":10},{"damage":2,"enemies":"Orb Walker","floor":35,"turns":2},{"damage":3,"enemies":"3 Shapes","floor":36,"turns":6},{"damage":3,"enemies":"Writhing Mass","floor":37,"turns":6},{"damage":4,"enemies":"3 Darklings","floor":38,"turns":4},{"damage":8,"enemies":"Jaw Worm Horde","floor":39,"turns":5},{"damage":0,"enemies":"Giant Head","floor":40,"turns":6},{"damage":29,"enemies":"Writhing Mass","floor":41,"turns":3},{"damage":0,"enemies":"Reptomancer","floor":42,"turns":2},{"damage":0,"enemies":"Mind Bloom Boss Battle","floor":44,"turns":6},{"damage":0,"enemies":"Maw","floor":45,"turns":5},{"damage":1,"enemies":"3 Darklings","floor":48,"turns":4},{"damage":1,"enemies":"Donu and Deca","floor":50,"turns":4}],"seed_played":"5179155970341586625","potions_obtained":[{"floor":1,"key":"ColorlessPotion"},{"floor":4,"key":"LiquidMemories"},{"floor":6,"key":"SpeedPotion"},{"floor":10,"key":"Ambrosia"},{"floor":24,"key":"Energy Potion"},{"floor":25,"key":"DuplicationPotion"},{"floor":30,"key":"Regen Potion"},{"floor":42,"key":"Energy Potion"},{"floor":44,"key":"StancePotion"},{"floor":48,"key":"Strength Potion"}],"is_trial":false,"path_per_floor":["M","M","M","M","M","E","R","M","T","E","?","?","E","M","R","B",null,"M","$","M","?","?","E","M","M","T","E","M","$","E","M","R","B",null,"M","M","M","M","M","E","M","E","T","?","M","$","R","M","R","B",null],"character_chosen":"WATCHER","items_purchased":["HornCleat","ClockworkSouvenir","FlurryOfBlows+1","Ice Cream","Meditate"],"campfire_rested":2,"item_purchase_floors":[19,29,46,46,46],"current_hp_per_floor":[72,69,69,69,69,50,50,45,45,25,9,9,9,7,30,29,67,64,64,60,60,60,52,46,46,46,46,35,35,33,27,50,39,69,67,64,61,57,63,63,34,34,34,34,34,34,34,33,33,32],"gold":49,"neow_bonus":"TEN_PERCENT_HP_BONUS","is_daily":false,"chose_seed":false,"campfire_upgraded":3,"win_rate":0.0,"timestamp":1609821210,"path_taken":["M","M","M","?","M","E","R","M","T","E","?","?","E","M","R","BOSS","M","$","M","?","?","E","?","M","T","E","M","$","E","M","R","BOSS","M","M","M","M","M","E","M","E","T","?","M","$","R","M","R","BOSS"],"items_purchased_type":["Relic","Relic","Card","Relic","Card"],"build_version":"2020-12-18","purchased_purges":1,"victory":true,"max_hp_per_floor":[79,79,79,79,79,79,79,79,79,79,79,79,79,79,79,79,79,79,79,79,79,79,79,79,79,79,79,79,79,79,79,79,79,79,79,79,79,79,79,79,79,79,79,79,79,79,79,79,79,79],"relic_stats":{"Happy Flower":[35],"Torii":4,"counters":[33,148],"Astrolabe":["FollowUp","FollowUp","LessonLearned"],"Orichalcum":[0],"Boot":[4],"Peace Pipe":0,"Mummified Hand":[26],"Sundial":[2],"Shuriken":[14],"Prayer Wheel":16,"Kunai":[72],"obtain_stats":[{"Ice Cream":46,"Happy Flower":13,"Torii":44,"Astrolabe":17,"Vajra":26,"Orichalcum":40,"Boot":42,"ClockworkSouvenir":29,"Peace Pipe":23,"HornCleat":19,"Mummified Hand":27,"Sundial":30,"Shuriken":43,"Prayer Wheel":6,"Molten Egg 2":9,"Coffee Dripper":34,"Kunai":10,"PureWater":0},{"Ice Cream":31,"Happy Flower":9,"Torii":30,"Astrolabe":11,"Vajra":16,"Orichalcum":27,"Boot":29,"ClockworkSouvenir":18,"Peace Pipe":14,"HornCleat":12,"Mummified Hand":17,"Sundial":19,"Shuriken":29,"Prayer Wheel":6,"Molten Egg 2":7,"Coffee Dripper":21,"Kunai":8,"PureWater":0},{"Ice Cream":140,"Happy Flower":43,"Torii":135,"Astrolabe":57,"Vajra":72,"Orichalcum":124,"Boot":129,"ClockworkSouvenir":78,"Peace Pipe":67,"HornCleat":60,"Mummified Hand":76,"Sundial":81,"Shuriken":129,"Prayer Wheel":25,"Molten Egg 2":29,"Coffee Dripper":95,"Kunai":39,"PureWater":0}]},"card_choices":[{"not_picked":["Perseverance","Collect"],"picked":"EmptyBody","floor":1},{"not_picked":["Protect","SashWhip"],"picked":"Sanctity","floor":2},{"not_picked":["JustLucky","Consecrate"],"picked":"EmptyFist","floor":3},{"not_picked":["Evaluate","Consecrate"],"picked":"TalkToTheHand","floor":4},{"not_picked":["Prostrate","Protect"],"picked":"CutThroughFate","floor":5},{"not_picked":["PathToVictory","EmptyFist","Brilliance"],"picked":"SKIP","floor":6},{"not_picked":["Crescendo","Prostrate"],"picked":"Halt","floor":8},{"not_picked":["SignatureMove","EmptyBody"],"picked":"Vengeance","floor":8},{"not_picked":["Establishment","CrushJoints+1"],"picked":"CarveReality+1","floor":10},{"not_picked":["Evaluate","ClearTheMind"],"picked":"MentalFortress","floor":13},{"not_picked":["CutThroughFate+1","FlyingSleeves+1"],"picked":"BowlingBash+1","floor":14},{"not_picked":["FollowUp+1","Pray"],"picked":"ThirdEye","floor":14},{"not_picked":["Vault","MasterReality"],"picked":"Blasphemy","floor":16},{"not_picked":["PathToVictory+1","FlyingSleeves+1"],"picked":"BowlingBash+1","floor":18},{"not_picked":["BowlingBash+1","PathToVictory"],"picked":"FlurryOfBlows+1","floor":18},{"not_picked":["Evaluate","Protect"],"picked":"ClearTheMind","floor":20},{"not_picked":["Consecrate+1","Fasting2","Weave+1"],"picked":"SKIP","floor":20},{"not_picked":["CutThroughFate+1","WheelKick+1"],"picked":"FearNoEvil+1","floor":23},{"not_picked":["EmptyBody","BowlingBash+1"],"picked":"SandsOfTime+1","floor":24},{"not_picked":["FlyingSleeves+1","Prostrate","MasterReality"],"picked":"SKIP","floor":24},{"not_picked":["Crescendo","Fasting2","CutThroughFate+1"],"picked":"SKIP","floor":25},{"not_picked":["CrushJoints+1","Swivel","Crescendo"],"picked":"SKIP","floor":25},{"not_picked":["EmptyFist+1","Halt"],"picked":"Tantrum+1","floor":27},{"not_picked":["Evaluate+1","Nirvana"],"picked":"JustLucky+1","floor":28},{"not_picked":["Study","SignatureMove+1"],"picked":"Halt","floor":28},{"not_picked":["ThirdEye+1","Blasphemy"],"picked":"JustLucky+1","floor":30},{"not_picked":["EmptyBody","Collect"],"picked":"WaveOfTheHand+1","floor":31},{"not_picked":["FearNoEvil+1","Evaluate+1"],"picked":"Meditate","floor":31},{"not_picked":["LessonLearned+1","DevaForm"],"picked":"DeusExMachina","floor":33},{"not_picked":["Evaluate+1","PathToVictory+1"],"picked":"Adaptation+1","floor":35},{"not_picked":["EmptyBody+1","Evaluate","JustLucky+1"],"picked":"SKIP","floor":35},{"not_picked":["EmptyFist+1","FlyingSleeves+1"],"picked":"Wallop+1","floor":36},{"not_picked":["FollowUp+1","ThirdEye+1"],"picked":"MentalFortress","floor":36},{"not_picked":["Study","FollowUp+1","BowlingBash+1"],"picked":"SKIP","floor":37},{"not_picked":["Conclude+1","Study","LessonLearned+1"],"picked":"SKIP","floor":37},{"not_picked":["ThirdEye","JustLucky+1"],"picked":"Wallop+1","floor":38},{"not_picked":["Adaptation","CutThroughFate+1"],"picked":"Tantrum+1","floor":38},{"not_picked":["JustLucky+1","SashWhip+1","Protect"],"picked":"SKIP","floor":39},{"not_picked":["Crescendo+1","ClearTheMind+1","Adaptation"],"picked":"SKIP","floor":39},{"not_picked":["Crescendo","CrushJoints+1","EmptyBody+1"],"picked":"SKIP","floor":40},{"not_picked":["FlyingSleeves+1","SashWhip+1","Fasting2+1"],"picked":"SKIP","floor":41},{"not_picked":["SandsOfTime+1","Evaluate+1","JustLucky+1"],"picked":"SKIP","floor":41},{"not_picked":["FollowUp+1","Wallop+1"],"picked":"InnerPeace","floor":42},{"not_picked":["Nirvana","EmptyFist+1","CrushJoints+1"],"picked":"SKIP","floor":45},{"not_picked":["Evaluate+1","EmptyBody+1","BattleHymn"],"picked":"SKIP","floor":45},{"not_picked":["Wireheading+1","Protect","Halt+1"],"picked":"SKIP","floor":48},{"not_picked":["Prostrate+1","BattleHymn+1","Tantrum+1"],"picked":"SKIP","floor":48}],"player_experience":582180,"relics_obtained":[{"floor":6,"key":"Prayer Wheel"},{"floor":9,"key":"Molten Egg 2"},{"floor":10,"key":"Kunai"},{"floor":13,"key":"Happy Flower"},{"floor":23,"key":"Peace Pipe"},{"floor":26,"key":"Vajra"},{"floor":27,"key":"Mummified Hand"},{"floor":30,"key":"Sundial"},{"floor":40,"key":"Orichalcum"},{"floor":42,"key":"Boot"},{"floor":43,"key":"Shuriken"},{"floor":44,"key":"Torii"}],"event_choices":[{"damage_healed":0,"gold_gain":0,"player_choice":"Entered Light","damage_taken":16,"max_hp_gain":0,"max_hp_loss":0,"event_name":"Shining Light","floor":11,"gold_loss":0,"cards_upgraded":["Strike_P","Strike_P"]},{"damage_healed":0,"gold_gain":0,"player_choice":"Fled","damage_taken":0,"max_hp_gain":0,"max_hp_loss":0,"event_name":"Scrap Ooze","floor":12,"gold_loss":0},{"damage_healed":0,"gold_gain":0,"player_choice":"Ignored","damage_taken":0,"max_hp_gain":0,"max_hp_loss":0,"event_name":"Beggar","floor":21,"gold_loss":0},{"damage_healed":0,"gold_gain":0,"cards_transformed":["Strike_P"],"player_choice":"Transformed","damage_taken":0,"max_hp_gain":0,"max_hp_loss":0,"event_name":"Transmorgrifier","floor":22,"gold_loss":0,"cards_obtained":["WheelKick"]},{"damage_healed":0,"gold_gain":0,"player_choice":"Fight","damage_taken":0,"max_hp_gain":0,"max_hp_loss":0,"event_name":"MindBloom","floor":44,"gold_loss":0}],"is_beta":true,"boss_relics":[{"not_picked":["Calling Bell","Black Star"],"picked":"Astrolabe"},{"not_picked":["Busted Crown","Sozu"],"picked":"Coffee Dripper"}],"items_purged_floors":[19],"is_endless":false,"potions_floor_spawned":[1,4,6,10,24,25,30,33,35,38,42,44,48],"ascension_level":10}}