{"host":"uxx7prhn9zlu6i2v","time":1609888826,"event":{"mods":["100% Spire Juice","2.2 Compatiblity","AchievementEnabler","Act Like it!","Bard","BaseMod","Better Altar","Better Match","Better Note","Better Sensory Stone","Better Skull","Better Third Choice","CapriCore","ChefMod","Colored Powertips","Conspire","Faster Ascension Climbing","Gensokyo","GifTheSpireLib","Hermit","Hubris","KomeijiMod","Lobotomy","LobotomyExtend","Marisa????????","Minty Spire (QoL Compilation)","Permanent Neow","Quick Restart","RNG Fix","Rare Cards Sparkle","Reimu??????","Relic Filter","Relic Sorter","Relic Stats","Replay The Spire","Reworked Bosses","Spicy Shops","StSLib","Stuff the Spire","The Administrix","The Blue Laboratory","The Bug Knight","The Immortal","Yakumo Yukari mod","??????REMEMod"],"gold_per_floor":[112,112,112,112,13,13,29,29,29,355,369,369,369,39,39,39,39],"floor_reached":16,"playtime":596,"items_purged":["Clumsy","Strike_MRS"],"score":96,"play_id":"95f65f69-9b93-4468-861a-d56c95199583","local_time":"20210105172026","is_ascension_mode":false,"campfire_choices":[{"data":"OneTimeOff","floor":6,"key":"SMITH"},{"data":"MasterSpark","floor":12,"key":"SMITH"},{"data":"UpSweep","floor":15,"key":"SMITH"}],"circlet_count":0,"master_deck":["Strike_MRS","Strike_MRS","Strike_MRS","Defend_MRS","Defend_MRS","Defend_MRS","Defend_MRS","MasterSpark+1","UpSweep+1","SpiderBud","OneTimeOff+1","6A","UniverseFragment","VoidDream"],"relics":["MiniHakkero","REME_ComplimentaryCards","CogitoBucket","RabbitCall","LetterFromLob","Gensokyo:NagashiBinaDoll","hubris:Towel","Mango","hubris:SphereOfDissonance","Pocketwatch","Omamori","hubris:CuriousFeather"],"acts_visited":["Gensokyo:Gensokyo"],"potions_floor_usage":[10],"damage_taken":[{"damage":10,"enemies":"Gensokyo:Gryphon","floor":1,"turns":3},{"damage":6,"enemies":"Gensokyo:3_Fairies","floor":7,"turns":5},{"damage":19,"enemies":"Gensokyo:Aya","floor":10,"turns":7},{"damage":5,"enemies":"Gensokyo:2_Kodama","floor":11,"turns":3},{"damage":0,"enemies":"Gensokyo:Reimu","floor":16,"turns":3}],"seed_played":"-5871348436506987852","potions_obtained":[{"floor":1,"key":"blueLaboratory:Moonshine"},{"floor":10,"key":"blueLaboratory:AbyssPotion"}],"is_trial":false,"path_per_floor":["M","?","?","?","COS","R","M","$","T","E","M","R","?","$","R","B"],"character_chosen":"MARISA","items_purchased":["Omamori"],"campfire_rested":0,"item_purchase_floors":[14],"current_hp_per_floor":[65,65,65,58,58,58,52,52,52,33,28,28,38,38,38,38,38],"gold":39,"neow_bonus":"","is_daily":false,"chose_seed":false,"campfire_upgraded":3,"win_rate":0.0,"timestamp":1609888826,"path_taken":["M","?","?","?","COS","R","M","$","T","E","?","R","?","$","R","BOSS"],"items_purchased_type":["Relic"],"build_version":"2020-12-22","purchased_purges":2,"victory":false,"max_hp_per_floor":[75,75,75,89,89,89,89,89,89,89,89,89,89,89,89,89,89],"relic_stats":{"counters":[5,21],"obtain_stats":[{"RabbitCall":0,"CogitoBucket":0,"hubris:SphereOfDissonance":9,"Mango":4,"Gensokyo:NagashiBinaDoll":2,"hubris:CuriousFeather":16,"LetterFromLob":1,"Omamori":14,"MiniHakkero":0,"hubris:Towel":3,"REME_ComplimentaryCards":0,"Pocketwatch":10},{"RabbitCall":0,"CogitoBucket":0,"hubris:SphereOfDissonance":2,"Mango":1,"Gensokyo:NagashiBinaDoll":1,"hubris:CuriousFeather":5,"LetterFromLob":1,"Omamori":4,"MiniHakkero":0,"hubris:Towel":1,"REME_ComplimentaryCards":0,"Pocketwatch":3},{"RabbitCall":0,"CogitoBucket":0,"hubris:SphereOfDissonance":8,"Mango":3,"Gensokyo:NagashiBinaDoll":3,"hubris:CuriousFeather":21,"LetterFromLob":3,"Omamori":18,"MiniHakkero":0,"hubris:Towel":3,"REME_ComplimentaryCards":0,"Pocketwatch":15}],"Pocketwatch":[6]},"card_choices":[{"not_picked":["OSAHOGD","OldLady","CrumblingArmor"],"picked":"Singing Bowl","floor":1},{"not_picked":["Alriune","Bloodbath"],"picked":"SpiderBud","floor":1},{"not_picked":["StarlightTyphoon","6A"],"picked":"OneTimeOff","floor":1},{"not_picked":["BeautyBeast","Wellcheers","Variant"],"picked":"Singing Bowl","floor":7},{"not_picked":["GrandCross","LuminesStrike"],"picked":"6A","floor":7},{"not_picked":["PunishingBird","WallGazer"],"picked":"UniverseFragment","floor":10},{"not_picked":["MysteriousBeam","BlazeAway","DC"],"picked":"SKIP","floor":10},{"not_picked":["Murderer","Wellcheers"],"picked":"VoidDream","floor":11},{"not_picked":["SporeBomb","Singularity","DragonMeteor"],"picked":"SKIP","floor":11}],"player_experience":1840358,"relics_obtained":[{"floor":1,"key":"LetterFromLob"},{"floor":9,"key":"hubris:SphereOfDissonance"},{"floor":10,"key":"Pocketwatch"}],"event_choices":[],"is_beta":false,"boss_relics":[],"items_purged_floors":[14,14],"is_endless":false,"potions_floor_spawned":[1,10],"killed_by":"Gensokyo:Reimu","ascension_level":0}}