{"host":"qgrlfjrqk9z96gfi","time":1609816691,"event":{"mods":["BaseMod","Block Reminder","Colored Map","DeckTracker","Minty Spire (QoL Compilation)"],"gold_per_floor":[111,111,111,16,91,91,6,6,74,108,125,125,125,156,156,229,229,246,246,261,280,280,280,280,280],"floor_reached":24,"playtime":440,"items_purged":[],"score":450,"play_id":"27bb1a80-e9de-4ac7-a291-e0568489fbb8","local_time":"20210104171811","is_ascension_mode":true,"campfire_choices":[{"floor":6,"key":"REST"},{"data":"Noxious Fumes","floor":8,"key":"SMITH"},{"data":"Deadly Poison","floor":13,"key":"SMITH"},{"data":"Catalyst","floor":15,"key":"SMITH"},{"floor":23,"key":"REST"}],"circlet_count":0,"master_deck":["AscendersBane","Strike_G","Strike_G","Strike_G","Strike_G+1","Strike_G","Defend_G","Defend_G+1","Defend_G","Defend_G","Defend_G","Survivor","Neutralize","Quick Slash","Deadly Poison+1","All Out Attack","Noxious Fumes+1","A Thousand Cuts+1","Finisher","Catalyst+1","Corpse Explosion","Dodge and Roll","Leg Sweep","Endless Agony+1","Decay"],"relics":["Ring of the Snake","NeowsBlessing","Meat on the Bone","Frozen Egg 2","Potion Belt","SlaversCollar"],"acts_visited":["Exordium","TheCity"],"potions_floor_usage":[24,24],"damage_taken":[{"damage":0,"enemies":"2 Louse","floor":1,"turns":1},{"damage":0,"enemies":"3 Sentries","floor":10,"turns":1},{"damage":0,"enemies":"Small Slimes","floor":11,"turns":1},{"damage":29,"enemies":"Gremlin Nob","floor":14,"turns":4},{"damage":17,"enemies":"Hexaghost","floor":16,"turns":7},{"damage":39,"enemies":"Shell Parasite","floor":18,"turns":6},{"damage":3,"enemies":"3 Byrds","floor":20,"turns":3},{"damage":27,"enemies":"Centurion and Healer","floor":21,"turns":6},{"damage":51,"enemies":"Gremlin Leader","floor":24,"turns":5}],"seed_played":"-7028491083181762032","potions_obtained":[{"floor":18,"key":"PowerPotion"},{"floor":21,"key":"Ancient Potion"}],"is_trial":false,"path_per_floor":["M","$","?","$","?","R","$","R","T","E","M","?","R","E","R","B",null,"M","?","M","M","?","R","E"],"character_chosen":"THE_SILENT","items_purchased":["Deadly Poison","All Out Attack","Noxious Fumes"],"campfire_rested":2,"item_purchase_floors":[4,4,7],"current_hp_per_floor":[59,59,39,39,28,47,47,47,47,47,47,47,47,30,30,25,56,29,29,38,23,23,42,0,0],"gold":280,"neow_bonus":"THREE_ENEMY_KILL","is_daily":false,"chose_seed":false,"campfire_upgraded":3,"win_rate":0.0,"timestamp":1609816691,"path_taken":["M","$","?","$","?","R","?","R","T","E","?","?","R","E","R","BOSS","M","?","M","M","?","R","E"],"items_purchased_type":["Card","Card","Card"],"build_version":"2020-12-22","purchased_purges":0,"victory":false,"max_hp_per_floor":[66,66,66,66,66,66,66,66,66,66,66,66,66,66,66,66,66,66,66,66,66,66,66,66,66],"card_choices":[{"not_picked":["Expertise","Acrobatics"],"picked":"Quick Slash","floor":1},{"not_picked":["Backflip","Outmaneuver"],"picked":"A Thousand Cuts+1","floor":10},{"not_picked":["Acrobatics","Prepared"],"picked":"Finisher","floor":11},{"not_picked":["Reflex","Flying Knee"],"picked":"Catalyst","floor":14},{"not_picked":["Night Terror","Bullet Time"],"picked":"Corpse Explosion","floor":16},{"not_picked":["Backstab","Dagger Spray"],"picked":"Dodge and Roll","floor":18},{"not_picked":["Sucker Punch","Masterful Stab"],"picked":"Leg Sweep","floor":20},{"not_picked":["Cloak And Dagger","Poisoned Stab"],"picked":"Endless Agony+1","floor":21}],"player_experience":967975,"relics_obtained":[{"floor":9,"key":"Meat on the Bone"},{"floor":10,"key":"Frozen Egg 2"},{"floor":14,"key":"Potion Belt"}],"event_choices":[{"damage_healed":0,"gold_gain":0,"player_choice":"Entered Light","damage_taken":20,"max_hp_gain":0,"max_hp_loss":0,"event_name":"Shining Light","floor":3,"gold_loss":0,"cards_upgraded":["Defend_G","Strike_G"]},{"damage_healed":0,"gold_gain":75,"player_choice":"Gather Gold","damage_taken":11,"max_hp_gain":0,"max_hp_loss":0,"event_name":"World of Goop","floor":5,"gold_loss":0},{"damage_healed":0,"gold_gain":0,"player_choice":"Ignored","damage_taken":0,"max_hp_gain":0,"max_hp_loss":0,"event_name":"Liars Game","floor":12,"gold_loss":0},{"damage_healed":0,"gold_gain":0,"player_choice":"Ignored","damage_taken":0,"max_hp_gain":0,"max_hp_loss":0,"event_name":"The Mausoleum","floor":19,"gold_loss":0},{"damage_healed":0,"gold_gain":0,"player_choice":"Smashed Altar","damage_taken":0,"max_hp_gain":0,"max_hp_loss":0,"event_name":"Forgotten Altar","floor":22,"gold_loss":0,"cards_obtained":["Decay"]}],"is_beta":false,"boss_relics":[{"not_picked":["Calling Bell","HoveringKite"],"picked":"SlaversCollar"}],"items_purged_floors":[],"is_endless":false,"potions_floor_spawned":[18,21],"killed_by":"Gremlin Leader","ascension_level":20}}