{"host":"i0boqj7z83tzxoi1","time":1609868454,"event":{"mods":["BaseMod","Minty Spire (QoL Compilation)","Replay The Spire","StSLib","The Construct"],"gold_per_floor":[112,287,305,33,33,33,33,67,67,96,110,110,121,196,196,291,291,311,311,86,104,124,124,159,173,173,189,2,2,2,12,12,116,116,131,131,181,7,18,18,18],"floor_reached":40,"playtime":1743,"items_purged":["Regret","Doubt"],"score":538,"play_id":"6477d321-7894-4bf1-b50c-0f223266e3d9","local_time":"20210106014054","is_ascension_mode":true,"campfire_choices":[{"floor":6.0,"key":"REST"},{"floor":12.0,"key":"REST"},{"floor":15.0,"key":"REST"},{"floor":23.0,"key":"REST"},{"floor":32,"key":"REST"}],"circlet_count":0,"master_deck":["Bash","Pommel Strike+1","Shrug It Off","Wild Strike+1","Demonic Infusion","Clash","Headbutt","Run Through","Immolate","Infernal Blade","Cleave","ReplayTheSpireMod:Stacked","Sword Boomerang","Life Link","Carnage","Body Slam","Perfected Strike+1","Infernal Blade","Clash","Perfected Strike+1","Inflame+1","Headbutt","Flex+1","Fire Breathing+1","Clash","Second Wind","Offering","Whirlwind","Perfected Strike+1","ReplayTheSpireMod:Strike From Hell","ReplayTheSpireMod:Strike From Hell+1"],"relics":["Black Blood","Pocketwatch","Membership Card","Vajra","Gambling Chip","Quantum Egg","HornCleat","Pandora\u0027s Box","Gremlin Horn","Self Forming Clay","Torii","Snack Pack","ReplayTheSpireMod:Ring of Addiction","Ring of Chaos","Potion Belt","Chameleon Ring","Girya","OrangePellets","Bag of Marbles"],"acts_visited":["Exordium","TheCity","TheBeyond"],"potions_floor_usage":[29,33,39,40,40],"damage_taken":[{"damage":13.0,"enemies":"Small Slimes","floor":1.0,"turns":3.0},{"damage":18.0,"enemies":"2 Louse","floor":3.0,"turns":3.0},{"damage":22.0,"enemies":"Lagavulin","floor":8.0,"turns":5.0},{"damage":38.0,"enemies":"Replay:BlueRogue","floor":10.0,"turns":4.0},{"damage":0.0,"enemies":"Jaw Worm","floor":11.0,"turns":3.0},{"damage":0.0,"enemies":"2 Fungi Beasts","floor":13.0,"turns":2.0},{"damage":56.0,"enemies":"Hexaghost","floor":16.0,"turns":9.0},{"damage":2.0,"enemies":"Spheric Guardian","floor":18.0,"turns":3.0},{"damage":31.0,"enemies":"3 Byrds","floor":21.0,"turns":4.0},{"damage":0.0,"enemies":"Snecko","floor":22.0,"turns":2.0},{"damage":28.0,"enemies":"Book of Stabbing","floor":24.0,"turns":5.0},{"damage":36.0,"enemies":"Centurion and Healer","floor":25.0,"turns":4.0},{"damage":12,"enemies":"Chosen and Byrds","floor":27,"turns":3},{"damage":1,"enemies":"Colosseum Slavers","floor":29,"turns":2},{"damage":0,"enemies":"3 Cultists","floor":31,"turns":4},{"damage":17,"enemies":"Collector","floor":33,"turns":6},{"damage":22,"enemies":"3 Darklings","floor":35,"turns":3},{"damage":0,"enemies":"Mind Bloom Boss Battle","floor":37,"turns":3},{"damage":0,"enemies":"3 Shapes","floor":39,"turns":1},{"damage":85,"enemies":"Giant Head","floor":40,"turns":6}],"seed_played":"7033612200104394459","potions_obtained":[{"floor":11.0,"key":"Explosive Potion"},{"floor":13.0,"key":"Regen Potion"},{"floor":22.0,"key":"Block Potion"},{"floor":24.0,"key":"Elixir"},{"floor":31,"key":"AttackPotion"},{"floor":33,"key":"SteroidPotion"},{"floor":36,"key":"SkillPotion"},{"floor":36,"key":"Ancient Potion"},{"floor":36,"key":"Fire Potion"}],"is_trial":false,"path_per_floor":["M","?","M","$","?","R","?","E","T","E","M","R","M","?","R","B",null,"M","?","$","M","M","R","E","M","T","M","$","?","?","M","R","B",null,"M","?","?","$","M","E"],"character_chosen":"IRONCLAD","items_purchased":["Membership Card","Vajra","Gremlin Horn","Infernal Blade","Clash","DistilledChaos","Snack Pack","Clash","OrangePellets","ReplayTheSpireMod:Strike From Hell","Bag of Marbles"],"campfire_rested":5,"item_purchase_floors":[4,4,20,20,20,28,28,28,38,38,38],"current_hp_per_floor":[65,65,53,53,53,77,61,45,45,13,19,43,49,38,62,27,67,71,71,71,46,52,76,54,24,24,18,18,25,25,33,57,52,73,65,65,79,79,80,0,0],"gold":18,"neow_bonus":"RANDOM_EVENT","is_daily":false,"chose_seed":false,"campfire_upgraded":0,"win_rate":0.0,"timestamp":1609868454,"path_taken":["M","?","M","$","?","R","?","E","T","E","M","R","?","?","R","BOSS","M","?","$","M","?","R","E","M","T","M","$","?","?","?","R","BOSS","M","?","?","$","M","E"],"items_purchased_type":["Relic","Relic","Relic","Card","Card","Potion","Relic","Card","Relic","Card","Relic"],"build_version":"2020-12-22","purchased_purges":2,"victory":false,"max_hp_per_floor":[80,80,80,80,80,80,80,80,80,80,80,80,80,80,80,80,80,80,80,80,80,80,80,80,80,80,80,80,80,80,80,80,80,80,80,80,80,80,80,80,80],"card_choices":[{"not_picked":["Clash","Shrug It Off"],"picked":"Pommel Strike","floor":1.0},{"not_picked":["ReplayTheSpireMod:Stacked","Wild Strike"],"picked":"Shrug It Off","floor":3.0},{"not_picked":["Rupture","Cleave"],"picked":"Demonic Infusion","floor":8.0},{"not_picked":["Pommel Strike","Clothesline"],"picked":"Clash","floor":10.0},{"not_picked":["Shrug It Off","Havoc"],"picked":"Headbutt","floor":11.0},{"not_picked":["Sword Boomerang","Shrug It Off"],"picked":"Run Through","floor":13.0},{"not_picked":["Impervious","Double Tap"],"picked":"Immolate","floor":16.0},{"not_picked":["Heavy Blade+1","ReplayTheSpireMod:Strike From Hell+1"],"picked":"Perfected Strike","floor":18.0},{"not_picked":["ReplayTheSpireMod:Strike From Hell","Flex"],"picked":"Perfected Strike+1","floor":21.0},{"not_picked":["Searing Blow","Havoc"],"picked":"Inflame+1","floor":22.0},{"not_picked":["Ghostly Armor","Body Slam"],"picked":"Headbutt","floor":24.0},{"not_picked":["Feel No Pain+1","Havoc"],"picked":"Flex+1","floor":25.0},{"not_picked":["Flex","Body Slam"],"picked":"Fire Breathing+1","floor":27},{"not_picked":["Run Through","Reckless Charge+1"],"picked":"Second Wind","floor":31},{"not_picked":["Brutality","Fiend Fire"],"picked":"Offering","floor":33},{"not_picked":["Headbutt+1","Shrug It Off+1"],"picked":"Whirlwind","floor":35},{"not_picked":["Dual Wield","Run Through+1"],"picked":"Perfected Strike+1","floor":37},{"not_picked":["Shockwave+1","Body Slam"],"picked":"ReplayTheSpireMod:Strike From Hell+1","floor":39}],"player_experience":139198,"relics_obtained":[{"floor":8.0,"key":"Gambling Chip"},{"floor":9.0,"key":"Quantum Egg"},{"floor":10.0,"key":"HornCleat"},{"floor":24.0,"key":"Self Forming Clay"},{"floor":26.0,"key":"Torii"},{"floor":36,"key":"ReplayTheSpireMod:Ring of Addiction"},{"floor":36,"key":"Ring of Chaos"},{"floor":36,"key":"Potion Belt"},{"floor":36,"key":"Chameleon Ring"},{"floor":37,"key":"Girya"}],"event_choices":[{"damage_healed":0.0,"max_hp_gain":0.0,"max_hp_loss":0.0,"gold_gain":0.0,"event_name":"Big Fish","player_choice":"Box","floor":0.0,"gold_loss":0.0,"damage_taken":0.0,"relics_obtained":["Pocketwatch"],"cards_obtained":["Regret"]},{"damage_healed":0.0,"max_hp_gain":0.0,"max_hp_loss":0.0,"gold_gain":175.0,"event_name":"Liars Game","player_choice":"AGREE","floor":2.0,"gold_loss":0.0,"damage_taken":0.0,"cards_obtained":["Doubt"]},{"damage_healed":0.0,"max_hp_gain":0.0,"max_hp_loss":0.0,"gold_gain":0.0,"event_name":"Shining Light","player_choice":"Entered Light","floor":7.0,"gold_loss":0.0,"damage_taken":16.0,"cards_upgraded":["Strike_R","Pommel Strike"]},{"damage_healed":0.0,"max_hp_gain":0.0,"max_hp_loss":0.0,"gold_gain":75.0,"event_name":"World of Goop","player_choice":"Gather Gold","floor":14.0,"gold_loss":0.0,"damage_taken":11.0},{"damage_healed":0.0,"max_hp_gain":0.0,"max_hp_loss":0.0,"gold_gain":0.0,"event_name":"Accursed Blacksmith","player_choice":"Forge","floor":19.0,"gold_loss":0.0,"damage_taken":0.0,"cards_upgraded":["Perfected Strike"]},{"damage_healed":0,"gold_gain":0,"player_choice":"Fight","damage_taken":0,"max_hp_gain":0,"max_hp_loss":0,"event_name":"Colosseum","floor":29,"gold_loss":0},{"damage_healed":0,"gold_gain":0,"player_choice":"Fled From Nobs","damage_taken":0,"max_hp_gain":0,"max_hp_loss":0,"event_name":"Colosseum","floor":29,"gold_loss":0},{"cards_removed":["Corruption"],"damage_healed":0,"gold_gain":0,"player_choice":"Purged","damage_taken":0,"max_hp_gain":0,"max_hp_loss":0,"event_name":"Purifier","floor":30,"gold_loss":0},{"damage_healed":0,"gold_gain":0,"player_choice":"Fight","damage_taken":0,"max_hp_gain":0,"max_hp_loss":0,"event_name":"MindBloom","floor":37,"gold_loss":0}],"is_beta":false,"boss_relics":[{"not_picked":["SlaversCollar","Replay:Drink Me"],"picked":"Pandora\u0027s Box"},{"not_picked":["SacredBark","Coffee Dripper"],"picked":"Black Blood"}],"items_purged_floors":[4,20],"is_endless":false,"potions_floor_spawned":[11,13,22,24,31,33],"killed_by":"Giant Head","ascension_level":6}}