{"host":"7xbu8gt067z192g2","time":1609847043,"event":{"mods":["BaseMod","Better Note","Colored Map","Colored Powertips","Googly Eyes","Highlight Path","Minty Spire (QoL Compilation)","Rare Cards Sparkle","Replay The Spire","StSLib","The Bladedancer","The Cursed","The Hierophant","The Valiant","The Wild Card"],"gold_per_floor":[114,114,39,39,49,49,83,83,107,107,29,29,54,64,64,64,64],"floor_reached":16,"playtime":783,"items_purged":["Parasite"],"score":117,"play_id":"fe33785f-a3b1-4419-b9da-1f95b657a4b9","local_time":"20210105064403","is_ascension_mode":true,"campfire_choices":[{"data":"Dualcast","floor":6.0,"key":"SMITH"},{"data":"Chill","floor":8.0,"key":"SMITH"},{"floor":10.0,"key":"REST"},{"data":"Tempest","floor":15.0,"key":"SMITH"}],"circlet_count":0,"master_deck":["Strike_B","Strike_B","Strike_B","Zap+1","Dualcast+1","Sickly","Redo","Coolheaded","Chill+1","Consume+1","Lockon","Tempest+1"],"relics":["Kintsugi","FossilizedHelix","Art of War","Centennial Puzzle","Bronze Scales"],"acts_visited":["Exordium"],"potions_floor_usage":[16],"damage_taken":[{"damage":6.0,"enemies":"2 Louse","floor":1.0,"turns":2.0},{"damage":0.0,"enemies":"Cultist","floor":5.0,"turns":2.0},{"damage":49.0,"enemies":"Lagavulin","floor":7.0,"turns":7.0},{"damage":18.0,"enemies":"3 Sentries","floor":13.0,"turns":9.0},{"damage":0.0,"enemies":"Small Slimes","floor":14.0,"turns":3.0},{"damage":26,"enemies":"The Guardian","floor":16,"turns":5}],"seed_played":"2791952728714487022","potions_obtained":[{"floor":5.0,"key":"Milkshake"},{"floor":13.0,"key":"Swift Potion"}],"is_trial":false,"path_per_floor":["M","?","$","T","M","R","E","R","T","R","$","?","E","M","R","B"],"character_chosen":"DEFECT","items_purchased":["Consume"],"campfire_rested":1,"item_purchase_floors":[11],"current_hp_per_floor":[69,69,69,69,69,69,20,20,20,41,41,41,23,23,23,0,0],"gold":64,"neow_bonus":"BOSS_RELIC","is_daily":false,"chose_seed":false,"campfire_upgraded":3,"win_rate":0.0,"timestamp":1609847043,"path_taken":["M","?","$","?","?","R","E","R","T","R","$","?","E","M","R","BOSS"],"items_purchased_type":["Card"],"build_version":"2020-12-22","purchased_purges":1,"victory":false,"max_hp_per_floor":[75,75,72,72,72,72,72,72,72,72,72,72,72,72,72,72,72],"card_choices":[{"not_picked":["Scrape","Leap"],"picked":"Redo","floor":1.0},{"not_picked":["Heatsinks","Beam Cell"],"picked":"Coolheaded","floor":5.0},{"not_picked":["Force Field","Cold Snap"],"picked":"Chill","floor":7.0},{"not_picked":["Sunder","Auto Shields"],"picked":"Lockon","floor":13.0},{"not_picked":["Streamline","Cold Snap"],"picked":"Tempest","floor":14.0}],"player_experience":144110,"relics_obtained":[{"floor":4.0,"key":"FossilizedHelix"},{"floor":7.0,"key":"Art of War"},{"floor":9.0,"key":"Centennial Puzzle"},{"floor":13.0,"key":"Bronze Scales"}],"event_choices":[{"damage_healed":0.0,"max_hp_gain":0.0,"max_hp_loss":0.0,"gold_gain":0.0,"event_name":"Upgrade Shrine","player_choice":"Upgraded","floor":2.0,"gold_loss":0.0,"damage_taken":0.0,"cards_upgraded":["Zap"]}],"is_beta":false,"boss_relics":[],"items_purged_floors":[3],"is_endless":false,"potions_floor_spawned":[5,13],"killed_by":"The Guardian","ascension_level":2}}