{"host":"7xbu8gt067z192g2","time":1609806935,"event":{"mods":["BaseMod","Better Note","Colored Map","Colored Powertips","Googly Eyes","Highlight Path","Minty Spire (QoL Compilation)","Rare Cards Sparkle","Replay The Spire","StSLib","The Bladedancer","The Cursed","The Hierophant","The Valiant","The Wild Card"],"gold_per_floor":[116,65,65,83,2,2,35,58,58,88,106,120,120,155,155,155,155],"floor_reached":16,"playtime":1484,"items_purged":[],"score":124,"play_id":"ac8e3cb7-0e9a-401f-aff0-763f57260317","local_time":"20210104193535","is_ascension_mode":true,"campfire_choices":[{"data":"Sucker Punch","floor":6,"key":"SMITH"},{"data":"Replay:Poison Smokescreen","floor":15,"key":"SMITH"}],"circlet_count":0,"master_deck":["Strike_G","Strike_G","Strike_G","Strike_G","Strike_G","Defend_G","Defend_G","Defend_G","Defend_G","Survivor","Neutralize","Sucker Punch+1","Dagger Throw","Die Die Die","Blade Dance","Calculated Gamble","Hidden Blade","Infinite Blades","Outmaneuver","Replay:Poison Smokescreen+1"],"relics":["SacredBark","Huge Egg","Odd Mushroom","Pantograph","Replay:Bottled Flurry","Replay:Rubber Ducky"],"acts_visited":["Exordium"],"potions_floor_usage":[7,10,14,14],"damage_taken":[{"damage":0,"enemies":"Jaw Worm","floor":1,"turns":7},{"damage":2,"enemies":"2 Louse","floor":4,"turns":3},{"damage":1,"enemies":"3 Sentries","floor":7,"turns":5},{"damage":18,"enemies":"The Mushroom Lair","floor":8,"turns":4},{"damage":12,"enemies":"Lagavulin","floor":10,"turns":7},{"damage":4,"enemies":"Cultist","floor":11,"turns":3},{"damage":9,"enemies":"Blue Slaver","floor":12,"turns":3},{"damage":7,"enemies":"3 Sentries","floor":14,"turns":4},{"damage":56,"enemies":"Fading Forest","floor":16,"turns":9}],"seed_played":"-7728068643812061677","potions_obtained":[{"floor":7,"key":"Elixir"},{"floor":8,"key":"SmokeBomb"},{"floor":10,"key":"Explosive Potion"},{"floor":13,"key":"Strength Potion"}],"is_trial":false,"path_per_floor":["M","$","?","M","$","R","E","?","T","E","M","M","?","E","R","B"],"character_chosen":"THE_SILENT","items_purchased":["Fire Potion","Die Die Die"],"campfire_rested":0,"item_purchase_floors":[2,5],"current_hp_per_floor":[70,70,63,61,61,61,60,42,42,30,26,17,17,10,10,0,0],"gold":155,"neow_bonus":"BOSS_RELIC","is_daily":false,"chose_seed":false,"campfire_upgraded":2,"win_rate":0.0,"timestamp":1609806935,"path_taken":["M","$","?","M","$","R","E","?","T","E","M","M","?","E","R","BOSS"],"items_purchased_type":["Potion","Card"],"build_version":"2020-12-22","purchased_purges":0,"victory":false,"max_hp_per_floor":[70,70,70,70,70,70,70,70,70,70,70,70,70,70,70,70,70],"card_choices":[{"not_picked":["Slice","Sneak Up"],"picked":"Sucker Punch","floor":1},{"not_picked":["Endless Agony","Catalyst"],"picked":"Dagger Throw","floor":4},{"not_picked":["Noxious Fumes","Well Laid Plans"],"picked":"Blade Dance","floor":7},{"not_picked":["Slice","Footwork"],"picked":"Calculated Gamble","floor":8},{"not_picked":["Sucker Punch","Noxious Fumes"],"picked":"Hidden Blade","floor":10},{"not_picked":["Poisoned Stab","Quick Slash"],"picked":"Infinite Blades","floor":11},{"not_picked":["Sneak Up","Deadly Poison"],"picked":"Outmaneuver","floor":12},{"not_picked":["Flechettes","Sucker Punch"],"picked":"Replay:Poison Smokescreen","floor":14}],"player_experience":135492,"relics_obtained":[{"floor":7,"key":"Huge Egg"},{"floor":8,"key":"Odd Mushroom"},{"floor":9,"key":"Pantograph"},{"floor":10,"key":"Replay:Bottled Flurry"},{"floor":14,"key":"Replay:Rubber Ducky"}],"event_choices":[{"cards_removed":["Defend_G"],"damage_healed":0,"gold_gain":0,"player_choice":"Card Removal","damage_taken":7,"max_hp_gain":0,"max_hp_loss":0,"event_name":"Golden Wing","floor":3,"gold_loss":0},{"damage_healed":0,"gold_gain":0,"player_choice":"Fought Mushrooms","damage_taken":0,"max_hp_gain":0,"max_hp_loss":0,"event_name":"Mushrooms","floor":8,"gold_loss":0},{"damage_healed":0,"gold_gain":0,"player_choice":"Got Potions","damage_taken":0,"max_hp_gain":0,"max_hp_loss":0,"event_name":"Lab","floor":13,"gold_loss":0}],"is_beta":false,"boss_relics":[],"items_purged_floors":[],"is_endless":false,"potions_floor_spawned":[7,8,10],"killed_by":"Fading Forest","ascension_level":1}}