{"host":"ig7tc0uedzltt2sr","time":1609832227,"event":{"mods":["BaseMod","Better Twitch Integration","Block Reminder","Colored Map","Colored Powertips","Communication Mod","Current Relic Mod","GifTheSpireLib","HexUI Lib","Minty Spire (QoL Compilation)","Quick Restart","Random Character Button","Rare Cards Sparkle","Relic Sorter","Relic Stats","Slay the Relics Exporter","StSLib","SuperFastMode","Synergy Search","Twitch Decklist","Twitch Utils","everything is the same but u backflip on backflip","slay the spire mod where everything is the same but ironclad has a cowboy hat"],"gold_per_floor":[115,63,79,91,91,61,61,61,61],"floor_reached":8,"playtime":60,"items_purged":[],"score":46,"play_id":"e75644c4-d376-428e-a4d4-b1b8fea1527b","local_time":"20210104233707","is_ascension_mode":false,"campfire_choices":[{"data":"Defend_R","floor":7,"key":"SMITH"}],"circlet_count":0,"master_deck":["Strike_R","Strike_R","Strike_R","Strike_R","Strike_R","Defend_R+1","Defend_R","Defend_R","Defend_R","Bash","Uppercut","Dropkick","Pommel Strike","Berserk"],"relics":["Burning Blood","Golden Idol"],"acts_visited":["Exordium"],"potions_floor_usage":[],"damage_taken":[{"damage":8,"enemies":"2 Louse","floor":1,"turns":5},{"damage":1,"enemies":"Jaw Worm","floor":3,"turns":4},{"damage":0,"enemies":"Small Slimes","floor":4,"turns":7},{"damage":2,"enemies":"Looter","floor":6,"turns":4},{"damage":99,"enemies":"Gremlin Nob","floor":8,"turns":6}],"seed_played":"4538312966747211817","potions_obtained":[{"floor":3,"key":"Swift Potion"},{"floor":4,"key":"LiquidMemories"}],"is_trial":false,"path_per_floor":["M","$","M","M","?","M","R","E"],"character_chosen":"IRONCLAD","items_purchased":["Strength Potion"],"campfire_rested":0,"item_purchase_floors":[2],"current_hp_per_floor":[86,86,88,88,81,81,81,0,0],"gold":61,"neow_bonus":"TEN_PERCENT_HP_BONUS","is_daily":false,"chose_seed":false,"campfire_upgraded":1,"win_rate":0.0,"timestamp":1609832227,"path_taken":["M","$","M","M","?","M","R","E"],"items_purchased_type":["Potion"],"build_version":"2020-12-22","purchased_purges":0,"victory":false,"max_hp_per_floor":[88,88,88,88,81,81,81,81,81],"relic_stats":{"counters":[5,26],"Golden Idol":0,"obtain_stats":[{"Golden Idol":5,"Burning Blood":0},{"Golden Idol":3,"Burning Blood":0},{"Golden Idol":16,"Burning Blood":0}],"Burning Blood":11},"card_choices":[{"not_picked":["Pommel Strike","Disarm"],"picked":"Uppercut","floor":1},{"not_picked":["Warcry","Shrug It Off"],"picked":"Dropkick","floor":3},{"not_picked":["Shockwave","Havoc"],"picked":"Pommel Strike","floor":4},{"not_picked":["Clothesline","Armaments"],"picked":"Berserk","floor":6}],"player_experience":1431688,"relics_obtained":[],"event_choices":[{"damage_healed":0,"gold_gain":0,"player_choice":"Lose Max HP","damage_taken":0,"relics_obtained":["Golden Idol"],"max_hp_gain":0,"max_hp_loss":7,"event_name":"Golden Idol","floor":5,"gold_loss":0}],"is_beta":false,"boss_relics":[],"items_purged_floors":[],"is_endless":false,"potions_floor_spawned":[3,4],"killed_by":"Gremlin Nob","ascension_level":0}}