{"host":"an6uhul3yec8m0jh","time":1609834426,"event":{"mods":["ATMod(°¢èªMod)","Act Like it!","BaseMod","Colored Map","Colored Powertips","Gensokyo","Highlight Path","Minty Spire (QoL Compilation)","MostiFishMod","Pale of the Ancients","Quick Restart","StSLib","TestMod","UnlockEverythingMod","Waifu the Spire","noobMod"],"gold_per_floor":[111,127,127,227,247,282,301,333,358,387,397,397,397,201,201,274,274,291,22,42,42,42,42,354,387,412,292,292,323,323,323,323,397,397,412,35,47,47,47,81,81,81,106,106,126,359,876,876,876,1376,1876,2013,2151,1396,557,557,573,573,113,113,113],"floor_reached":62,"playtime":3988,"items_purged":["Clumsy","Defend_P","Defend_P","BowlingBash"],"score":3505,"play_id":"40e5dfb7-7b35-4bc4-9985-981b78bc32ac","local_time":"20210105161346","is_ascension_mode":true,"campfire_choices":[{"data":"Eruption","floor":13.0,"key":"SMITH"},{"data":"Eruption","floor":15.0,"key":"SMITH"},{"data":"MostiFishMod:StarLaLaLa","floor":23.0,"key":"SMITH"},{"data":"MostiFishMod:Disappear","floor":28.0,"key":"SMITH"},{"data":"MostiFishMod:Moonprays","floor":30.0,"key":"SMITH"},{"data":"TalkToTheHand","floor":32.0,"key":"SMITH"},{"data":"Ragnarok","floor":41.0,"key":"SMITH"},{"floor":44.0,"key":"RECALL"},{"data":"Crescendo","floor":49.0,"key":"SMITH"},{"data":"MostiFishMod:Dust","floor":56,"key":"SMITH"},{"data":"AT_ChampionStep","floor":58,"key":"SMITH"}],"circlet_count":0,"master_deck":["Strike_P","Strike_P","Strike_P","Strike_P","Defend_P","Eruption+1","Vigilance","MostiFishMod:EE1D","MostiFishMod:EE1D+1","MostiFishMod:EE1D","AT_MachinaRedman","Eruption+1","MostiFishMod:StarLaLaLa+1","Crescendo+1","Adaptation","AT_ChampionKick","CutThroughFate","TalkToTheHand+1","Tantrum","MostiFishMod:Disappear+1","MostiFishMod:Moonprays+1","MostiFishMod:Disappear","EmptyMind","Gensokyo:MenInBlack+1","Ragnarok+1","AT_ChampionStep+1","InnerPeace+1","Gensokyo:RainbowDanmaku+1","MostiFishMod:Dust+1","MostiFishMod:CyberBuddha+1","MostiFishMod:PathToVictory+1","MostiFishMod:Nomercy+1","testmod-LifeRuler+1"],"relics":["ice","DaveBox","testmod-TestBox","AT_ATBox","EE1DDrone","testmod-HeartOfStrike","Jackal-EndForJourney","SynthV:TestCard","Gensokyo:NagashiBinaDoll","Meat on the Bone","testmod-TurbochargingSystem","Bag of Preparation","testmod-OneHitWonder","AT_RedTearstoneRing","testmod-NegativeEmotionEnhancer","MetatronsCube","Omamori","Happy Flower","Gensokyo:FoxMask","AT_RabadonDeathcap","Toxic Egg 2","PatriotShield","BirthdayGift-Tetrahedron","BirthdayGift-Icosahedron","MealTicket","testmod-Hope","paleoftheancients:Timepiece","paleoftheancients:KeyRelic","Anchor","Coffee Dripper","Letter Opener","paleoftheancients:SoulOfTheWokeBloke","DaCapo","TheAbacus","Centennial Puzzle","Dodecahedron","testmod-Antiphasic","Kunai","Membership Card","ImprovedEquipment","AT_BellDemon"],"acts_visited":["Gensokyo:Gensokyo","Gensokyo:Gensokyoer","Gensokyo:Gensokyoest","paleoftheancients:PaleOfTheAncients"],"potions_floor_usage":[],"damage_taken":[{"damage":0.0,"enemies":"Gensokyo:Gryphon","floor":1.0,"turns":1.0},{"damage":0.0,"enemies":"Gensokyo:2_Kodama","floor":2.0,"turns":1.0},{"damage":0.0,"enemies":"Gensokyo:Python","floor":5.0,"turns":1.0},{"damage":0.0,"enemies":"Gensokyo:Aya","floor":6.0,"turns":2.0},{"damage":0.0,"enemies":"Gensokyo:5_Fairies","floor":7.0,"turns":3.0},{"damage":0.0,"enemies":"Gensokyo:Mamizou","floor":8.0,"turns":3.0},{"damage":0.0,"enemies":"Gensokyo:Cirno","floor":10.0,"turns":4.0},{"damage":0.0,"enemies":"Gensokyo:VengefulSpirit","floor":11.0,"turns":2.0},{"damage":3.0,"enemies":"Gensokyo:Yukari","floor":16.0,"turns":4.0},{"damage":18.0,"enemies":"Gensokyo:3_Dogs","floor":18.0,"turns":3.0},{"damage":0.0,"enemies":"Gensokyo:AngelMirror","floor":20.0,"turns":4.0},{"damage":38.0,"enemies":"Gensokyo:Wraith","floor":24.0,"turns":3.0},{"damage":5.0,"enemies":"Gensokyo:Koishi","floor":25.0,"turns":4.0},{"damage":5.0,"enemies":"Gensokyo:Tenshi","floor":29.0,"turns":3.0},{"damage":0.0,"enemies":"Gensokyo:Eiki","floor":33.0,"turns":4.0},{"damage":0.0,"enemies":"Gensokyo:3_Bats","floor":35.0,"turns":1.0},{"damage":1.0,"enemies":"Gensokyo:AncientGuardian","floor":37.0,"turns":2.0},{"damage":1.0,"enemies":"Gensokyo:AncientGuardian","floor":39.0,"turns":2.0},{"damage":2.0,"enemies":"Gensokyo:Kasen","floor":40.0,"turns":2.0},{"damage":0.0,"enemies":"Gensokyo:AtlasGolem","floor":45.0,"turns":1.0},{"damage":1.0,"enemies":"Gensokyo:Doremy","floor":46.0,"turns":2.0},{"damage":5.0,"enemies":"Gensokyo:Rafflesia","floor":47.0,"turns":4.0},{"damage":2.0,"enemies":"Gensokyo:Yuyuko","floor":50.0,"turns":2.0},{"damage":3,"enemies":"Gensokyo:Shinki","floor":51,"turns":3},{"damage":0,"enemies":"Gensokyo:Shinki","floor":52,"turns":1},{"damage":2,"enemies":"Gensokyo:Shinki","floor":53,"turns":2},{"damage":0,"enemies":"Gensokyo:Shinki","floor":57,"turns":1},{"damage":0,"enemies":"paleoftheancients:N","floor":61,"turns":2}],"seed_played":"7363350669572062470","potions_obtained":[{"floor":2.0,"key":"Explosive Potion"},{"floor":6.0,"key":"ColorlessPotion"},{"floor":7.0,"key":"BlessingOfTheForge"},{"floor":11.0,"key":"Explosive Potion"},{"floor":16.0,"key":"Regen Potion"},{"floor":20.0,"key":"BlessingOfTheForge"},{"floor":24.0,"key":"SkillPotion"},{"floor":33.0,"key":"BottledMiracle"},{"floor":46.0,"key":"SmokeBomb"},{"floor":53,"key":"BottledMiracle"}],"is_trial":false,"path_per_floor":["M","M","?","?","M","E","M","E","T","E","M","?","R","$","R","B",null,"M","COS","M","?","?","R","M","E","T","?","R","E","R","?","R","B",null,"M","COS","M","?","?","E","R","?","T","R","M","E","M","?","R","B","B","M","M","$","$","R","M","R","$","?","B",null],"character_chosen":"WATCHER","items_purchased":["TalkToTheHand","Tantrum","DaCapo","TheAbacus","Centennial Puzzle","Dodecahedron","testmod-Antiphasic","Kunai","testmod-LifeRuler+1","Membership Card","ImprovedEquipment","AT_BellDemon"],"campfire_rested":0,"item_purchase_floors":[14,14,54,54,54,55,55,55,55,59,59,59],"current_hp_per_floor":[61,61,61,61,61,61,61,61,61,61,61,44,44,44,44,41,61,56,56,58,58,58,58,34,43,43,43,43,40,40,40,40,46,61,65,65,67,54,55,69,69,69,69,69,70,71,69,69,69,70,73,75,76,76,76,76,77,77,77,77,78],"gold":113,"neow_bonus":"BOSS_RELIC","is_daily":false,"chose_seed":false,"campfire_upgraded":10,"win_rate":0.0,"timestamp":1609834426,"path_taken":["M","M","?","?","M","E","M","E","T","E","M","?","R","$","R","BOSS","M","COS","M","?","?","R","M","E","T","?","R","E","R","?","R","BOSS","M","COS","M","?","?","E","R","?","T","R","M","E","M","?","R","BOSS","BOSS","M","M","?","$","R","M","R","$","?","BOSS"],"items_purchased_type":["Card","Card","Relic","Relic","Relic","Relic","Relic","Relic","Card","Relic","Relic","Relic"],"build_version":"2020-12-22","purchased_purges":4,"victory":true,"max_hp_per_floor":[68,68,68,68,68,68,68,68,68,68,68,68,68,68,68,68,68,69,69,70,70,70,70,71,72,72,72,72,73,73,65,65,66,66,67,67,68,68,68,69,69,69,69,69,70,71,72,72,72,73,74,75,76,76,76,76,77,77,77,77,78],"card_choices":[{"not_picked":["Evaluate","ClearTheMind","AT_RealFormLess"],"picked":"SKIP","floor":1.0},{"not_picked":["PathToVictory","JustLucky","Perseverance","LikeWater"],"picked":"BowlingBash","floor":2.0},{"not_picked":["PathToVictory","Evaluate","Worship","DeceiveReality","CrushJoints"],"picked":"SKIP","floor":5.0},{"not_picked":["JustLucky","Weave","Worship","SandsOfTime"],"picked":"MostiFishMod:StarLaLaLa","floor":6.0},{"not_picked":["ThirdEye","EmptyFist","WreathOfFlame","CrushJoints"],"picked":"Crescendo","floor":7.0},{"not_picked":["DeceiveReality","AT_RealFormLess","JustLucky","TalkToTheHand"],"picked":"Adaptation","floor":8.0},{"not_picked":["ThirdEye","WheelKick","Swivel","BowlingBash"],"picked":"AT_ChampionKick","floor":10.0},{"not_picked":["CrushJoints","Meditate","Halt","BowlingBash"],"picked":"CutThroughFate","floor":11.0},{"not_picked":["Vault","Scrawl","AT_ChampionKick","MostiFishMod:Pointsdynamics"],"picked":"MostiFishMod:Disappear","floor":16.0},{"not_picked":["CutThroughFate+1","FlurryOfBlows+1","BowlingBash","Vengeance","Prostrate"],"picked":"SKIP","floor":18.0},{"not_picked":["Evaluate+1","BowlingBash+1","Nirvana+1","Fasting2+1"],"picked":"FlurryOfBlows+1","floor":20.0},{"not_picked":["EmptyBody","PathToVictory","FollowUp","Crescendo"],"picked":"MostiFishMod:Moonprays","floor":20.0},{"not_picked":["EmptyBody","PathToVictory","Protect","FollowUp","Consecrate"],"picked":"SKIP","floor":24.0},{"not_picked":["EmptyBody","Tantrum","MentalFortress","MostiFishMod:Nomercy","JustLucky"],"picked":"SKIP","floor":25.0},{"not_picked":["CutThroughFate","MentalFortress","FlyingSleeves","FollowUp","EmptyBody+1"],"picked":"SKIP","floor":29.0},{"not_picked":["Gensokyo:TekeTeke","Gensokyo:MissMary+1","Gensokyo:Kunekune+1","Gensokyo:LochNessMonster"],"picked":"Gensokyo:MenInBlack+1","floor":31.0},{"not_picked":["Vault+1","AT_MachinaRedman+1","DeusExMachina+1","MasterReality"],"picked":"Ragnarok","floor":33.0},{"not_picked":["Protect+1","Evaluate+1","MostiFishMod:Nomercy","PathToVictory+1"],"picked":"AT_ChampionStep","floor":35.0},{"not_picked":["Consecrate","BattleHymn","AT_ChampionStep","Meditate+1"],"picked":"InnerPeace+1","floor":37.0},{"not_picked":["Gensokyo:DreamlikeParadise+1","Gensokyo:LifeSpringInfinity+1"],"picked":"Gensokyo:RainbowDanmaku+1","floor":39.0},{"not_picked":["MostiFishMod:Minus","MostiFishMod:Pointsdynamics","MasterReality","Ragnarok"],"picked":"MostiFishMod:Dust","floor":40.0},{"not_picked":["Evaluate+1","CutThroughFate+1","Prostrate+1","CrushJoints","EmptyBody+1"],"picked":"SKIP","floor":40.0},{"not_picked":["ClearTheMind+1","FlyingSleeves+1","CutThroughFate+1","WreathOfFlame+1","Vengeance+1"],"picked":"SKIP","floor":45.0},{"not_picked":["Crescendo+1","FlurryOfBlows","Vengeance+1","AT_SoftenMuscles+1"],"picked":"MostiFishMod:CyberBuddha+1","floor":46.0},{"not_picked":["MentalFortress","EmptyFist","Consecrate","SashWhip"],"picked":"MostiFishMod:PathToVictory+1","floor":47.0},{"not_picked":["BowlingBash+1","Consecrate","JustLucky","Protect+1","Perseverance+1"],"picked":"SKIP","floor":52},{"not_picked":["MostiFishMod:Speedup","EmptyFist+1","DeusExMachina+1","SashWhip"],"picked":"MostiFishMod:Nomercy+1","floor":53},{"not_picked":["CrushJoints","Sanctity+1","Prostrate+1","Meditate+1","InnerPeace+1"],"picked":"SKIP","floor":57}],"player_experience":192791,"relics_obtained":[{"floor":1.0,"key":"SynthV:TestCard"},{"floor":6.0,"key":"Meat on the Bone"},{"floor":8.0,"key":"testmod-TurbochargingSystem"},{"floor":9.0,"key":"Bag of Preparation"},{"floor":10.0,"key":"testmod-OneHitWonder"},{"floor":25.0,"key":"Omamori"},{"floor":26.0,"key":"Happy Flower"},{"floor":29.0,"key":"Toxic Egg 2"},{"floor":40.0,"key":"MealTicket"},{"floor":46.0,"key":"testmod-Hope"},{"floor":53,"key":"paleoftheancients:SoulOfTheWokeBloke"},{"floor":57,"key":"paleoftheancients:SoulOfTheVixen"}],"event_choices":[],"is_beta":false,"boss_relics":[{"not_picked":["FeatherPendant","TimeKeys"],"picked":"testmod-NegativeEmotionEnhancer"},{"not_picked":["Calling Bell","BloodWine"],"picked":"PatriotShield"}],"items_purged_floors":[14,54,55,59],"is_endless":false,"potions_floor_spawned":[2,6,7,8,11,16,20,24,25,33,35,37,46,53],"ascension_level":20}}