{"host":"73u9ojxmo0iakdto","time":1609815068,"event":{"mods":["BaseMod","Better Third Choice","Downfall","Minty Spire (QoL Compilation)","Permanent Neow","Replay The Spire","StSLib"],"gold_per_floor":[113,288,301,301,348,380,394,394,394,421,433,433,25,45,45,45,45],"floor_reached":16,"playtime":1165,"items_purged":["Strike_B"],"score":116,"play_id":"fdae7ba9-9dc1-42a7-817c-5e31af908bef","local_time":"20210104205108","is_ascension_mode":true,"campfire_choices":[{"floor":8,"key":"REST"},{"floor":12,"key":"REST"},{"floor":15,"key":"REST"}],"circlet_count":0,"master_deck":["Strike_B+1","Strike_B","Strike_B+1","Defend_B","Defend_B","Defend_B","Zap","Dualcast","Heatsinks","Doubt","Crystallizer","Regret","Machine Learning","Storm","Heatsinks+1","Storm"],"relics":["Cracked Core","Art of War","Centennial Puzzle","Gremlin Food","Iron Hammer","Replay:Arrowhead"],"acts_visited":["Exordium"],"potions_floor_usage":[6,6],"damage_taken":[{"damage":1,"enemies":"Jaw Worm","floor":1,"turns":3},{"damage":4,"enemies":"2 Louse","floor":3,"turns":3},{"damage":49,"enemies":"3 Sentries","floor":6,"turns":7},{"damage":6,"enemies":"Cultist","floor":7,"turns":4},{"damage":21,"enemies":"Replay:BlueRogue","floor":10,"turns":6},{"damage":12,"enemies":"Lots of Slimes","floor":11,"turns":3},{"damage":11,"enemies":"3 Louse","floor":14,"turns":2},{"damage":51,"enemies":"Fading Forest","floor":16,"turns":7}],"seed_played":"7040369334424583336","potions_obtained":[{"floor":1,"key":"Regen Potion"},{"floor":3,"key":"SkillPotion"}],"is_trial":false,"path_per_floor":["M","?","M","?","T","E","M","R","T","E","M","R","$","M","R","B"],"character_chosen":"DEFECT","items_purchased":["Storm","Replay:Arrowhead"],"campfire_rested":3,"item_purchase_floors":[13,13],"current_hp_per_floor":[74,74,70,70,70,33,27,49,49,28,16,38,38,27,49,0,0],"gold":45,"neow_bonus":"RANDOM_EVENT","is_daily":false,"chose_seed":false,"campfire_upgraded":0,"win_rate":0.0,"timestamp":1609815068,"path_taken":["M","?","M","?","?","E","?","R","T","E","M","R","$","M","R","BOSS"],"items_purchased_type":["Card","Relic"],"build_version":"2020-12-22","purchased_purges":1,"victory":false,"max_hp_per_floor":[75,75,75,75,75,75,75,75,75,75,75,75,75,75,75,75,75],"card_choices":[{"not_picked":["Gash","Consume"],"picked":"Heatsinks","floor":1},{"not_picked":["Redo","Ball Lightning"],"picked":"Crystallizer","floor":3},{"not_picked":["Redo","Undo"],"picked":"Machine Learning","floor":6},{"not_picked":["Blizzard","Conserve Battery","Redo"],"picked":"SKIP","floor":7},{"not_picked":["Glacier","Reinforced Body"],"picked":"Storm","floor":10},{"not_picked":["Beam Cell","Streamline"],"picked":"Heatsinks","floor":11},{"not_picked":["BasicCrystalCard","Compile Driver","Rebound"],"picked":"SKIP","floor":14}],"player_experience":224305,"relics_obtained":[{"floor":5,"key":"Centennial Puzzle"},{"floor":6,"key":"Gremlin Food"},{"floor":10,"key":"Iron Hammer"}],"event_choices":[{"cards_removed":["Defend_B"],"damage_healed":0,"gold_gain":0,"player_choice":"Forget","damage_taken":0,"max_hp_gain":0,"max_hp_loss":0,"event_name":"Living Wall","floor":0,"gold_loss":0},{"damage_healed":0,"gold_gain":175,"player_choice":"AGREE","damage_taken":113,"max_hp_gain":0,"max_hp_loss":0,"event_name":"betterThird:BetterSerpent","floor":2,"gold_loss":0},{"damage_healed":0,"gold_gain":0,"player_choice":"Box","damage_taken":0,"relics_obtained":["Art of War"],"max_hp_gain":0,"max_hp_loss":0,"event_name":"Big Fish","floor":4,"gold_loss":0,"cards_obtained":["Regret"]}],"is_beta":false,"boss_relics":[],"items_purged_floors":[13],"is_endless":false,"potions_floor_spawned":[1,3],"killed_by":"Fading Forest","ascension_level":1}}