{"host":"ox77rn1xcurm2t5a","time":1609807027,"event":{"mods":["2.2 Compatiblity","AchievementEnabler","Act Like it!","Aspiration","BaseMod","Best Route Mod","Better Match","Better Note","Better Sensory Stone","Block Reminder","Colored Map","Colored Powertips","Conjunction","Conspire","Custom Start","Energized Spire","GifTheSpireLib","Gold Saver","Gremlin Skip","Halation","Highlight Path","Hubris","Infinite Spire","Minty Spire (QoL Compilation)","Pale of the Ancients","Quick Restart","Replay The Spire","Reworked Bosses","ShortenTheSpire","Spire Exporter","StSLib","Stuff the Spire","Wandering Minibosses","vexMod"],"gold_per_floor":[727,727,740,448,461,461,23,37,37,37,53,81,97,97,97],"floor_reached":14,"playtime":265,"items_purged":["Strike_B","Strike_B"],"score":143,"play_id":"877a1a8a-8ddd-458e-8726-bf86893580bc","local_time":"20210105023707","is_ascension_mode":true,"campfire_choices":[{"floor":6,"key":"RECALL"},{"data":"Ball Lightning","floor":10,"key":"SMITH"}],"circlet_count":0,"master_deck":["AscendersBane","Strike_B","Strike_B","Defend_B","Defend_B","Defend_B","Defend_B","Zap+1","Dualcast","Ball Lightning+1","FIFO Queue","Ball Lightning","Ball Lightning"],"relics":["Cracked Core","Boot","Anchor","vexMod:Spyglass","Replay:Rubber Ducky"],"acts_visited":["Exordium"],"potions_floor_usage":[12,14],"damage_taken":[{"damage":7,"enemies":"Small Slimes","floor":1,"turns":3},{"damage":12,"enemies":"Jaw Worm","floor":3,"turns":2},{"damage":0,"enemies":"2 Louse","floor":5,"turns":2},{"damage":0,"enemies":"Blue Slaver","floor":8,"turns":2},{"damage":4,"enemies":"3 Louse","floor":11,"turns":3},{"damage":42,"enemies":"3 Sentries","floor":12,"turns":6},{"damage":0,"enemies":"Red Slaver","floor":13,"turns":2},{"damage":20,"enemies":"Lagavulin","floor":14,"turns":4}],"seed_played":"-7451607170787749030","potions_obtained":[{"floor":1,"key":"SpeedPotion"},{"floor":11,"key":"Adrenaline Potion"}],"is_trial":false,"path_per_floor":["M","?","M","$","M","R","$","M","T","R","M","E","M","E"],"character_chosen":"DEFECT","items_purchased":["Boot","FIFO Queue","Ball Lightning","Anchor","vexMod:Spyglass"],"campfire_rested":0,"item_purchase_floors":[4,4,7,7,7],"current_hp_per_floor":[61,61,49,49,49,49,49,49,49,49,45,3,3,0,0],"gold":97,"neow_bonus":"RANDOM_EVENT","is_daily":false,"chose_seed":false,"campfire_upgraded":1,"win_rate":0.0,"timestamp":1609807027,"path_taken":["M","?","M","$","M","R","$","?","T","R","M","E","?","E"],"items_purchased_type":["Relic","Card","Card","Relic","Relic"],"build_version":"2020-12-22","purchased_purges":2,"victory":false,"max_hp_per_floor":[75,75,75,75,75,75,75,75,75,75,75,75,75,75,75],"card_choices":[{"not_picked":["Crystallizer","StuffTheSpire:CleanHardDrive"],"picked":"Ball Lightning","floor":1},{"not_picked":["ReplayTheSpireMod:Calculation Training","Fusion","Beam Cell"],"picked":"SKIP","floor":3},{"not_picked":["Doom and Gloom","Aggregate","Conserve Battery"],"picked":"SKIP","floor":5},{"not_picked":["Beam Cell","ReplaySort","Sweeping Beam"],"picked":"SKIP","floor":8},{"not_picked":["Lockon","Doom and Gloom","FTL"],"picked":"SKIP","floor":11},{"not_picked":["Rebound","Darkness"],"picked":"Ball Lightning","floor":12},{"not_picked":["Go for the Eyes","Leap","StuffTheSpire:SnapShoot"],"picked":"SKIP","floor":13}],"player_experience":2892000,"relics_obtained":[{"floor":12,"key":"Replay:Rubber Ducky"}],"event_choices":[{"damage_healed":0.0,"max_hp_gain":0.0,"max_hp_loss":0.0,"gold_gain":0.0,"event_name":"Living Wall","player_choice":"Grow","floor":0.0,"gold_loss":0.0,"damage_taken":0.0,"cards_upgraded":["Zap"]},{"damage_healed":0,"gold_gain":0,"player_choice":"Ignored","damage_taken":0,"max_hp_gain":0,"max_hp_loss":0,"event_name":"Golden Idol","floor":2,"gold_loss":0}],"is_beta":false,"boss_relics":[],"items_purged_floors":[4,7],"is_endless":false,"potions_floor_spawned":[1,11],"killed_by":"Lagavulin","ascension_level":11}}