{"host":"9kuc8qxv67wkis18","time":1609874764,"event":{"mods":["2.2 Compatiblity","AchievementEnabler","Aspiration","Astrologer","Bard","BaseMod","Beaked The Cultist","Bestiary","Better Note","Better Third Choice","Block Reminder","Challenge The Spire","ChefMod","Conspire","Curses Come First","GifTheSpireLib","Glutton Mod","Halation","Hermit","Highlight Path","Hubris","Infinite Spire","Jorbs\u0027s Wanderer Trilogy","Marked Mod","Melee Mod","Minty Spire (QoL Compilation)","Permanent Neow","Potionbrewer","Random Character Button","Rare Cards Sparkle","Replay The Spire","Shade Mod","Somnambulant","Spikes Relics","StSLib","Stuff the Spire","The Accelerator","The Blue Laboratory","The Caster","The Construct","The Cursed","The Disciple","The Florist","The Forsaken","The Hierophant","The Judge","The Juggle","The Jungle","The Marked","The Necromancer","The Showman","The Wild Card","TheArtist","Thieving Mod","everything is the same but u backflip on backflip","thorton","vexMod"],"gold_per_floor":[117,130,130,147,164,197,122,122,122,156,166,66,66,81,81,176,176,186,186,168,168,181,211,225,325,325,342,217,248,248,266,266,367,367,387,387,387,397,397,397,423,443,469,481,494,494,494,494,494,494],"floor_reached":51,"playtime":9599,"items_purged":["Strike_G","Strike_G","Strike_G","Strike_G","Neutralize"],"score":704,"play_id":"01ee90fc-2af4-48b5-9f83-4673b1b5c47f","local_time":"20210105142604","is_ascension_mode":false,"campfire_choices":[{"floor":8,"key":"REST"},{"data":"Adrenaline","floor":13,"key":"SMITH"},{"floor":15,"key":"DIG"},{"data":"Underhanded Strike","floor":30,"key":"SMITH"},{"data":"StuffTheSpire:BumpUp","floor":32,"key":"SMITH"},{"floor":40,"key":"REST"},{"data":"Night Terror","floor":49,"key":"SMITH"}],"circlet_count":0,"master_deck":["Defend_G","Defend_G+1","Defend_G","Defend_G","Defend_G+1","Survivor","Predator+1","Underhanded Strike","Dash","Adrenaline+1","StuffTheSpire:MirrorStance","StuffTheSpire:ClusterCrunch","StuffTheSpire:BumpUp+1","Night Terror+1","infinitespire:Starlight","Underhanded Strike+1","StuffTheSpire:BumpUp+1","Prepared+1","Tactician"],"relics":["Ring of the Snake","hubris:Towel","Gremlin Horn","Replay:Bottled Eggs","Eternal Feather","StuffTheSpire:OldFever","construct:ClawGrip","infinitespire:Golems Mask","Snack Pack","hubris:CrystalStatue","Replay:Grab Bag","Replay:Bronze Core","beaked:SacredNecklace","HoveringKite","War Paint","Pen Nib","Ring of the Serpent"],"acts_visited":["Exordium","TheCity","TheBeyond"],"potions_floor_usage":[45,50,50],"damage_taken":[{"damage":0,"enemies":"Cultist","floor":1,"turns":5},{"damage":0,"enemies":"2 Louse","floor":2,"turns":3},{"damage":3,"enemies":"Jaw Worm","floor":4,"turns":4},{"damage":1,"enemies":"3 Louse","floor":5,"turns":5},{"damage":35,"enemies":"Lagavulin","floor":6,"turns":9},{"damage":13,"enemies":"3 Sentries","floor":10,"turns":8},{"damage":0,"enemies":"Exordium Thugs","floor":11,"turns":4},{"damage":0,"enemies":"Looter","floor":14,"turns":2},{"damage":39,"enemies":"The Guardian","floor":16,"turns":14},{"damage":16,"enemies":"3 Byrds","floor":18,"turns":6},{"damage":10,"enemies":"2 Thieves","floor":20,"turns":4},{"damage":5,"enemies":"3 Cultists","floor":22,"turns":4},{"damage":23,"enemies":"Book of Stabbing","floor":23,"turns":5},{"damage":18,"enemies":"Snake Plant","floor":24,"turns":4},{"damage":14,"enemies":"Snecko","floor":27,"turns":5},{"damage":7,"enemies":"conspire:Head Lice","floor":29,"turns":4},{"damage":10,"enemies":"conspire:HollyBat","floor":31,"turns":5},{"damage":26,"enemies":"hubris:MusketHawk","floor":33,"turns":5},{"damage":28,"enemies":"3 Darklings","floor":35,"turns":5},{"damage":5,"enemies":"3 Shapes","floor":38,"turns":4},{"damage":22,"enemies":"Nemesis","floor":41,"turns":5},{"damage":19,"enemies":"Spire Growth","floor":42,"turns":5},{"damage":13,"enemies":"4 Shapes","floor":44,"turns":4},{"damage":0,"enemies":"Sphere and 2 Shapes","floor":45,"turns":3},{"damage":37,"enemies":"infinitespire:MassOfShapes","floor":50,"turns":6}],"seed_played":"-6362366610131263541","potions_obtained":[{"floor":0,"key":"Explosive Potion"},{"floor":0,"key":"Weak Potion"},{"floor":0,"key":"blueLaboratory:RecallPotion"}],"is_trial":false,"path_per_floor":["M","M","?","M","M","E","$","R","T","E","M","$","R","M","R","B",null,"M","?","M","AVR","M","E","M","?","T","M","$","E","R","M","R","B",null,"M","?","?","M","?","R","E","M","T","M","M","?","AVR","?","R","B",null],"character_chosen":"THE_SILENT","items_purchased":[],"campfire_rested":2,"item_purchase_floors":[],"current_hp_per_floor":[70,70,70,67,66,31,31,52,52,39,39,39,48,48,57,18,70,54,54,44,44,49,46,38,38,38,58,58,65,70,70,70,61,70,54,34,34,41,41,70,50,45,45,46,60,60,60,60,69,46],"gold":494,"neow_bonus":"THREE_SMALL_POTIONS","is_daily":false,"chose_seed":false,"campfire_upgraded":4,"win_rate":0.0,"timestamp":1609874764,"path_taken":["M","M","?","M","M","E","$","R","T","E","M","$","R","M","R","BOSS","M","?","M","AVR","M","E","M","?","T","?","$","E","R","M","R","BOSS","M","?","?","?","?","R","E","M","T","?","M","?","AVR","?","R","BOSS"],"items_purchased_type":[],"build_version":"2020-12-22","purchased_purges":5,"victory":true,"max_hp_per_floor":[70,70,70,70,70,70,70,70,70,70,70,70,70,70,70,70,70,70,70,70,70,70,70,70,70,70,70,70,70,70,70,70,70,70,70,70,70,70,70,70,70,70,70,70,70,70,70,70,70,70],"card_choices":[{"not_picked":["Poisoned Stab","Endless Agony"],"picked":"Predator","floor":1},{"not_picked":["Leg Sweep","Slice"],"picked":"Underhanded Strike","floor":2},{"not_picked":["StuffTheSpire:Injection","Hidden Blade"],"picked":"Dash","floor":4},{"not_picked":["StuffTheSpire:Fury","Dagger Spray"],"picked":"Adrenaline","floor":5},{"not_picked":["Acrobatics","Leg Sweep"],"picked":"StuffTheSpire:MirrorStance","floor":6},{"not_picked":["Sucker Punch","StuffTheSpire:ReptileScales","Blur"],"picked":"SKIP","floor":10},{"not_picked":["PiercingWail","Hidden Blade"],"picked":"StuffTheSpire:ClusterCrunch","floor":11},{"not_picked":["Deflect","StuffTheSpire:Python"],"picked":"StuffTheSpire:BumpUp","floor":14},{"not_picked":["StuffTheSpire:FinalStruggle","Tools of the Trade"],"picked":"Night Terror","floor":16},{"not_picked":["Quick Slash","Skewer","Poisoned Stab"],"picked":"SKIP","floor":18},{"not_picked":["StuffTheSpire:Python","Quick Slash"],"picked":"Backstab","floor":20},{"not_picked":["Flying Knee","Deadly Poison"],"picked":"Underhanded Strike","floor":22},{"not_picked":["Dagger Throw","hubris:SlightOfHand","Poisoned Stab"],"picked":"SKIP","floor":23},{"not_picked":["Replay:Poison Smokescreen+1","Sneak Up"],"picked":"StuffTheSpire:BumpUp","floor":24},{"not_picked":["ReplayTheSpireMod:Speed Training","Hidden Blade","Slice"],"picked":"SKIP","floor":27},{"not_picked":["StuffTheSpire:MirrorStance+1","hubris:Counter","StuffTheSpire:Sprint"],"picked":"SKIP","floor":29},{"not_picked":["Poisoned Stab","Noxious Fumes","Venomology"],"picked":"SKIP","floor":31},{"not_picked":["Flying Knee","Bane"],"picked":"Prepared+1","floor":35},{"not_picked":["Sneak Up","Flying Knee+1","Sucker Punch"],"picked":"SKIP","floor":38},{"not_picked":["Dagger Spray+1","Venomology"],"picked":"Tactician","floor":41},{"not_picked":["PiercingWail+1","StuffTheSpire:Shiver+1","Poisoned Stab"],"picked":"SKIP","floor":42},{"not_picked":["Bane+1","Sucker Punch","StuffTheSpire:Repulse"],"picked":"SKIP","floor":44},{"not_picked":["Acrobatics","ReplayTheSpireMod:From All Sides","hubris:Sniper+1"],"picked":"SKIP","floor":45}],"player_experience":177568,"relics_obtained":[{"floor":6,"key":"Gremlin Horn"},{"floor":9,"key":"Replay:Bottled Eggs"},{"floor":10,"key":"Eternal Feather"},{"floor":15,"key":"StuffTheSpire:OldFever"},{"floor":23,"key":"infinitespire:Golems Mask"},{"floor":26,"key":"Snack Pack"},{"floor":29,"key":"hubris:CrystalStatue"},{"floor":41,"key":"War Paint"},{"floor":43,"key":"Pen Nib"}],"event_choices":[{"cards_removed":["Strike_G"],"damage_healed":0,"gold_gain":0,"player_choice":"Offered Basic","damage_taken":0,"max_hp_gain":0,"max_hp_loss":0,"event_name":"Bonfire Elementals","floor":19,"gold_loss":0},{"damage_healed":0,"gold_gain":100,"player_choice":"Pray","damage_taken":0,"max_hp_gain":0,"max_hp_loss":0,"event_name":"Golden Shrine","floor":25,"gold_loss":0},{"damage_healed":0,"gold_gain":0,"player_choice":"1 cards matched","damage_taken":0,"max_hp_gain":0,"max_hp_loss":0,"event_name":"Match and Keep!","floor":37,"gold_loss":0,"cards_obtained":["Predator"]},{"damage_healed":0,"gold_gain":0,"player_choice":"Forge","damage_taken":0,"max_hp_gain":0,"max_hp_loss":0,"event_name":"Accursed Blacksmith","floor":39,"gold_loss":0,"cards_upgraded":["StuffTheSpire:BumpUp"]},{"cards_removed":["Predator"],"damage_healed":0,"gold_gain":0,"player_choice":"Removed Attack","damage_taken":0,"max_hp_gain":0,"max_hp_loss":0,"event_name":"Falling","floor":46,"gold_loss":0},{"cards_removed":["Backstab"],"damage_healed":0,"gold_gain":0,"player_choice":"Purged","damage_taken":0,"max_hp_gain":0,"max_hp_loss":0,"event_name":"Purifier","floor":48,"gold_loss":0}],"is_beta":false,"boss_relics":[{"not_picked":["Snecko Eye","vexMod:DeviousBotling"],"picked":"construct:ClawGrip"},{"not_picked":["halation:LoveArrow","halation:CatFaceCupcake"],"picked":"Replay:Grab Bag"},{"not_picked":["Painkiller Herb","Replay:Fungal Core"],"picked":"Replay:Bronze Core"},{"not_picked":["Replay:Cursed D8","aspiration:FutureDiary"],"picked":"beaked:SacredNecklace"},{"not_picked":["vexMod:MysteryBossChallenge","aspiration:BardSkillbook"],"picked":"HoveringKite"}],"items_purged_floors":[7,12,21,28,47],"is_endless":false,"potions_floor_spawned":[5,6,14,22,24,31,35,38],"ascension_level":0}}