{"host":"w3q5ijqu8eoknil3","time":1609824678,"event":{"mods":["AchievementEnabler","BaseMod","Block Reminder","Colored Powertips","Minty Spire (QoL Compilation)","Quick Restart","Relic Stats","ojb\u0027s Better Paths Mod","ojb\u0027s Info Mod","slay the spire mod where everything is the same but ironclad has a cowboy hat"],"gold_per_floor":[116,191,191,191,210,238,0,18,18,18,45,65,120,134,134,209,209,228,503,513,146,157,157,183,201,279,279,313,313,12,12,12],"floor_reached":31,"playtime":1155,"items_purged":["Strike_R","Regret","Strike_R"],"score":616,"play_id":"25785ff0-4b99-4620-8cfa-d8cd6e78076a","local_time":"20210105053118","is_ascension_mode":true,"campfire_choices":[{"data":"Infernal Blade","floor":10.0,"key":"SMITH"},{"floor":15,"key":"REST"},{"data":"Armaments","floor":23,"key":"SMITH"},{"data":"Immolate","floor":27,"key":"SMITH"}],"circlet_count":0,"master_deck":["AscendersBane","Strike_R","Strike_R","Defend_R","Defend_R","Defend_R","Defend_R","Bash","Clothesline","Infernal Blade+1","Flame Barrier","Evolve","Intimidate","Whirlwind","Cleave","Armaments+1","Power Through","Immolate+1","Perfected Strike","Second Wind","Shrug It Off","Wild Strike","Iron Wave","Dark Embrace+1","Spot Weakness","Immolate+1","Feel No Pain"],"relics":["Burning Blood","NeowsBlessing","Gremlin Horn","OrangePellets","Bag of Preparation","Smiling Mask","Velvet Choker","Blood Vial","Frozen Eye","Prayer Wheel","Paper Frog","Dream Catcher","Akabeko"],"acts_visited":["Exordium","TheCity"],"potions_floor_usage":[13,16,16,20,25,31],"damage_taken":[{"damage":0.0,"enemies":"Small Slimes","floor":1.0,"turns":1.0},{"damage":0.0,"enemies":"Jaw Worm","floor":5.0,"turns":1.0},{"damage":0.0,"enemies":"Lagavulin","floor":6.0,"turns":1.0},{"damage":0.0,"enemies":"2 Louse","floor":8.0,"turns":3.0},{"damage":27.0,"enemies":"3 Sentries","floor":11.0,"turns":10.0},{"damage":4,"enemies":"2 Fungi Beasts","floor":12,"turns":2},{"damage":26,"enemies":"Gremlin Nob","floor":13,"turns":6},{"damage":12,"enemies":"Gremlin Gang","floor":14,"turns":5},{"damage":57,"enemies":"Slime Boss","floor":16,"turns":13},{"damage":26,"enemies":"Shell Parasite","floor":18,"turns":8},{"damage":4,"enemies":"Chosen","floor":20,"turns":3},{"damage":10,"enemies":"Centurion and Healer","floor":22,"turns":5},{"damage":12,"enemies":"Gremlin Leader","floor":24,"turns":5},{"damage":27,"enemies":"Snake Plant","floor":25,"turns":4},{"damage":25,"enemies":"Slavers","floor":28,"turns":4},{"damage":13,"enemies":"Snecko","floor":31,"turns":2}],"seed_played":"-483934458437499900","potions_obtained":[{"floor":6.0,"key":"Weak Potion"},{"floor":11,"key":"ElixirPotion"},{"floor":12,"key":"HeartOfIron"},{"floor":13,"key":"Dexterity Potion"},{"floor":18,"key":"AttackPotion"},{"floor":24,"key":"Regen Potion"},{"floor":28,"key":"Dexterity Potion"}],"is_trial":false,"path_per_floor":["M","?","?","?","M","E","$","M","T","R","E","M","?","M","R","B",null,"M","?","M","$","M","R","E","M","T","R","E","?","$","M"],"character_chosen":"IRONCLAD","items_purchased":["OrangePellets","Blood Vial","Frozen Eye","Akabeko","Feel No Pain"],"campfire_rested":1,"item_purchase_floors":[7,21,21,30,30],"current_hp_per_floor":[74,63,68,68,74,80,80,80,80,80,59,61,41,35,59,8,62,42,42,44,44,42,42,38,24,24,24,7,7,7,0,0],"gold":12,"neow_bonus":"THREE_ENEMY_KILL","is_daily":false,"chose_seed":false,"campfire_upgraded":3,"win_rate":0.0,"timestamp":1609824678,"path_taken":["M","?","?","?","M","E","$","M","T","R","E","M","?","M","R","BOSS","M","?","M","$","?","R","E","M","T","R","E","?","$","M"],"items_purchased_type":["Relic","Relic","Relic","Relic","Card"],"build_version":"2020-12-22","purchased_purges":3,"victory":false,"max_hp_per_floor":[75,75,80,80,80,80,80,80,80,80,80,80,80,80,80,80,80,80,80,80,80,80,80,80,80,80,80,80,80,80,80,80],"relic_stats":{"Blood Vial":10,"OrangePellets":[0],"Dream Catcher":0,"Gremlin Horn":[17,17],"counters":[16,73],"Prayer Wheel":1,"Bag of Preparation":[24],"Smiling Mask":125,"obtain_stats":[{"NeowsBlessing":0,"Gremlin Horn":6,"Velvet Choker":17,"Bag of Preparation":9,"Smiling Mask":13,"Burning Blood":0,"Akabeko":30,"Blood Vial":21,"OrangePellets":7,"Frozen Eye":21,"Dream Catcher":28,"Prayer Wheel":24,"Paper Frog":26},{"NeowsBlessing":0,"Gremlin Horn":3,"Velvet Choker":9,"Bag of Preparation":4,"Smiling Mask":7,"Burning Blood":0,"Akabeko":15,"Blood Vial":11,"OrangePellets":3,"Frozen Eye":11,"Dream Catcher":15,"Prayer Wheel":13,"Paper Frog":14},{"NeowsBlessing":0,"Gremlin Horn":3,"Velvet Choker":42,"Bag of Preparation":6,"Smiling Mask":24,"Burning Blood":0,"Akabeko":71,"Blood Vial":53,"OrangePellets":3,"Frozen Eye":53,"Dream Catcher":71,"Prayer Wheel":63,"Paper Frog":67}],"Burning Blood":84},"card_choices":[{"not_picked":["Flex","Heavy Blade"],"picked":"Clothesline","floor":1.0},{"not_picked":["Warcry","Wild Strike"],"picked":"Flame Barrier","floor":5.0},{"not_picked":["Burning Pact","Dark Embrace"],"picked":"Evolve","floor":6.0},{"not_picked":["Havoc","Heavy Blade"],"picked":"Intimidate","floor":8.0},{"not_picked":["Perfected Strike","Rage"],"picked":"Whirlwind","floor":11},{"not_picked":["Flex","Havoc"],"picked":"Cleave","floor":12},{"not_picked":["Brutality","Clash"],"picked":"Armaments","floor":13},{"not_picked":["Havoc","Clothesline"],"picked":"Power Through","floor":14},{"not_picked":["Juggernaut","Berserk"],"picked":"Immolate","floor":16},{"not_picked":["Heavy Blade","Pummel"],"picked":"Perfected Strike","floor":18},{"not_picked":["Warcry","Clothesline+1"],"picked":"Second Wind","floor":20},{"not_picked":["Flex","Evolve"],"picked":"Shrug It Off","floor":22},{"not_picked":["Sword Boomerang","Flex"],"picked":"Wild Strike","floor":24},{"not_picked":["Twin Strike","Infernal Blade"],"picked":"Iron Wave","floor":25},{"not_picked":["Thunderclap","Clothesline"],"picked":"Dark Embrace+1","floor":25},{"not_picked":["Flame Barrier","Dual Wield"],"picked":"Spot Weakness","floor":28}],"player_experience":950510,"relics_obtained":[{"floor":6.0,"key":"Gremlin Horn"},{"floor":9.0,"key":"Bag of Preparation"},{"floor":13,"key":"Smiling Mask"},{"floor":24,"key":"Prayer Wheel"},{"floor":26,"key":"Paper Frog"},{"floor":28,"key":"Dream Catcher"}],"event_choices":[{"damage_healed":0.0,"max_hp_gain":0.0,"max_hp_loss":0.0,"gold_gain":75.0,"event_name":"World of Goop","player_choice":"Gather Gold","floor":2.0,"gold_loss":0.0,"damage_taken":11.0},{"damage_healed":0.0,"max_hp_gain":5.0,"max_hp_loss":0.0,"gold_gain":0.0,"event_name":"Big Fish","player_choice":"Donut","floor":3.0,"gold_loss":0.0,"damage_taken":0.0},{"damage_healed":0.0,"max_hp_gain":0.0,"max_hp_loss":0.0,"gold_gain":0.0,"cards_transformed":["Strike_R"],"event_name":"Living Wall","player_choice":"Change","floor":4.0,"gold_loss":0.0,"damage_taken":0.0,"cards_obtained":["Infernal Blade"]},{"damage_healed":0,"gold_gain":0,"player_choice":"Searched \u00272\u0027 times","damage_taken":0,"max_hp_gain":0,"max_hp_loss":0,"event_name":"Dead Adventurer","floor":13,"gold_loss":0},{"damage_healed":0,"gold_gain":275,"player_choice":"Desecrate","damage_taken":0,"max_hp_gain":0,"max_hp_loss":0,"event_name":"Golden Shrine","floor":19,"gold_loss":0,"cards_obtained":["Regret"]},{"damage_healed":0,"gold_gain":0,"player_choice":"Copied","damage_taken":0,"max_hp_gain":0,"max_hp_loss":0,"event_name":"Duplicator","floor":29,"gold_loss":0,"cards_obtained":["Immolate"]}],"is_beta":false,"boss_relics":[{"not_picked":["Busted Crown","Black Star"],"picked":"Velvet Choker"}],"items_purged_floors":[7,21,30],"is_endless":false,"potions_floor_spawned":[6,11,12,13,18,24,28],"killed_by":"Snecko","ascension_level":20}}