{"host":"61r95uy0hn86b9iu","time":1609820489,"event":{"mods":["AchievementEnabler","BaseMod","Better Vampires","BetterRewards","Colored Powertips","Hubris","Minty Spire (QoL Compilation)","Shop Mod","StSLib"],"gold_per_floor":[13,30,30,30,48,48,66,96,96,112,112,112,112,128,128,204,204,217,59,59,59,79,79,79,79,104,104,115,150,168,181,181,256,256,266,15,15,15],"floor_reached":37,"playtime":1479,"items_purged":[],"score":889,"play_id":"bc701ee4-81e0-4208-b500-6a301f7d2d65","local_time":"20210104222129","is_ascension_mode":true,"campfire_choices":[{"floor":6.0,"key":"REST"},{"data":"Inflame","floor":11.0,"key":"SMITH"},{"data":"Metallicize","floor":13.0,"key":"SMITH"},{"floor":15.0,"key":"REST"},{"data":"Heavy Blade","floor":23.0,"key":"SMITH"},{"floor":25.0,"key":"REST"},{"floor":32.0,"key":"REST"}],"circlet_count":0,"master_deck":["AscendersBane","Strike_R","Strike_R","Strike_R","Defend_R","Defend_R","Defend_R","Defend_R","Bash","Inflame+1","Entrench+1","Iron Wave","Metallicize+1","Juggernaut","Seeing Red+1","Disarm","Berserk","Flex","Inflame","Heavy Blade+1","Metallicize+1","Carnage+1","Armaments","Barricade","Panacea"],"relics":["Burning Blood","OrangePellets","hubris:Icosahedron","Oddly Smooth Stone","MerchantsRug","Regal Pillow","Happy Flower","Pantograph","hubris:EmptyBottle"],"acts_visited":["Exordium","TheCity","TheBeyond"],"potions_floor_usage":[37],"damage_taken":[{"damage":8.0,"enemies":"2 Louse","floor":1.0,"turns":4.0},{"damage":21.0,"enemies":"Jaw Worm","floor":2.0,"turns":4.0},{"damage":11.0,"enemies":"Cultist","floor":5.0,"turns":4.0},{"damage":1.0,"enemies":"2 Fungi Beasts","floor":7.0,"turns":3.0},{"damage":8.0,"enemies":"3 Sentries","floor":8.0,"turns":9.0},{"damage":6.0,"enemies":"Blue Slaver","floor":10.0,"turns":3.0},{"damage":20.0,"enemies":"Lots of Slimes","floor":14.0,"turns":3.0},{"damage":30.0,"enemies":"The Guardian","floor":16.0,"turns":9.0},{"damage":39.0,"enemies":"3 Byrds","floor":18.0,"turns":5.0},{"damage":10.0,"enemies":"Shell Parasite","floor":22.0,"turns":6.0},{"damage":24.0,"enemies":"Snecko","floor":28.0,"turns":5.0},{"damage":39.0,"enemies":"Slavers","floor":29.0,"turns":7.0},{"damage":9.0,"enemies":"Centurion and Healer","floor":30.0,"turns":6.0},{"damage":18.0,"enemies":"3 Cultists","floor":31.0,"turns":5.0},{"damage":41.0,"enemies":"Collector","floor":33.0,"turns":9.0},{"damage":54,"enemies":"3 Darklings","floor":35,"turns":9},{"damage":21,"enemies":"3 Shapes","floor":37,"turns":2}],"seed_played":"9110242468016895781","potions_obtained":[{"floor":1.0,"key":"HeartOfIron"},{"floor":7.0,"key":"Ancient Potion"},{"floor":16.0,"key":"Regen Potion"},{"floor":18.0,"key":"CultistPotion"},{"floor":31.0,"key":"EssenceOfSteel"}],"is_trial":false,"path_per_floor":["M","M","?","?","M","R","M","E","T","M","R","$","R","M","R","B",null,"M","$","?","?","M","R","?","R","T","?","M","E","M","M","R","B",null,"M","$","M"],"character_chosen":"IRONCLAD","items_purchased":["Inflame","OrangePellets","Entrench","MerchantsRug","Regal Pillow","Inflame","hubris:EmptyBottle","Panacea","Weak Potion"],"campfire_rested":4,"item_purchase_floors":[0,0,0,19,19,19,36,36,36],"current_hp_per_floor":[52,37,37,37,32,56,61,59,59,59,59,59,59,45,69,45,71,38,38,38,38,34,34,34,73,73,73,55,22,19,7,46,36,69,21,21,0,0],"gold":15,"neow_bonus":"","is_daily":false,"chose_seed":false,"campfire_upgraded":3,"win_rate":0.0,"timestamp":1609820489,"path_taken":["M","M","?","?","M","R","M","E","T","M","R","$","R","M","R","BOSS","M","$","?","?","?","R","?","R","T","?","?","E","M","M","R","BOSS","M","$","M"],"items_purchased_type":["Card","Relic","Card","Relic","Relic","Card","Relic","Card","Potion"],"build_version":"2020-12-22","purchased_purges":0,"victory":false,"max_hp_per_floor":[80,80,80,80,80,80,80,80,80,80,80,80,80,80,80,80,80,80,80,80,80,80,80,80,80,80,80,80,80,80,80,80,80,80,80,80,80,80],"card_choices":[{"not_picked":["Clash","Headbutt","Anger"],"picked":"SKIP","floor":1.0},{"not_picked":["Pummel","Feel No Pain"],"picked":"Iron Wave","floor":2.0},{"not_picked":["Sentinel","Second Wind","Clash"],"picked":"SKIP","floor":5.0},{"not_picked":["Pummel","Bloodletting"],"picked":"Metallicize","floor":7.0},{"not_picked":["Anger","Sever Soul"],"picked":"Juggernaut","floor":8.0},{"not_picked":["Perfected Strike","Rampage"],"picked":"Seeing Red","floor":10.0},{"not_picked":["Armaments","Burning Pact"],"picked":"Disarm","floor":14.0},{"not_picked":["Bludgeon","Exhume"],"picked":"Berserk","floor":16.0},{"not_picked":["Dropkick","Rampage"],"picked":"Flex","floor":18.0},{"not_picked":["Wild Strike+1","hubris:CleavingFinish","Pummel"],"picked":"SKIP","floor":22.0},{"not_picked":["Combust+1","Armaments","Dark Embrace"],"picked":"SKIP","floor":28.0},{"not_picked":["Wild Strike","Combust+1","Body Slam"],"picked":"SKIP","floor":29.0},{"not_picked":["hubris:SharpeningStone","Flex+1"],"picked":"Carnage+1","floor":30.0},{"not_picked":["Dual Wield","Flex"],"picked":"Armaments","floor":31.0},{"not_picked":["Offering","Exhume"],"picked":"Barricade","floor":33.0},{"not_picked":["Ghostly Armor","Havoc","Evolve"],"picked":"SKIP","floor":35}],"player_experience":3230299,"relics_obtained":[{"floor":8.0,"key":"Oddly Smooth Stone"},{"floor":9.0,"key":"Ornamental Fan"},{"floor":26.0,"key":"Happy Flower"},{"floor":29.0,"key":"Pantograph"}],"event_choices":[{"damage_healed":0.0,"max_hp_gain":0.0,"max_hp_loss":0.0,"gold_gain":0.0,"event_name":"Living Wall","player_choice":"Grow","floor":4.0,"gold_loss":0.0,"damage_taken":0.0,"cards_upgraded":["Entrench"]},{"damage_healed":0.0,"max_hp_gain":0.0,"max_hp_loss":0.0,"gold_gain":0.0,"event_name":"The Library","player_choice":"Read","floor":20.0,"gold_loss":0.0,"damage_taken":0.0,"cards_obtained":["Heavy Blade"]},{"damage_healed":0.0,"max_hp_gain":0.0,"max_hp_loss":0.0,"gold_gain":0.0,"event_name":"Duplicator","player_choice":"Copied","floor":21.0,"gold_loss":0.0,"damage_taken":0.0,"cards_obtained":["Metallicize"]},{"damage_healed":0.0,"max_hp_gain":0.0,"max_hp_loss":0.0,"gold_gain":0.0,"event_name":"Vampires","player_choice":"Ignored","floor":24.0,"gold_loss":0.0,"damage_taken":0.0},{"damage_healed":0.0,"max_hp_gain":0.0,"max_hp_loss":0.0,"gold_gain":0.0,"event_name":"Upgrade Shrine","player_choice":"Upgraded","floor":27.0,"gold_loss":0.0,"damage_taken":0.0,"cards_upgraded":["Seeing Red"]}],"is_beta":false,"boss_relics":[{"not_picked":["hubris:VirtuousBlindfold","Runic Dome"],"picked":"Cursed Key"},{"not_picked":["Runic Pyramid","SacredBark"],"picked":"Empty Cage"}],"items_purged_floors":[],"is_endless":false,"potions_floor_spawned":[1,7,16,18,31],"killed_by":"3 Shapes","ascension_level":13}}