{"host":"206uhceyiubfocqu","time":1609869048,"event":{"mods":["Act Like it!","BaseMod","Gensokyo","Minty Spire (QoL Compilation)","StSLib","The Marked"],"gold_per_floor":[114,114,137,151,201,235,247,277,302,302,302,302,227,254,254,351,351,366,379,379,389,339,374,254,272,348,160,173,173,208,418,418,513,513,531,531,547,557,224,259,259,259,259,94,111,111,111,111,111,111],"floor_reached":51,"playtime":4532,"items_purged":["theMarked:Strike","theMarked:Strike"],"score":814,"play_id":"80cd77aa-8a70-4959-a509-84182f12aa44","local_time":"20210105185048","is_ascension_mode":true,"campfire_choices":[{"floor":15,"key":"REST"},{"data":"theMarked:SummonStrength","floor":32,"key":"SMITH"},{"floor":41,"key":"RECALL"},{"floor":47,"key":"REST"},{"floor":49,"key":"REST"}],"circlet_count":0,"master_deck":["theMarked:Strike","theMarked:Strike","theMarked:Defend","theMarked:Defend","theMarked:Defend","theMarked:Defend","theMarked:SoldierOfQuellstein","theMarked:SummonStrength+1","theMarked:StartUp","theMarked:TunnelVision","theMarked:WastefulDefense","theMarked:TakeCover","theMarked:BanishingWave","theMarked:WardOff","theMarked:Indomitable","theMarked:FavorableWinds","theMarked:Parkour","theMarked:HeritageOfTheMarked","theMarked:TwofoldDefense","Normality","Gensokyo:ManorOfTheDishes","theMarked:Levitate","theMarked:DeterminationOfTheMarked+1","theMarked:WardOff","theMarked:MuscleMemory","theMarked:Seal","theMarked:Abjuration","Doubt","theMarked:SummonStrength+1","theMarked:StartUp+1","Gensokyo:DreamlikeParadise+1"],"relics":["theMarked:ArtifactOfAir","Toy Ornithopter","Boot","theMarked:NailFile","theMarked:DemonDagger","Oddly Smooth Stone","Gensokyo:LunaticRedEyes","Letter Opener","Cursed Key","Orichalcum","Gensokyo:MaskOfHope","Mummified Hand","Bag of Preparation","Thread and Needle","TungstenRod","Fusion Hammer","Toolbox","Art of War","Singing Bowl","DollysMirror"],"acts_visited":["Gensokyo:Gensokyo","Gensokyo:Gensokyoer","Gensokyo:Gensokyoest"],"potions_floor_usage":[6,30,30,48],"damage_taken":[{"damage":0,"enemies":"Gensokyo:3_Fairies","floor":1,"turns":4},{"damage":0,"enemies":"Gensokyo:2_Kodama","floor":4,"turns":3},{"damage":18,"enemies":"Gensokyo:Cirno","floor":6,"turns":6},{"damage":0,"enemies":"Gensokyo:Python","floor":7,"turns":2},{"damage":12,"enemies":"Gensokyo:Mamizou","floor":8,"turns":7},{"damage":17,"enemies":"Gensokyo:Aya","floor":14,"turns":6},{"damage":12,"enemies":"Gensokyo:Kokoro","floor":16,"turns":8},{"damage":2,"enemies":"Gensokyo:Chomper","floor":18,"turns":4},{"damage":11,"enemies":"Gensokyo:3_Dogs","floor":19,"turns":4},{"damage":11,"enemies":"Gensokyo:Wraith","floor":21,"turns":4},{"damage":1,"enemies":"Gensokyo:Tenshi","floor":23,"turns":4},{"damage":8,"enemies":"Gensokyo:Slime_Group","floor":25,"turns":6},{"damage":41,"enemies":"Gensokyo:3_Gloops","floor":28,"turns":5},{"damage":11,"enemies":"Gensokyo:Koishi","floor":30,"turns":6},{"damage":0,"enemies":"Gensokyo:Chomper_and_Gloop","floor":31,"turns":4},{"damage":14,"enemies":"Gensokyo:Eiki","floor":33,"turns":10},{"damage":0,"enemies":"Gensokyo:3_Boulders","floor":35,"turns":4},{"damage":8,"enemies":"Gensokyo:AncientGuardian","floor":37,"turns":7},{"damage":8,"enemies":"Gensokyo:SeedOfUnknown","floor":38,"turns":4},{"damage":0,"enemies":"Gensokyo:Kasen","floor":40,"turns":6},{"damage":0,"enemies":"Gensokyo:4_Bats","floor":45,"turns":4},{"damage":8,"enemies":"Gensokyo:4_Bats","floor":48,"turns":5},{"damage":0,"enemies":"Gensokyo:Yuyuko","floor":50,"turns":8}],"seed_played":"2453108839449308086","potions_obtained":[{"floor":1,"key":"Explosive Potion"},{"floor":4,"key":"Block Potion"},{"floor":7,"key":"Energy Potion"},{"floor":14,"key":"Fire Potion"},{"floor":30,"key":"FearPotion"},{"floor":33,"key":"Dexterity Potion"}],"is_trial":false,"path_per_floor":["M","?","T","M","T","E","M","E","T","?","?","?","$","E","R","B",null,"M","M","?","M","?","E","?","M","T","COS","M","?","E","M","R","B",null,"M","?","M","M","$","E","R","?","T","COS","M","?","R","?","R","B",null],"character_chosen":"THE_DEFAULT","items_purchased":["theMarked:Abjuration","Toolbox"],"campfire_rested":3,"item_purchase_floors":[39,39],"current_hp_per_floor":[63,63,63,63,63,50,50,38,38,38,38,26,26,19,37,35,63,63,62,62,61,68,67,67,69,69,69,48,48,47,63,63,49,63,63,63,63,63,63,63,63,63,63,63,63,55,63,63,63,63],"gold":111,"neow_bonus":"THREE_RARE_CARDS","is_daily":false,"chose_seed":false,"campfire_upgraded":1,"win_rate":0.0,"timestamp":1609869048,"path_taken":["M","?","?","M","?","E","?","E","T","?","?","?","$","E","R","BOSS","M","M","?","M","?","E","?","M","T","COS","M","?","E","M","R","BOSS","M","?","M","?","$","E","R","?","T","COS","M","?","R","?","R","BOSS"],"items_purchased_type":["Card","Relic"],"build_version":"2020-12-22","purchased_purges":2,"victory":true,"max_hp_per_floor":[63,63,63,63,63,63,63,63,63,63,63,63,63,63,63,63,63,63,63,63,63,70,70,70,70,70,70,70,63,63,63,63,63,63,63,63,63,63,63,63,63,63,63,63,63,63,63,63,63,63],"card_choices":[{"not_picked":["theMarked:MagicAdept","theMarked:UnarmedFury"],"picked":"theMarked:SummonStrength","floor":0},{"not_picked":["theMarked:LightningStrikesTwice","theMarked:Reabsorb"],"picked":"theMarked:StartUp","floor":1},{"not_picked":["theMarked:MaelstromOfLightning","theMarked:HeightenedSenses"],"picked":"theMarked:TunnelVision","floor":2},{"not_picked":["theMarked:ChainLightning","theMarked:TwofoldDefense"],"picked":"theMarked:WastefulDefense","floor":2},{"not_picked":["theMarked:ReduceFriction","theMarked:Static"],"picked":"theMarked:TakeCover","floor":4},{"not_picked":["theMarked:SwordAndMagic","theMarked:WastefulAttack"],"picked":"theMarked:BanishingWave","floor":6},{"not_picked":["theMarked:Static","theMarked:TwofoldDefense"],"picked":"theMarked:WardOff","floor":7},{"not_picked":["theMarked:MaelstromOfLightning","theMarked:TunnelVision","theMarked:BanishingStrike"],"picked":"SKIP","floor":8},{"not_picked":["theMarked:WastefulDefense","theMarked:HeightenedSenses"],"picked":"theMarked:Indomitable","floor":14},{"not_picked":["theMarked:ChannelForce","theMarked:DispelDoubt"],"picked":"theMarked:FavorableWinds","floor":16},{"not_picked":["theMarked:ChainLightning+1","theMarked:Electrify+1","theMarked:SwordAndMagic"],"picked":"SKIP","floor":18},{"not_picked":["theMarked:Generate","theMarked:BanishingStrike"],"picked":"theMarked:Parkour","floor":19},{"not_picked":["theMarked:Aftermath+1","theMarked:Parkour"],"picked":"theMarked:TwofoldDefense","floor":21},{"not_picked":["theMarked:MysticalArsenal","theMarked:Parkour","theMarked:Polarize"],"picked":"SKIP","floor":23},{"not_picked":["theMarked:MysticalArsenal","theMarked:LightningStrikesTwice","theMarked:TwofoldDefense"],"picked":"SKIP","floor":25},{"not_picked":["theMarked:Aftermath","theMarked:Polarize","theMarked:ThrowWeapon"],"picked":"SKIP","floor":28},{"not_picked":["Gensokyo:RedCapeBlueCape","Gensokyo:LittleGreenMen"],"picked":"Gensokyo:ManorOfTheDishes","floor":29},{"not_picked":["theMarked:ChannelForce","theMarked:DispelDoubt"],"picked":"theMarked:Levitate","floor":30},{"not_picked":["theMarked:ReduceFriction","theMarked:SwordAndMagic"],"picked":"theMarked:DeterminationOfTheMarked+1","floor":30},{"not_picked":["theMarked:Aftermath","theMarked:EmpowerWeapon"],"picked":"theMarked:WardOff","floor":31},{"not_picked":["theMarked:ThrowWeapon","theMarked:BindingBlade"],"picked":"theMarked:MuscleMemory","floor":33},{"not_picked":["theMarked:GodGivenPower+1","theMarked:Opportunist+1","theMarked:TwofoldDefense"],"picked":"SKIP","floor":35},{"not_picked":["theMarked:Static+1","theMarked:Parry"],"picked":"theMarked:Seal","floor":37},{"not_picked":["theMarked:Aftermath+1","theMarked:Electrify+1","theMarked:BanishingWave"],"picked":"SKIP","floor":38},{"not_picked":["theMarked:MaelstromOfLightning+1","theMarked:ShockingTouch","theMarked:RepellingDischarge+1"],"picked":"SKIP","floor":40},{"not_picked":["theMarked:BanishingStrike+1","theMarked:WardOff"],"picked":"theMarked:StartUp+1","floor":45},{"not_picked":["Gensokyo:MorningStar+1","Gensokyo:RainbowDanmaku+1"],"picked":"Gensokyo:DreamlikeParadise+1","floor":48}],"player_experience":671517,"relics_obtained":[{"floor":3,"key":"Toy Ornithopter"},{"floor":5,"key":"Boot"},{"floor":6,"key":"theMarked:NailFile"},{"floor":8,"key":"theMarked:DemonDagger"},{"floor":9,"key":"Oddly Smooth Stone"},{"floor":14,"key":"Letter Opener"},{"floor":23,"key":"Orichalcum"},{"floor":26,"key":"Mummified Hand"},{"floor":30,"key":"Thread and Needle"},{"floor":40,"key":"Art of War"},{"floor":43,"key":"Singing Bowl"}],"event_choices":[],"is_beta":false,"boss_relics":[{"not_picked":["Black Star","Runic Dome"],"picked":"Cursed Key"},{"not_picked":["Busted Crown","Philosopher\u0027s Stone"],"picked":"Fusion Hammer"}],"items_purged_floors":[13,39],"is_endless":false,"potions_floor_spawned":[1,4,7,14,16,19,21,28,30,33,35,40,45],"ascension_level":1}}