{"host":"0mk07bycsqo1qk03","time":1609871555,"event":{"mods":["BaseMod","Bestiary","Downfall","Hermit","Hubris","Minty Spire (QoL Compilation)","Replay The Spire","StSLib","The Cursed","The Servant 0.9.4"],"gold_per_floor":[116,65,75,75,90,90,117,117,140,140,140,140,173,51,51,146,146,157,175,32,49,59,59,74,102,102,120,120,97,97,97,97,198,198,210,56,56,56,56,56,56,56,107,47,77,77,103,10,10,10,10],"floor_reached":50,"playtime":2872,"items_purged":["Doubt"],"score":903,"play_id":"3db19b3f-5750-4974-b93e-307e606d8e07","local_time":"20210105193235","is_ascension_mode":true,"campfire_choices":[{"data":"Eruption","floor":6.0,"key":"SMITH"},{"data":"ClearTheMind","floor":8.0,"key":"SMITH"},{"data":"ConjureBlade","floor":10.0,"key":"SMITH"},{"floor":12.0,"key":"REST"},{"floor":15.0,"key":"REST"},{"floor":23.0,"key":"REST"},{"floor":28.0,"key":"REST"},{"floor":32.0,"key":"REST"},{"data":"Study","floor":40,"key":"SMITH"},{"floor":46,"key":"REST"}],"circlet_count":0,"master_deck":["Strike_P","Strike_P","Strike_P","Defend_P","Defend_P","Defend_P+1","Eruption+1","Vigilance","ConjureBlade+1","Consecrate","ClearTheMind+1","FlyingSleeves","ForeignInfluence","Steam","Meditate+1","hubris:EnhanceAbility","Replay:SS_forest_2","Replay:SS_hec_2","Vault","FlyingSleeves","Protect+1","Replay:BluntJabs","Replay:ManipulateFuture+1","Halt+1","Replay:AtTheReady","Blasphemy+1","Study+1","JustLucky+1","Forethought"],"relics":["PureWater","Onion Ring","Vajra","Tiny Chest","ReplayTheSpireMod:ShopPack","hubris:GrandSneckoEye","Chemical X","Boot","hubris:MysteriousPyramids","SacredBark","Orichalcum","The Courier","hubris:Icosahedron","Damaru","War Paint","Replay:Bottled Steam"],"acts_visited":["Exordium","TheCity","TheBeyond"],"potions_floor_usage":[45,50,50],"damage_taken":[{"damage":3.0,"enemies":"2 Louse","floor":1.0,"turns":4.0},{"damage":0.0,"enemies":"Cultist","floor":3.0,"turns":3.0},{"damage":0.0,"enemies":"Small Slimes","floor":5.0,"turns":3.0},{"damage":27.0,"enemies":"3 Sentries","floor":7.0,"turns":6.0},{"damage":32.0,"enemies":"Gremlin Nob","floor":13.0,"turns":5.0},{"damage":0.0,"enemies":"Hexaghost","floor":16.0,"turns":9.0},{"damage":0.0,"enemies":"Spheric Guardian","floor":18.0,"turns":3.0},{"damage":6.0,"enemies":"3 Byrds","floor":19.0,"turns":4.0},{"damage":19.0,"enemies":"Snake Plant","floor":21.0,"turns":3.0},{"damage":0.0,"enemies":"3 Cultists","floor":22.0,"turns":4.0},{"damage":9.0,"enemies":"Snecko","floor":24.0,"turns":4.0},{"damage":13.0,"enemies":"Gremlin Leader","floor":25.0,"turns":4.0},{"damage":20.0,"enemies":"Shelled Parasite and Fungi","floor":27.0,"turns":4.0},{"damage":0.0,"enemies":"Champ","floor":33.0,"turns":10.0},{"damage":14,"enemies":"3 Shapes","floor":35,"turns":2},{"damage":59,"enemies":"Nemesis","floor":45,"turns":10},{"damage":0,"enemies":"Giant Head","floor":47,"turns":5},{"damage":70,"enemies":"Replay:Hell Engine","floor":50,"turns":6}],"seed_played":"-136255075738540788","potions_obtained":[{"floor":3.0,"key":"DuplicationPotion"},{"floor":5.0,"key":"Dexterity Potion"},{"floor":18.0,"key":"PowerPotion"},{"floor":21.0,"key":"DuplicationPotion"},{"floor":22.0,"key":"ColorlessPotion"},{"floor":35,"key":"SkillPotion"},{"floor":37,"key":"Dexterity Potion"},{"floor":37,"key":"Slimebound:ThreeZeroPotion"}],"is_trial":false,"path_per_floor":["M","$","M","?","M","R","E","R","T","R","?","R","E","$","R","B",null,"M","M","$","M","M","R","M","E","T","M","R","$","?","?","R","B",null,"M","$","?","T","?","R","?","?","T","$","E","R","E","$","R","B"],"character_chosen":"WATCHER","items_purchased":["PowerPotion","ReplayTheSpireMod:ShopPack","Chemical X","Replay:AtTheReady","Orichalcum","Elixir","Forethought"],"campfire_rested":6,"item_purchase_floors":[2,14,20,29,36,48,48],"current_hp_per_floor":[44,44,44,44,44,44,17,17,17,17,17,38,6,6,27,27,61,61,55,55,36,36,57,48,35,35,15,36,36,23,23,46,46,69,55,55,55,55,55,55,55,77,77,77,18,41,41,41,64,0,0],"gold":10,"neow_bonus":"THREE_RARE_CARDS","is_daily":false,"chose_seed":false,"campfire_upgraded":4,"win_rate":0.0,"timestamp":1609871555,"path_taken":["M","$","M","?","?","R","E","R","T","R","?","R","E","$","R","BOSS","M","M","$","M","M","R","M","E","T","M","R","$","?","?","R","BOSS","M","$","?","?","?","R","?","?","T","$","E","R","E","$","R","BOSS"],"items_purchased_type":["Potion","Relic","Relic","Card","Relic","Potion","Card"],"build_version":"2020-12-22","purchased_purges":1,"victory":false,"max_hp_per_floor":[72,72,72,72,72,72,72,72,72,72,72,72,72,72,72,72,72,72,72,72,72,72,72,72,72,72,72,72,72,77,77,77,77,77,77,77,77,77,77,77,77,77,77,77,77,77,77,77,77,77,77],"card_choices":[{"not_picked":["Blasphemy","SpiritShield"],"picked":"ConjureBlade","floor":0.0},{"not_picked":["Replay:AtTheReady","Weave"],"picked":"Consecrate","floor":1.0},{"not_picked":["Adaptation","Halt"],"picked":"ClearTheMind","floor":3.0},{"not_picked":["Replay:BluntJabs","Replay:ManipulateFuture"],"picked":"FlyingSleeves","floor":5.0},{"not_picked":["Fasting2","WaveOfTheHand","Sanctity"],"picked":"SKIP","floor":7.0},{"not_picked":["Weave","WindmillStrike"],"picked":"Meditate","floor":13.0},{"not_picked":["Metamorphosis","ReplayTheSpireMod:Necrogeddon"],"picked":"hubris:EnhanceAbility","floor":14.0},{"not_picked":["expansioncontent:Flail","expansioncontent:DonusPower"],"picked":"Replay:SS_forest_2","floor":14.0},{"not_picked":["expansioncontent:CaCaw","expansioncontent:SlimeTackle"],"picked":"Replay:SS_hec_2","floor":14.0},{"not_picked":["Replay:LoomingThreat","ConjureBlade"],"picked":"Vault","floor":16.0},{"not_picked":["EmptyFist","Replay:Anticipation"],"picked":"FlyingSleeves","floor":18.0},{"not_picked":["Indignation+1","DeceiveReality"],"picked":"Protect","floor":19.0},{"not_picked":["EmptyMind","Crescendo","CutThroughFate+1"],"picked":"SKIP","floor":21.0},{"not_picked":["Prostrate","EmptyFist"],"picked":"Replay:BluntJabs","floor":22.0},{"not_picked":["MasterReality","FollowUp+1"],"picked":"Replay:ManipulateFuture+1","floor":24.0},{"not_picked":["Study","EmptyBody","Fasting2"],"picked":"SKIP","floor":25.0},{"not_picked":["InnerPeace","PathToVictory"],"picked":"Halt+1","floor":27.0},{"not_picked":["Omniscience","Brilliance"],"picked":"Blasphemy","floor":33.0},{"not_picked":["Halt+1","FollowUp"],"picked":"Study","floor":35},{"not_picked":["Halt","Replay:Anticipation+1","Meditate+1"],"picked":"SKIP","floor":45},{"not_picked":["EmptyMind+1","Replay:Hum+1"],"picked":"JustLucky+1","floor":47}],"player_experience":846902,"relics_obtained":[{"floor":7.0,"key":"Onion Ring"},{"floor":9.0,"key":"Vajra"},{"floor":13.0,"key":"Tiny Chest"},{"floor":25.0,"key":"Boot"},{"floor":26.0,"key":"hubris:MysteriousPyramids"},{"floor":38,"key":"The Courier"},{"floor":43,"key":"Damaru"},{"floor":45,"key":"War Paint"},{"floor":47,"key":"Replay:Bottled Steam"}],"event_choices":[{"damage_healed":0.0,"max_hp_gain":0.0,"max_hp_loss":0.0,"gold_gain":0.0,"event_name":"The Woman in Blue","player_choice":"Bought 0 Potions","floor":4.0,"gold_loss":0.0,"damage_taken":0.0},{"damage_healed":0.0,"max_hp_gain":5.0,"max_hp_loss":0.0,"gold_gain":0.0,"event_name":"Forgotten Altar","player_choice":"Shed Blood","floor":30.0,"gold_loss":0.0,"damage_taken":18.0},{"damage_healed":0.0,"max_hp_gain":0.0,"max_hp_loss":0.0,"gold_gain":0.0,"event_name":"Cursed Tome","player_choice":"Ignored","floor":31.0,"gold_loss":0.0,"damage_taken":0.0},{"damage_healed":0,"gold_gain":0,"player_choice":"Got Potions","damage_taken":0,"max_hp_gain":0,"max_hp_loss":0,"event_name":"Lab","floor":37,"gold_loss":0},{"damage_healed":22,"gold_gain":0,"player_choice":"Heal","damage_taken":0,"max_hp_gain":0,"max_hp_loss":0,"event_name":"MindBloom","floor":42,"gold_loss":0,"cards_obtained":["Doubt"]}],"is_beta":false,"boss_relics":[{"not_picked":["hubris:CrackedHourglass","Fusion Hammer"],"picked":"hubris:GrandSneckoEye"},{"not_picked":["Pandora\u0027s Box","Tiny House"],"picked":"SacredBark"}],"items_purged_floors":[44],"is_endless":false,"potions_floor_spawned":[3,5,18,21,22,24,35],"killed_by":"Replay:Hell Engine","ascension_level":8}}