{"host":"x205naxbihvu3p76","time":1609849361,"event":{"mods":["AchievementEnabler","BaseMod","Minty Spire (QoL Compilation)","StSLib","SuperFastMode"],"gold_per_floor":[109,127,127,138,13,44,44,78,78,89,89,8,21,32,32,108,108,123,123,133,133,143,143,143,143],"floor_reached":24,"playtime":454,"items_purged":["Strike_B"],"score":503,"play_id":"52082b19-36c3-4747-9c2a-e4ea1832f1de","local_time":"20210105212241","is_ascension_mode":true,"campfire_choices":[{"floor":7,"key":"REST"},{"floor":11,"key":"REST"},{"data":"Capacitor","floor":15,"key":"SMITH"},{"floor":23,"key":"REST"}],"circlet_count":0,"master_deck":["AscendersBane","Strike_B","Strike_B","Defend_B","Defend_B","Defend_B","Defend_B","Zap","Dualcast","Conserve Battery","Beam Cell","Ball Lightning","Electrodynamics","Capacitor+1","Cold Snap","Core Surge","Self Repair","Consume"],"relics":["Cracked Core","NeowsBlessing","Matryoshka","CaptainsWheel","Orichalcum","StoneCalendar","Cursed Key"],"acts_visited":["Exordium","TheCity"],"potions_floor_usage":[6,16,16,24,24],"damage_taken":[{"damage":0,"enemies":"Cultist","floor":1,"turns":1},{"damage":0,"enemies":"2 Louse","floor":2,"turns":1},{"damage":0,"enemies":"Small Slimes","floor":4,"turns":1},{"damage":41,"enemies":"Gremlin Nob","floor":6,"turns":4},{"damage":22,"enemies":"Lagavulin","floor":8,"turns":6},{"damage":11,"enemies":"Blue Slaver","floor":10,"turns":3},{"damage":1,"enemies":"Looter","floor":13,"turns":4},{"damage":0,"enemies":"Exordium Wildlife","floor":14,"turns":2},{"damage":0,"enemies":"The Guardian","floor":16,"turns":7},{"damage":7,"enemies":"3 Byrds","floor":18,"turns":2},{"damage":28,"enemies":"Shell Parasite","floor":20,"turns":6},{"damage":17,"enemies":"Centurion and Healer","floor":22,"turns":7},{"damage":64,"enemies":"Book of Stabbing","floor":24,"turns":5}],"seed_played":"8850430971466292316","potions_obtained":[{"floor":4,"key":"FearPotion"},{"floor":6,"key":"Ancient Potion"},{"floor":8,"key":"DistilledChaos"},{"floor":14,"key":"FocusPotion"},{"floor":18,"key":"DistilledChaos"},{"floor":22,"key":"Energy Potion"}],"is_trial":false,"path_per_floor":["M","M","?","M","$","E","R","E","T","M","R","$","M","M","R","B",null,"M","?","M","?","M","R","E"],"character_chosen":"DEFECT","items_purchased":["Ball Lightning","Capacitor"],"campfire_rested":3,"item_purchase_floors":[5,12],"current_hp_per_floor":[64,64,64,64,64,23,44,22,22,11,32,32,31,31,31,31,61,54,54,33,47,37,58,0,0],"gold":143,"neow_bonus":"THREE_ENEMY_KILL","is_daily":false,"chose_seed":false,"campfire_upgraded":1,"win_rate":0.0,"timestamp":1609849361,"path_taken":["M","?","?","M","$","E","R","E","T","M","R","?","M","M","R","BOSS","M","?","M","?","M","R","E"],"items_purchased_type":["Card","Card"],"build_version":"2020-12-22","purchased_purges":1,"victory":false,"max_hp_per_floor":[71,71,71,71,71,71,71,71,71,71,71,71,71,71,71,71,71,71,71,71,71,71,71,71,71],"card_choices":[{"not_picked":["BootSequence","Barrage"],"picked":"Conserve Battery","floor":1},{"not_picked":["Coolheaded","Steam Power"],"picked":"Beam Cell","floor":2},{"not_picked":["Stack","Steam","Leap"],"picked":"SKIP","floor":4},{"not_picked":["Coolheaded","Compile Driver"],"picked":"Electrodynamics","floor":6},{"not_picked":["Beam Cell","Force Field","Go for the Eyes"],"picked":"SKIP","floor":8},{"not_picked":["Reprogram","Rebound","Hologram"],"picked":"SKIP","floor":10},{"not_picked":["Compile Driver","Tempest","Sunder"],"picked":"SKIP","floor":13},{"not_picked":["Recycle","Self Repair"],"picked":"Cold Snap","floor":14},{"not_picked":["Electrodynamics","Multi-Cast"],"picked":"Core Surge","floor":16},{"not_picked":["Cold Snap","Leap"],"picked":"Self Repair","floor":18},{"not_picked":["Gash","Rip and Tear","Beam Cell"],"picked":"SKIP","floor":20},{"not_picked":["Conserve Battery","Compile Driver"],"picked":"Consume","floor":22}],"player_experience":948016,"relics_obtained":[{"floor":6,"key":"Matryoshka"},{"floor":8,"key":"CaptainsWheel"},{"floor":9,"key":"Orichalcum"},{"floor":9,"key":"StoneCalendar"}],"event_choices":[{"cards_removed":["Strike_B"],"damage_healed":0,"gold_gain":0,"player_choice":"Purged","damage_taken":0,"max_hp_gain":0,"max_hp_loss":0,"event_name":"Purifier","floor":3,"gold_loss":0},{"damage_healed":0,"gold_gain":0,"player_choice":"Ignored","damage_taken":0,"max_hp_gain":0,"max_hp_loss":0,"event_name":"Vampires","floor":19,"gold_loss":0},{"damage_healed":14,"gold_gain":0,"player_choice":"Heal","damage_taken":0,"max_hp_gain":0,"max_hp_loss":0,"event_name":"The Library","floor":21,"gold_loss":0}],"is_beta":false,"boss_relics":[{"not_picked":["Calling Bell","Runic Pyramid"],"picked":"Cursed Key"}],"items_purged_floors":[5],"is_endless":false,"potions_floor_spawned":[4,6,8,13,14,18,22],"killed_by":"Book of Stabbing","ascension_level":19}}