{"host":"37dk0reb6x0du8wx","time":1609839021,"event":{"mods":["BaseMod","Colored Map","DeckTracker","Minty Spire (QoL Compilation)","Quick Restart","StSLib"],"gold_per_floor":[115,132,132,132,132,160,110,127,127,52,64,84,84,118,118,218,218,233,173,25,44,44,44,69,69,69,69,85,85,85],"floor_reached":29,"playtime":960,"items_purged":["Strike_B"],"score":331,"play_id":"59d95c3e-9b48-4a27-93ab-423e825c7a45","local_time":"20210105183021","is_ascension_mode":true,"campfire_choices":[{"data":"Darkness","floor":13,"key":"SMITH"},{"floor":15,"key":"REST"},{"floor":23,"key":"REST"},{"floor":27,"key":"REST"}],"circlet_count":0,"master_deck":["Defend_B","Defend_B+1","Defend_B","Defend_B","Zap","Dualcast","Darkness+1","BootSequence","Conserve Battery","Loop","Lockon","Doom and Gloom","Amplify","Capacitor"],"relics":["FrozenCore","NeowsBlessing","Bottled Lightning","Regal Pillow","Matryoshka","Gremlin Horn","Chemical X","Kunai","Art of War","Shuriken"],"acts_visited":["Exordium","TheCity"],"potions_floor_usage":[16],"damage_taken":[{"damage":0,"enemies":"Small Slimes","floor":1,"turns":2},{"damage":0,"enemies":"Jaw Worm","floor":2,"turns":1},{"damage":0,"enemies":"Gremlin Nob","floor":6,"turns":1},{"damage":0,"enemies":"2 Louse","floor":8,"turns":2},{"damage":5,"enemies":"Blue Slaver","floor":11,"turns":3},{"damage":0,"enemies":"Looter","floor":12,"turns":3},{"damage":33,"enemies":"Lagavulin","floor":14,"turns":6},{"damage":33,"enemies":"Hexaghost","floor":16,"turns":10},{"damage":12,"enemies":"Chosen","floor":18,"turns":5},{"damage":7,"enemies":"Spheric Guardian","floor":21,"turns":4},{"damage":73,"enemies":"Book of Stabbing","floor":24,"turns":9},{"damage":26,"enemies":"Snake Plant","floor":28,"turns":5},{"damage":4,"enemies":"Chosen and Byrds","floor":29,"turns":6}],"seed_played":"-3174257560417092278","potions_obtained":[{"floor":1,"key":"Weak Potion"},{"floor":6,"key":"DuplicationPotion"},{"floor":12,"key":"ColorlessPotion"},{"floor":24,"key":"Explosive Potion"}],"is_trial":false,"path_per_floor":["M","M","?","?","T","E","?","M","T","$","M","M","R","E","R","B",null,"M","?","$","M","$","R","E","?","T","R","M","M"],"character_chosen":"DEFECT","items_purchased":["Chemical X"],"campfire_rested":3,"item_purchase_floors":[20],"current_hp_per_floor":[75,75,60,53,53,53,53,53,53,53,48,48,48,15,52,19,75,63,63,63,56,56,75,2,2,2,39,13,9,9],"gold":85,"neow_bonus":"THREE_ENEMY_KILL","is_daily":false,"chose_seed":false,"campfire_upgraded":1,"win_rate":0.0,"timestamp":1609839021,"path_taken":["M","M","?","?","?","E","?","M","T","$","?","M","R","E","R","BOSS","M","?","$","?","$","R","E","?","T","R","M","M"],"items_purchased_type":["Relic"],"build_version":"2020-12-22","purchased_purges":1,"victory":false,"max_hp_per_floor":[75,75,75,75,75,75,75,75,75,75,75,75,75,75,75,75,75,75,75,75,75,75,75,75,75,75,75,75,75,75],"card_choices":[{"not_picked":["Undo","Ball Lightning"],"picked":"Darkness","floor":1},{"not_picked":["Cold Snap","Beam Cell"],"picked":"BootSequence","floor":2},{"not_picked":["Redo","Sunder"],"picked":"Conserve Battery","floor":6},{"not_picked":["Cold Snap","Creative AI","Scrape"],"picked":"SKIP","floor":8},{"not_picked":["Chill","Compile Driver"],"picked":"Loop","floor":11},{"not_picked":["Capacitor","Heatsinks"],"picked":"Lockon","floor":12},{"not_picked":["Hologram","Creative AI"],"picked":"Doom and Gloom","floor":14},{"not_picked":["All For One","Hyperbeam"],"picked":"Amplify","floor":16},{"not_picked":["Redo","Beam Cell"],"picked":"Capacitor","floor":18},{"not_picked":["Turbo","Rip and Tear","Streamline"],"picked":"SKIP","floor":21},{"not_picked":["Go for the Eyes","Compile Driver","Steam+1"],"picked":"SKIP","floor":24},{"not_picked":["FTL","Stack","Compile Driver"],"picked":"SKIP","floor":28}],"player_experience":155942,"relics_obtained":[{"floor":5,"key":"Bottled Lightning"},{"floor":6,"key":"Regal Pillow"},{"floor":9,"key":"Matryoshka"},{"floor":14,"key":"Gremlin Horn"},{"floor":24,"key":"Kunai"},{"floor":26,"key":"Art of War"},{"floor":26,"key":"Shuriken"}],"event_choices":[{"damage_healed":0,"gold_gain":0,"player_choice":"Entered Light","damage_taken":15,"max_hp_gain":0,"max_hp_loss":0,"event_name":"Shining Light","floor":3,"gold_loss":0,"cards_upgraded":["Defend_B","Strike_B"]},{"cards_removed":["Strike_B"],"damage_healed":0,"gold_gain":0,"player_choice":"Card Removal","damage_taken":7,"max_hp_gain":0,"max_hp_loss":0,"event_name":"Golden Wing","floor":4,"gold_loss":0},{"cards_removed":["Strike_B"],"damage_healed":0,"gold_gain":0,"player_choice":"Card Removal","damage_taken":0,"max_hp_gain":0,"max_hp_loss":0,"event_name":"The Cleric","floor":7,"gold_loss":50},{"cards_removed":["Strike_B"],"damage_healed":0,"gold_gain":0,"player_choice":"Single Remove","damage_taken":0,"max_hp_gain":0,"max_hp_loss":0,"event_name":"Designer","floor":19,"gold_loss":60},{"damage_healed":0,"gold_gain":0,"player_choice":"Ignored","damage_taken":0,"max_hp_gain":0,"max_hp_loss":0,"event_name":"Vampires","floor":25,"gold_loss":0}],"is_beta":false,"boss_relics":[{"not_picked":["Fusion Hammer","Coffee Dripper"],"picked":"FrozenCore"}],"items_purged_floors":[10],"is_endless":false,"potions_floor_spawned":[1,6,12,14,24],"killed_by":"Chosen and Byrds","ascension_level":4}}