{"host":"36ls4ricihodphgx","time":1609877268,"event":{"mods":["AchievementEnabler","BaseMod","Colored Map","Downfall","Hermit","HololiveMod","Jorbs\u0027s Wanderer Trilogy","Koishi","Marisa????????","Minty Spire (QoL Compilation)","Replay The Spire","Shop Mod","StSLib","SuperFastMode","The Animator","The Bug Knight","The Cursed","The Hierophant","The Servant 0.9.4"],"gold_per_floor":[115,132,132,132,381,381,399,399,399,413,110,123,146,170,170,290,290,303,322,340,295,295,335,335,356,379,58,73,73,73,198,198,326,326,351,57,57,57,73,73,73,73],"floor_reached":41,"playtime":1367,"items_purged":["Strike_G"],"score":403,"play_id":"f669e6b6-732f-4633-8284-001a1168e7e1","local_time":"20210105130748","is_ascension_mode":false,"campfire_choices":[{"data":"Infinite Blades","floor":6,"key":"SMITH"},{"floor":15,"key":"REST"},{"floor":24,"key":"REST"},{"floor":29,"key":"REST"},{"floor":32,"key":"REST"},{"floor":40,"key":"REST"}],"circlet_count":0,"master_deck":["Strike_G","Strike_G","Defend_G","Defend_G","Survivor+1","Neutralize+1","Deadly Poison+1","ReplayTheSpireMod:Scrap Shanks","Infinite Blades+1","Die Die Die+1","Noxious Fumes+1","Backstab","Backstab","Deflect","PiercingWail","Envenom","Hidden Blade+1","Draining Mist+1","Wraith Form v2+1","Dagger Spray+1","Deflect+1","Bane","Catalyst","Poisoned Stab+1","Apotheosis","Doppelganger"],"relics":["Ring of the Snake","Golden Idol","TwistedFunnel","Astrolabe","Gremlin Food","Vajra","Chemical X","MutagenicStrength","Durian","Bottled Tornado","Hololive_Finger","TungstenRod"],"acts_visited":["Exordium","TheCity","TheBeyond"],"potions_floor_usage":[16,18,20,23,31,33,41,41],"damage_taken":[{"damage":5,"enemies":"Small Slimes","floor":1,"turns":5},{"damage":0,"enemies":"Cultist","floor":2,"turns":3},{"damage":0,"enemies":"Jaw Worm","floor":7,"turns":4},{"damage":4,"enemies":"Blue Slaver","floor":10,"turns":3},{"damage":10,"enemies":"Looter","floor":12,"turns":2},{"damage":0,"enemies":"Large Slime","floor":13,"turns":3},{"damage":0,"enemies":"3 Louse","floor":14,"turns":2},{"damage":54,"enemies":"Fading Forest","floor":16,"turns":11},{"damage":12,"enemies":"2 Thieves","floor":18,"turns":3},{"damage":0,"enemies":"3 Byrds","floor":19,"turns":4},{"damage":17,"enemies":"3 Cultists","floor":20,"turns":4},{"damage":34,"enemies":"Slavers","floor":23,"turns":4},{"damage":1,"enemies":"Snecko","floor":25,"turns":3},{"damage":10,"enemies":"Centurion and Healer","floor":28,"turns":6},{"damage":10,"enemies":"Colosseum Slavers","floor":31,"turns":3},{"damage":8,"enemies":"Colosseum Nobs","floor":31,"turns":3},{"damage":36,"enemies":"Collector","floor":33,"turns":7},{"damage":29,"enemies":"3 Darklings","floor":35,"turns":3},{"damage":17,"enemies":"3 Shapes","floor":39,"turns":3},{"damage":71,"enemies":"Reptomancer","floor":41,"turns":3}],"seed_played":"2218605608176176682","potions_obtained":[{"floor":2,"key":"Swift Potion"},{"floor":10,"key":"champ:CounterPotion"},{"floor":12,"key":"Languid Potion"},{"floor":16,"key":"SkillPotion"},{"floor":19,"key":"SkillPotion"},{"floor":23,"key":"AttackPotion"},{"floor":33,"key":"Swift Potion"},{"floor":35,"key":"FearPotion"}],"is_trial":false,"path_per_floor":["M","M","?","?","?","R","M","?","T","M","$","M","M","M","R","B",null,"M","M","M","$","?","E","R","M","T","$","M","R","?","?","R","B",null,"M","$","?","$","M","R","E"],"character_chosen":"THE_SILENT","items_purchased":["Backstab","TwistedFunnel","Bane","Apotheosis","Chemical X","TungstenRod"],"campfire_rested":5,"item_purchase_floors":[11,11,21,27,27,36],"current_hp_per_floor":[58,58,51,51,51,51,51,51,51,47,47,37,37,37,60,16,78,66,66,49,49,49,15,38,37,37,37,27,50,50,37,61,25,83,54,54,54,54,37,60,0,0],"gold":73,"neow_bonus":"TWENTY_PERCENT_HP_BONUS","is_daily":false,"chose_seed":false,"campfire_upgraded":1,"win_rate":0.0,"timestamp":1609877268,"path_taken":["M","M","?","?","?","R","M","?","T","M","$","M","?","M","R","BOSS","M","M","?","$","?","E","R","M","T","$","M","R","?","?","R","BOSS","M","$","?","$","M","R","E"],"items_purchased_type":["Card","Relic","Card","Card","Relic","Relic"],"build_version":"2020-12-22","purchased_purges":1,"victory":false,"max_hp_per_floor":[84,84,84,78,78,78,78,78,78,78,78,78,78,78,78,78,78,78,78,78,78,78,78,78,78,78,78,78,78,78,83,83,83,83,83,83,79,79,79,79,79,79],"card_choices":[{"not_picked":["Slice","Backflip"],"picked":"Deadly Poison","floor":1},{"not_picked":["Dodge and Roll","Flying Knee"],"picked":"ReplayTheSpireMod:Scrap Shanks","floor":2},{"not_picked":["Underhanded Strike","Backflip"],"picked":"Infinite Blades","floor":5},{"not_picked":["Caltrops","Deadly Poison"],"picked":"Die Die Die","floor":7},{"not_picked":["Outmaneuver","Sucker Punch"],"picked":"Noxious Fumes","floor":10},{"not_picked":["Slice","Dodge and Roll"],"picked":"Backstab","floor":12},{"not_picked":["Acrobatics","Outmaneuver"],"picked":"Deflect","floor":13},{"not_picked":["ReplayTheSpireMod:The Works","Draining Mist"],"picked":"PiercingWail","floor":14},{"not_picked":["Atom Bomb","Burst"],"picked":"Envenom","floor":16},{"not_picked":["Finisher","Deflect","Acrobatics"],"picked":"SKIP","floor":18},{"not_picked":["Dagger Throw","ReplayTheSpireMod:Exploit Weakness"],"picked":"Dagger Spray+1","floor":19},{"not_picked":["ReplayTheSpireMod:The Works","Sneak Up"],"picked":"Deflect+1","floor":20},{"not_picked":["Backflip","Prepared"],"picked":"Catalyst","floor":23},{"not_picked":["Bane","ReplayTheSpireMod:Exploit Weakness"],"picked":"Poisoned Stab+1","floor":25},{"not_picked":["Infinite Blades+1","Deflect","Bane"],"picked":"SKIP","floor":28},{"not_picked":["Night Terror","Replay:Bag of Tricks"],"picked":"Doppelganger","floor":33},{"not_picked":["Deflect","Bane+1","Calculated Gamble+1"],"picked":"SKIP","floor":35},{"not_picked":["Hidden Blade+1","Dagger Spray+1","Dash+1"],"picked":"SKIP","floor":39}],"player_experience":53756,"relics_obtained":[{"floor":23,"key":"Gremlin Food"},{"floor":26,"key":"Vajra"},{"floor":31,"key":"Durian"},{"floor":31,"key":"Bottled Tornado"}],"event_choices":[{"cards_removed":["Defend_G"],"damage_healed":0,"gold_gain":0,"player_choice":"Card Removal","damage_taken":7,"max_hp_gain":0,"max_hp_loss":0,"event_name":"Golden Wing","floor":3,"gold_loss":0},{"damage_healed":0,"gold_gain":0,"player_choice":"Lose Max HP","damage_taken":0,"relics_obtained":["Golden Idol"],"max_hp_gain":0,"max_hp_loss":6,"event_name":"Golden Idol","floor":4,"gold_loss":0},{"damage_healed":0,"gold_gain":0,"player_choice":"Forge","damage_taken":0,"max_hp_gain":0,"max_hp_loss":0,"event_name":"Accursed Blacksmith","floor":8,"gold_loss":0,"cards_upgraded":["Die Die Die"]},{"cards_removed":["Defend_G"],"damage_healed":0,"gold_gain":0,"player_choice":"Elegance","damage_taken":0,"max_hp_gain":0,"max_hp_loss":0,"event_name":"Back to Basics","floor":22,"gold_loss":0},{"damage_healed":0,"gold_gain":0,"player_choice":"Inject Mutagens","damage_taken":0,"relics_obtained":["MutagenicStrength"],"max_hp_gain":0,"max_hp_loss":0,"event_name":"Drug Dealer","floor":30,"gold_loss":0},{"damage_healed":0,"gold_gain":0,"player_choice":"Fight","damage_taken":0,"max_hp_gain":0,"max_hp_loss":0,"event_name":"Colosseum","floor":31,"gold_loss":0},{"damage_healed":0,"gold_gain":0,"player_choice":"Fought Nobs","damage_taken":0,"max_hp_gain":0,"max_hp_loss":0,"event_name":"Colosseum","floor":31,"gold_loss":0},{"damage_healed":0,"gold_gain":0,"player_choice":"Max HP","damage_taken":0,"max_hp_gain":0,"max_hp_loss":4,"event_name":"Winding Halls","floor":37,"gold_loss":0}],"is_beta":false,"boss_relics":[{"not_picked":["Replay:Drink Me","Tiny House"],"picked":"Astrolabe"},{"not_picked":["Replay:Bronze Core","Busted Crown"],"picked":"Hololive_Finger"}],"items_purged_floors":[11],"is_endless":false,"potions_floor_spawned":[2,10,12,13,16,19,23,31,33,35],"killed_by":"Reptomancer","ascension_level":0}}