{"host":"vfg9szunmpjwj08o","time":1609882535,"event":{"mods":["Act Like it!","BaseMod","Challenge The Spire","Colored Map","Colored Powertips","Minty Spire (QoL Compilation)","StSLib","Waifu the Spire"],"gold_per_floor":[117,128,128,38,54,54,74,87,141,141,175,187,187,200,200,200,200],"floor_reached":16,"playtime":659,"items_purged":[],"score":203,"play_id":"31e545b6-43d8-4c32-95e0-b590848500c7","local_time":"20210105223535","is_ascension_mode":true,"campfire_choices":[{"data":"Zap","floor":6.0,"key":"SMITH"},{"data":"Dualcast","floor":10.0,"key":"SMITH"},{"data":"Chaos","floor":13.0,"key":"SMITH"},{"data":"Recycle","floor":15,"key":"SMITH"}],"circlet_count":0,"master_deck":["AscendersBane","Strike_B+1","Strike_B","Strike_B+1","Defend_B","Defend_B","Defend_B","Defend_B","Zap+1","Dualcast+1","Fusion","Chaos+1","Conserve Battery","Compile Driver","Recycle+1"],"relics":["Cracked Core","Singing Bowl","Whetstone","Happy Flower"],"acts_visited":["Exordium"],"potions_floor_usage":[16],"damage_taken":[{"damage":10.0,"enemies":"Small Slimes","floor":1.0,"turns":5.0},{"damage":4.0,"enemies":"Cultist","floor":2.0,"turns":3.0},{"damage":6.0,"enemies":"2 Louse","floor":5.0,"turns":3.0},{"damage":12.0,"enemies":"2 Fungi Beasts","floor":7.0,"turns":3.0},{"damage":0.0,"enemies":"Lots of Slimes","floor":8.0,"turns":2.0},{"damage":9.0,"enemies":"Lagavulin","floor":11.0,"turns":7.0},{"damage":5.0,"enemies":"Exordium Wildlife","floor":12.0,"turns":4.0},{"damage":8,"enemies":"3 Louse","floor":14,"turns":4},{"damage":14,"enemies":"Hexaghost","floor":16,"turns":9}],"seed_played":"-6605858752755327644","potions_obtained":[{"floor":5.0,"key":"ColorlessPotion"},{"floor":7.0,"key":"Explosive Potion"},{"floor":12.0,"key":"DuplicationPotion"},{"floor":14,"key":"LiquidMemories"}],"is_trial":false,"path_per_floor":["M","M","?","$","M","R","M","M","T","R","E","M","R","M","R","B"],"character_chosen":"DEFECT","items_purchased":["Fusion"],"campfire_rested":0,"item_purchase_floors":[4],"current_hp_per_floor":[54,50,50,50,44,44,32,32,32,32,23,20,20,14,14,0,0],"gold":200,"neow_bonus":"REMOVE_CARD","is_daily":false,"chose_seed":false,"campfire_upgraded":4,"win_rate":0.0,"timestamp":1609882535,"path_taken":["M","M","?","$","M","R","M","?","T","R","E","M","R","M","R","BOSS"],"items_purchased_type":["Card"],"build_version":"2020-12-22","purchased_purges":0,"victory":false,"max_hp_per_floor":[71,71,71,71,71,71,71,71,71,71,71,73,73,75,75,75,75],"card_choices":[{"not_picked":["Steam","Streamline"],"picked":"Go for the Eyes","floor":1.0},{"not_picked":["Leap","Doom and Gloom","Redo"],"picked":"SKIP","floor":2.0},{"not_picked":["Ball Lightning","Coolheaded"],"picked":"Chaos","floor":5.0},{"not_picked":["Stack","Undo"],"picked":"Conserve Battery","floor":7.0},{"not_picked":["Stack","Hologram"],"picked":"Compile Driver","floor":8.0},{"not_picked":["Scrape","Force Field"],"picked":"Recycle","floor":11.0},{"not_picked":["Leap","Ball Lightning","White Noise"],"picked":"Singing Bowl","floor":12.0},{"not_picked":["Redo","All For One","White Noise"],"picked":"Singing Bowl","floor":14}],"player_experience":1035112,"relics_obtained":[{"floor":9.0,"key":"Whetstone"},{"floor":11.0,"key":"Happy Flower"}],"event_choices":[{"cards_removed":["Go for the Eyes"],"damage_healed":0.0,"max_hp_gain":0.0,"max_hp_loss":0.0,"gold_gain":0.0,"event_name":"WeMeetAgain","player_choice":"Gave Card","floor":3.0,"gold_loss":0.0,"damage_taken":0.0,"relics_obtained":["Singing Bowl"]}],"is_beta":false,"boss_relics":[],"items_purged_floors":[],"is_endless":false,"potions_floor_spawned":[5,7,12,14],"killed_by":"Hexaghost","ascension_level":19}}