{"host":"r0e4s450fexxrjel","time":1609866372,"event":{"mods":["AchievementEnabler","Act Like it!","AlwaysNeverKeys","BaseMod","Better Third Choice","Challenge The Spire","Colored Map","Conspire","Dota2Spire","Downfall","Energized Spire","Evolution","Friendly Minions","GifTheSpireLib","Gold Saver","Gremlin Mod","Hallownest","Hubris","Infinite Spire","Minty Spire (QoL Compilation)","Pale of the Ancients","RRrroohrrRGHHhhh!!","Random Character Button","RatMod","Replay The Spire","Shop Mod","Spikes Relics","StSLib","Stuff the Spire","The Dragon Tamer","The Factory","The Jungle","Waifu the Spire","??????REMEMod"],"gold_per_floor":[624,307,397,432,461,461,138,64,167,202,266,266,37,37,119,253,340,471],"floor_reached":19,"playtime":743,"items_purged":["sneckomod:Unknown3Cost"],"score":370,"play_id":"bfda3bc5-1a42-42bd-a23d-1d564495dd4a","local_time":"20210105180612","daily_mods":["challengethespire:Bronze Difficulty","challengethespire:Modded Elite Rush","Uncertain Future"],"is_ascension_mode":false,"campfire_choices":[{"floor":14,"key":"REST"}],"circlet_count":0,"master_deck":["Strike_G","Strike_G","Strike_G","Strike_G","Strike_G","Defend_G","Defend_G","Defend_G","Defend_G+1","Defend_G","Survivor","Neutralize","REME_PuzzleBox","StuffTheSpire:Shiver","REME_GreenPollution","StuffTheSpire:Shiver+1","ReplayTheSpireMod:Brewmster","ReplayTheSpireMod:Scrap Shanks","rorgmod:Accuracy","StuffTheSpire:Fury","After Image","Noxious Fumes","ReplayTheSpireMod:Scrap Shanks","Tactician","REME_ShadowForm","StuffTheSpire:Injection"],"relics":["Ring of the Snake","Black Star","Sling","PreservedInsect","EVO:Axolotl","REME_ComplimentaryCards","Ninja Scroll","Toy Ornithopter","Dota2Spire:HandOfMidas","Dota2Spire:BattleFury","Chameleon Ring","Bag of Marbles","Dota2Spire:MaskOfMadness","Dota2Spire:UrnOfShadows","HoveringKite","War Paint","SuspiciousGoo","Mercury Hourglass","Pen Nib","Regal Pillow","Dota2Spire:ArcaneBoots","hubris:VirtuousBlindfold","Replay:Bandana","Replay:Multitool","REME_HandOfSuture","infinitespire:BottledMercury","REME_HourglassOfDeath","Dota2Spire:OrchidMalevolence","infinitespire:CheckeredPen","Dota2Spire:EtherealBlade","infinitespire:WardingShard"],"acts_visited":["Exordium"],"potions_floor_usage":[9,10,10,16,16,18],"damage_taken":[{"damage":8,"enemies":"3 Sentries","floor":3,"turns":7},{"damage":10,"enemies":"Replay:BlueRogue","floor":4,"turns":3},{"damage":0,"enemies":"Gremlin Nob","floor":5,"turns":1},{"damage":13,"enemies":"conspire:SneckoGhost","floor":9,"turns":5},{"damage":0,"enemies":"conspire:Head Lice","floor":10,"turns":2},{"damage":19,"enemies":"REME_1_Revenger","floor":11,"turns":3},{"damage":22,"enemies":"Nemesis","floor":15,"turns":4},{"damage":1,"enemies":"Giant Head","floor":16,"turns":4},{"damage":0,"enemies":"Reptomancer","floor":17,"turns":3},{"damage":12,"enemies":"Shield and Spear","floor":18,"turns":4}],"seed_played":"7090385431158721375","potions_obtained":[{"floor":4,"key":"Reflective Coating"},{"floor":5,"key":"Explosive Potion"},{"floor":15,"key":"FearPotion"},{"floor":17,"key":"Explosive Potion"}],"is_trial":true,"path_per_floor":["$","$","E","E","E","T","$","$","E","E","E","T","$","R","E","E","E","E",null],"character_chosen":"THE_SILENT","items_purchased":["Ninja Scroll","Toy Ornithopter","Dota2Spire:HandOfMidas","REME_PuzzleBox","ReplayTheSpireMod:Brewmster","War Paint","ReplayTheSpireMod:Scrap Shanks","Noxious Fumes","Replay:Bandana"],"campfire_rested":1,"item_purchase_floors":[1,1,2,2,7,7,8,13,13],"current_hp_per_floor":[70,70,62,52,52,52,52,52,47,57,38,38,38,70,48,58,58,51],"gold":471,"neow_bonus":"","is_daily":false,"chose_seed":false,"campfire_upgraded":0,"win_rate":0.0,"timestamp":1609866372,"path_taken":["$","$","E","E","E","T","$","$","E","E","E","T","$","R","E","E","E","E"],"items_purchased_type":["Relic","Relic","Relic","Card","Card","Relic","Card","Card","Relic"],"build_version":"2020-12-22","purchased_purges":1,"victory":true,"max_hp_per_floor":[70,70,70,70,70,70,70,70,70,70,70,70,70,70,70,71,71,71],"card_choices":[],"player_experience":51555,"relics_obtained":[{"floor":3,"key":"Dota2Spire:BattleFury"},{"floor":3,"key":"Chameleon Ring"},{"floor":4,"key":"Bag of Marbles"},{"floor":5,"key":"Dota2Spire:MaskOfMadness"},{"floor":5,"key":"Dota2Spire:UrnOfShadows"},{"floor":9,"key":"SuspiciousGoo"},{"floor":9,"key":"Mercury Hourglass"},{"floor":10,"key":"Pen Nib"},{"floor":11,"key":"Regal Pillow"},{"floor":11,"key":"Dota2Spire:ArcaneBoots"},{"floor":15,"key":"Replay:Multitool"},{"floor":15,"key":"REME_HandOfSuture"},{"floor":16,"key":"infinitespire:BottledMercury"},{"floor":16,"key":"REME_HourglassOfDeath"},{"floor":17,"key":"Dota2Spire:OrchidMalevolence"},{"floor":17,"key":"infinitespire:CheckeredPen"},{"floor":18,"key":"Dota2Spire:EtherealBlade"},{"floor":18,"key":"infinitespire:WardingShard"}],"event_choices":[],"is_beta":false,"boss_relics":[{"not_picked":["energizedSpire:EnergizedDie","hubris:ScarierMask"],"picked":"HoveringKite"},{"not_picked":["energizedSpire:MagnifyingGlass","Snecko Heart"],"picked":"hubris:VirtuousBlindfold"}],"items_purged_floors":[1],"is_endless":false,"potions_floor_spawned":[4,5,15,17],"ascension_level":0}}