{"host":"1bmpebsu0h6jmm2g","time":1609831381,"event":{"mods":["BaseMod","Colored Map","DeckTracker","Highlight Path","Keyboard Shortcuts","Minty Spire (QoL Compilation)","Permanent Neow","Quick Restart","Relic Stats","Slay the Relics Exporter","StSLib","SuperFastMode"],"gold_per_floor":[115,115,40,5,15,15,44,44,44,44,58,73,73,101,101,179,179,189,208,208,208,208,208,236,252,252,322,322,322,322,322],"floor_reached":30,"playtime":507,"items_purged":["Defend_G"],"score":508,"play_id":"156eb85f-6a91-4b63-a9a8-521a3a14e200","local_time":"20210105162301","is_ascension_mode":true,"campfire_choices":[{"data":"Bouncing Flask","floor":6.0,"key":"SMITH"},{"data":"Neutralize","floor":8.0,"key":"SMITH"},{"floor":10.0,"key":"REST"},{"data":"Crippling Poison","floor":15.0,"key":"SMITH"},{"floor":23,"key":"REST"},{"floor":28,"key":"REST"}],"circlet_count":0,"master_deck":["AscendersBane","Strike_G","Strike_G","Strike_G","Defend_G","Defend_G","Defend_G","Defend_G","Survivor","Neutralize+1","Glass Knife","Dagger Spray","Bouncing Flask+1","Crippling Poison+1","Adrenaline","Deadly Poison+1","PiercingWail+1","Tactician+1"],"relics":["Ring of the Snake","Lizard Tail","Art of War","Tiny Chest","SacredBark","Nilry\u0027s Codex","Ornamental Fan","Frozen Egg 2","Bottled Flame"],"acts_visited":["Exordium","TheCity"],"potions_floor_usage":[24,24,25],"damage_taken":[{"damage":1.0,"enemies":"Cultist","floor":1.0,"turns":4.0},{"damage":9.0,"enemies":"Jaw Worm","floor":5.0,"turns":3.0},{"damage":25.0,"enemies":"Gremlin Nob","floor":7.0,"turns":4.0},{"damage":0.0,"enemies":"2 Louse","floor":11.0,"turns":2.0},{"damage":17.0,"enemies":"Exordium Thugs","floor":12.0,"turns":4.0},{"damage":31.0,"enemies":"3 Sentries","floor":14.0,"turns":6.0},{"damage":9.0,"enemies":"The Guardian","floor":16.0,"turns":8.0},{"damage":14.0,"enemies":"2 Thieves","floor":18.0,"turns":4.0},{"damage":4.0,"enemies":"3 Byrds","floor":19.0,"turns":4.0},{"damage":52,"enemies":"Slavers","floor":24,"turns":9},{"damage":0,"enemies":"Snake Plant","floor":25,"turns":3},{"damage":49,"enemies":"Shelled Parasite and Fungi","floor":30,"turns":4}],"seed_played":"2576391318961379136","potions_obtained":[{"floor":11.0,"key":"Regen Potion"},{"floor":14.0,"key":"CunningPotion"},{"floor":16.0,"key":"Swift Potion"},{"floor":19.0,"key":"BlessingOfTheForge"},{"floor":24,"key":"Block Potion"}],"is_trial":false,"path_per_floor":["M","?","$","?","M","R","E","R","T","R","M","M","?","E","R","B",null,"M","M","?","?","?","R","E","M","T","T","R","?","M"],"character_chosen":"THE_SILENT","items_purchased":[],"campfire_rested":3,"item_purchase_floors":[],"current_hp_per_floor":[43,36,36,52,43,43,18,18,18,37,37,20,66,35,35,41,60,46,42,21,21,3,24,12,12,12,12,33,33,0,0],"gold":322,"neow_bonus":"THREE_RARE_CARDS","is_daily":false,"chose_seed":false,"campfire_upgraded":3,"win_rate":0.0,"timestamp":1609831381,"path_taken":["M","?","$","?","M","R","E","R","T","R","M","M","?","E","R","BOSS","M","M","?","?","?","R","E","M","T","?","R","?","M"],"items_purchased_type":[],"build_version":"2020-12-22","purchased_purges":1,"victory":false,"max_hp_per_floor":[66,66,66,66,66,66,66,66,66,66,66,66,66,66,66,66,66,66,66,66,66,71,71,71,71,71,71,71,71,71,71],"relic_stats":{"Lizard Tail":35,"counters":[12,55],"Ornamental Fan":[0],"Tiny Chest":1,"Art of War":[5],"obtain_stats":[{"Lizard Tail":7,"Bottled Flame":27,"Nilry\u0027s Codex":20,"Ornamental Fan":24,"SacredBark":17,"Tiny Chest":14,"Art of War":9,"Frozen Egg 2":26,"Ring of the Snake":0},{"Lizard Tail":3,"Bottled Flame":11,"Nilry\u0027s Codex":9,"Ornamental Fan":10,"SacredBark":7,"Tiny Chest":6,"Art of War":3,"Frozen Egg 2":11,"Ring of the Snake":0},{"Lizard Tail":11,"Bottled Flame":51,"Nilry\u0027s Codex":39,"Ornamental Fan":48,"SacredBark":31,"Tiny Chest":23,"Art of War":11,"Frozen Egg 2":51,"Ring of the Snake":0}],"Ring of the Snake":[24]},"card_choices":[{"not_picked":["Bullet Time","Night Terror"],"picked":"Glass Knife","floor":0.0},{"not_picked":["Deadly Poison","Backflip"],"picked":"Dagger Spray","floor":1.0},{"not_picked":["Underhanded Strike","Quick Slash"],"picked":"Bouncing Flask","floor":5.0},{"not_picked":["Tactician","Poisoned Stab","Flying Knee"],"picked":"SKIP","floor":7.0},{"not_picked":["Terror","Backflip"],"picked":"Crippling Poison","floor":11.0},{"not_picked":["Bane","Crippling Poison","Deadly Poison"],"picked":"SKIP","floor":12.0},{"not_picked":["Grand Finale","Prepared","Outmaneuver"],"picked":"SKIP","floor":14.0},{"not_picked":["Wraith Form v2","Storm of Steel"],"picked":"Adrenaline","floor":16.0},{"not_picked":["Dodge and Roll","All Out Attack"],"picked":"Deadly Poison+1","floor":18.0},{"not_picked":["Underhanded Strike","Sucker Punch+1"],"picked":"PiercingWail+1","floor":19.0},{"not_picked":["A Thousand Cuts","Deadly Poison+1","Flechettes"],"picked":"SKIP","floor":24},{"not_picked":["Prepared","Distraction"],"picked":"Tactician+1","floor":25}],"player_experience":481698,"relics_obtained":[{"floor":7.0,"key":"Lizard Tail"},{"floor":9.0,"key":"Art of War"},{"floor":14.0,"key":"Tiny Chest"},{"floor":20.0,"key":"Nilry\u0027s Codex"},{"floor":24,"key":"Ornamental Fan"},{"floor":26,"key":"Frozen Egg 2"},{"floor":27,"key":"Bottled Flame"}],"event_choices":[{"cards_removed":["Strike_G"],"damage_healed":0.0,"max_hp_gain":0.0,"max_hp_loss":0.0,"gold_gain":0.0,"event_name":"Golden Wing","player_choice":"Card Removal","floor":2.0,"gold_loss":0.0,"damage_taken":7.0},{"damage_healed":16.0,"max_hp_gain":0.0,"max_hp_loss":0.0,"gold_gain":0.0,"event_name":"The Cleric","player_choice":"Healed","floor":4.0,"gold_loss":35.0,"damage_taken":0.0},{"damage_healed":46.0,"max_hp_gain":0.0,"max_hp_loss":0.0,"gold_gain":0.0,"event_name":"Wheel of Change","player_choice":"Full Heal","floor":13.0,"gold_loss":0.0,"damage_taken":0.0},{"damage_healed":0.0,"max_hp_gain":0.0,"max_hp_loss":0.0,"gold_gain":0.0,"event_name":"Cursed Tome","player_choice":"Obtained Book","floor":20.0,"gold_loss":0.0,"damage_taken":21.0},{"damage_healed":0.0,"max_hp_gain":0.0,"max_hp_loss":0.0,"gold_gain":0.0,"event_name":"Ghosts","player_choice":"Ignored","floor":21.0,"gold_loss":0.0,"damage_taken":0.0},{"damage_healed":0.0,"max_hp_gain":5.0,"max_hp_loss":0.0,"gold_gain":0.0,"event_name":"Forgotten Altar","player_choice":"Shed Blood","floor":22.0,"gold_loss":0.0,"damage_taken":23.0},{"cards_removed":["Strike_G"],"damage_healed":0,"gold_gain":0,"player_choice":"Card Removal","damage_taken":0,"max_hp_gain":0,"max_hp_loss":0,"event_name":"Wheel of Change","floor":29,"gold_loss":0}],"is_beta":false,"boss_relics":[{"not_picked":["Coffee Dripper","HoveringKite"],"picked":"SacredBark"}],"items_purged_floors":[3],"is_endless":false,"potions_floor_spawned":[11,14,16,19,24],"killed_by":"Shelled Parasite and Fungi","ascension_level":20}}