{"host":"tnhjz9cb8p0320p2","time":1609806881,"event":{"mods":["BaseMod","Better Third Choice","Downfall","Hermit","Marisa????????","Minty Spire (QoL Compilation)","Relic Stats","Replay The Spire","Shade Mod","StSLib","The Construct","The Cursed","The Jungle","The Runesmith"],"gold_per_floor":[117,37,55,55,67,93,49,49,49],"floor_reached":8,"playtime":269,"items_purged":[],"score":162,"play_id":"fae961b1-15fa-47d9-a3ec-529b54c9d538","local_time":"20210104183441","is_ascension_mode":true,"campfire_choices":[],"circlet_count":0,"master_deck":["AscendersBane","Strike_G","Strike_G","Strike_G","Strike_G","Defend_G","Defend_G","Defend_G","Defend_G","Defend_G","Survivor","Neutralize","Replay:Poison Smokescreen","Infinite Blades","Skewer","Well Laid Plans","Blade Dance","Fluid Movement"],"relics":["Ring of the Snake","NeowsBlessing","Ancient Tea Set"],"acts_visited":["Exordium"],"potions_floor_usage":[6],"damage_taken":[{"damage":0,"enemies":"2 Louse","floor":1,"turns":1},{"damage":0,"enemies":"Cultist","floor":3,"turns":1},{"damage":0,"enemies":"Jaw Worm","floor":5,"turns":1},{"damage":12,"enemies":"Gremlin Nob","floor":6,"turns":2},{"damage":53,"enemies":"3 Sentries","floor":8,"turns":10}],"seed_played":"-5667404853523780030","potions_obtained":[{"floor":1,"key":"Death Potion"},{"floor":3,"key":"Doom Potion"}],"is_trial":false,"path_per_floor":["M","$","M","?","M","E","$","E"],"character_chosen":"THE_SILENT","items_purchased":["Infinite Blades","Fluid Movement"],"campfire_rested":0,"item_purchase_floors":[2,7],"current_hp_per_floor":[59,59,59,59,59,47,47,0,0],"gold":49,"neow_bonus":"THREE_ENEMY_KILL","is_daily":false,"chose_seed":false,"campfire_upgraded":0,"win_rate":0.0,"timestamp":1609806881,"path_taken":["M","$","M","?","?","E","$","E"],"items_purchased_type":["Card","Card"],"build_version":"2020-12-22","purchased_purges":0,"victory":false,"max_hp_per_floor":[66,66,66,66,66,66,66,66,66],"relic_stats":{"counters":[5,15],"obtain_stats":[{"NeowsBlessing":0,"Ancient Tea Set":6,"Ring of the Snake":0},{"NeowsBlessing":0,"Ancient Tea Set":4,"Ring of the Snake":0},{"NeowsBlessing":0,"Ancient Tea Set":5,"Ring of the Snake":0}],"Ring of the Snake":[10]},"card_choices":[{"not_picked":["Prepared","Flechettes"],"picked":"Replay:Poison Smokescreen","floor":1},{"not_picked":["Dodge and Roll","Blur"],"picked":"Skewer","floor":3},{"not_picked":["Dagger Spray","Toxin Wave"],"picked":"Well Laid Plans","floor":5},{"not_picked":["Dagger Throw","Setup"],"picked":"Blade Dance","floor":6}],"player_experience":2077026,"relics_obtained":[{"floor":6,"key":"Ancient Tea Set"}],"event_choices":[{"cards_removed":["Strike_G"],"damage_healed":0,"gold_gain":0,"player_choice":"Offered Basic","damage_taken":0,"max_hp_gain":0,"max_hp_loss":0,"event_name":"Bonfire Elementals","floor":4,"gold_loss":0}],"is_beta":false,"boss_relics":[],"items_purged_floors":[],"is_endless":false,"potions_floor_spawned":[1,3],"killed_by":"3 Sentries","ascension_level":20}}