{"host":"u7lm8z2rvb4dg2oo","time":1609818309,"event":{"mods":["AchievementEnabler","BaseMod","Colored Map","Colored Powertips","Curses Come First","Googly Eyes","Highlight Path","Minty Spire (QoL Compilation)","Quick Restart","StSLib"],"gold_per_floor":[210,210,226,6,0,0,44,44,67,67,88,106,106,134,134,134,134],"floor_reached":16,"playtime":436,"items_purged":[],"score":132,"play_id":"3c0aa715-703e-4546-8ad3-bed2332ab844","local_time":"20210104224509","is_ascension_mode":true,"campfire_choices":[{"floor":6.0,"key":"REST"},{"floor":8.0,"key":"REST"},{"floor":10.0,"key":"REST"},{"data":"ConjureBlade","floor":13.0,"key":"SMITH"},{"data":"Eruption","floor":15.0,"key":"SMITH"}],"circlet_count":0,"master_deck":["Strike_P","Strike_P","Strike_P","Strike_P","Defend_P","Defend_P","Defend_P","Defend_P","Eruption+1","Vigilance","Wireheading","Tantrum","Ragnarok","Shame","ConjureBlade+1","Protect"],"relics":["PureWater","Golden Idol","Bag of Marbles","CeramicFish","Pen Nib"],"acts_visited":["Exordium"],"potions_floor_usage":[16],"damage_taken":[{"damage":33.0,"enemies":"Small Slimes","floor":1.0,"turns":5.0},{"damage":0.0,"enemies":"Jaw Worm","floor":3.0,"turns":3.0},{"damage":32.0,"enemies":"Lagavulin","floor":7.0,"turns":4.0},{"damage":0.0,"enemies":"Cultist","floor":11.0,"turns":2.0},{"damage":0.0,"enemies":"3 Louse","floor":14.0,"turns":1.0},{"damage":54,"enemies":"Hexaghost","floor":16,"turns":9}],"seed_played":"3971976964776620941","potions_obtained":[{"floor":3.0,"key":"BlessingOfTheForge"},{"floor":7.0,"key":"SpeedPotion"},{"floor":11.0,"key":"Explosive Potion"}],"is_trial":false,"path_per_floor":["M","?","M","$","?","R","E","R","T","R","M","?","R","M","R","B"],"character_chosen":"WATCHER","items_purchased":["Bag of Marbles","Tantrum"],"campfire_rested":3,"item_purchase_floors":[4,4],"current_hp_per_floor":[32,14,14,14,14,35,3,24,24,45,45,45,45,45,45,0,0],"gold":134,"neow_bonus":"HUNDRED_GOLD","is_daily":false,"chose_seed":false,"campfire_upgraded":2,"win_rate":0.0,"timestamp":1609818309,"path_taken":["M","?","M","$","?","R","E","R","T","R","M","?","R","?","R","BOSS"],"items_purchased_type":["Relic","Card"],"build_version":"2020-12-22","purchased_purges":0,"victory":false,"max_hp_per_floor":[72,72,72,72,72,72,72,72,72,72,72,72,72,72,72,72,72],"card_choices":[{"not_picked":["BowlingBash","ReachHeaven"],"picked":"Wireheading","floor":1.0},{"not_picked":["Worship","EmptyBody","Consecrate"],"picked":"SKIP","floor":3.0},{"not_picked":["ConjureBlade","ForeignInfluence"],"picked":"Ragnarok","floor":7.0},{"not_picked":["FlurryOfBlows","SashWhip","ClearTheMind"],"picked":"SKIP","floor":11.0},{"not_picked":["Prostrate","Evaluate"],"picked":"Protect","floor":14.0}],"player_experience":1070161,"relics_obtained":[{"floor":7.0,"key":"CeramicFish"},{"floor":9.0,"key":"Pen Nib"}],"event_choices":[{"damage_healed":0.0,"max_hp_gain":0.0,"max_hp_loss":0.0,"gold_gain":0.0,"event_name":"Golden Idol","player_choice":"Take Damage","floor":2.0,"gold_loss":0.0,"damage_taken":18.0,"relics_obtained":["Golden Idol"]},{"damage_healed":0.0,"max_hp_gain":0.0,"max_hp_loss":0.0,"gold_gain":0.0,"event_name":"World of Goop","player_choice":"Left Gold","floor":5.0,"gold_loss":6.0,"damage_taken":0.0},{"damage_healed":0.0,"max_hp_gain":0.0,"max_hp_loss":0.0,"gold_gain":0.0,"event_name":"Match and Keep!","player_choice":"2 cards matched","floor":12.0,"gold_loss":0.0,"damage_taken":0.0,"cards_obtained":["Shame","ConjureBlade"]}],"is_beta":false,"boss_relics":[],"items_purged_floors":[],"is_endless":false,"potions_floor_spawned":[3,7,11],"killed_by":"Hexaghost","ascension_level":7}}