{"host":"ig7tc0uedzltt2sr","time":1609831853,"event":{"mods":["BaseMod","Better Twitch Integration","Block Reminder","Colored Map","Colored Powertips","Communication Mod","Current Relic Mod","GifTheSpireLib","HexUI Lib","Minty Spire (QoL Compilation)","Quick Restart","Random Character Button","Rare Cards Sparkle","Relic Sorter","Relic Stats","Slay the Relics Exporter","StSLib","SuperFastMode","Synergy Search","Twitch Decklist","Twitch Utils","everything is the same but u backflip on backflip","slay the spire mod where everything is the same but ironclad has a cowboy hat"],"gold_per_floor":[117,292,292,307,307,317,317,334,334,349,225,225,240,252,252,252,252],"floor_reached":16,"playtime":137,"items_purged":[],"score":94,"play_id":"5d5153aa-c245-42a6-811e-5bda79294203","local_time":"20210104233053","is_ascension_mode":false,"campfire_choices":[{"data":"Bash","floor":7,"key":"SMITH"},{"floor":15,"key":"REST"}],"circlet_count":0,"master_deck":["Strike_R+1","Strike_R","Strike_R","Strike_R","Strike_R","Defend_R+1","Defend_R","Defend_R","Defend_R","Bash+1","Clash","Doubt","Inflame","Armaments","Disarm","Pummel","Battle Trance","Deep Breath","Double Tap","Searing Blow"],"relics":["Burning Blood","Meat on the Bone"],"acts_visited":["Exordium"],"potions_floor_usage":[],"damage_taken":[{"damage":7,"enemies":"Small Slimes","floor":1,"turns":10},{"damage":0,"enemies":"2 Louse","floor":4,"turns":3},{"damage":0,"enemies":"Cultist","floor":6,"turns":4},{"damage":53,"enemies":"Exordium Thugs","floor":8,"turns":9},{"damage":2,"enemies":"Blue Slaver","floor":10,"turns":4},{"damage":38,"enemies":"Gremlin Gang","floor":13,"turns":8},{"damage":18,"enemies":"Large Slime","floor":14,"turns":8},{"damage":66,"enemies":"Hexaghost","floor":16,"turns":14}],"seed_played":"-8642271867949709462","potions_obtained":[{"floor":8,"key":"Fire Potion"},{"floor":10,"key":"SkillPotion"},{"floor":14,"key":"Strength Potion"}],"is_trial":false,"path_per_floor":["M","?","?","M","?","M","R","M","T","M","$","$","M","M","R","B"],"character_chosen":"IRONCLAD","items_purchased":["Battle Trance","Deep Breath"],"campfire_rested":1,"item_purchase_floors":[11,11],"current_hp_per_floor":[87,87,87,88,88,88,88,41,41,57,57,57,37,37,63,0,0],"gold":252,"neow_bonus":"TEN_PERCENT_HP_BONUS","is_daily":false,"chose_seed":false,"campfire_upgraded":1,"win_rate":0.0,"timestamp":1609831853,"path_taken":["M","?","?","M","?","M","R","M","T","?","?","$","M","M","R","BOSS"],"items_purchased_type":["Card","Card"],"build_version":"2020-12-22","purchased_purges":0,"victory":false,"max_hp_per_floor":[88,88,88,88,88,88,88,88,88,88,88,88,88,88,88,88,88],"relic_stats":{"counters":[8,60],"obtain_stats":[{"Burning Blood":0,"Meat on the Bone":9},{"Burning Blood":0,"Meat on the Bone":4},{"Burning Blood":0,"Meat on the Bone":26}],"Burning Blood":31,"Meat on the Bone":36},"card_choices":[{"not_picked":["Thunderclap","Shrug It Off"],"picked":"Clash","floor":1},{"not_picked":["Havoc","Heavy Blade"],"picked":"Inflame","floor":4},{"not_picked":["True Grit","Bloodletting"],"picked":"Armaments","floor":6},{"not_picked":["Flex","Pommel Strike"],"picked":"Disarm","floor":8},{"not_picked":["Flex","Evolve"],"picked":"Pummel","floor":10},{"not_picked":["Iron Wave","True Grit"],"picked":"Double Tap","floor":13},{"not_picked":["Twin Strike","Power Through"],"picked":"Searing Blow","floor":14}],"player_experience":1431301,"relics_obtained":[{"floor":9,"key":"Meat on the Bone"}],"event_choices":[{"damage_healed":0,"gold_gain":175,"player_choice":"AGREE","damage_taken":0,"max_hp_gain":0,"max_hp_loss":0,"event_name":"Liars Game","floor":2,"gold_loss":0,"cards_obtained":["Doubt"]},{"damage_healed":0,"gold_gain":0,"player_choice":"Grow","damage_taken":0,"max_hp_gain":0,"max_hp_loss":0,"event_name":"Living Wall","floor":3,"gold_loss":0,"cards_upgraded":["Defend_R"]},{"damage_healed":0,"gold_gain":0,"player_choice":"Forge","damage_taken":0,"max_hp_gain":0,"max_hp_loss":0,"event_name":"Accursed Blacksmith","floor":5,"gold_loss":0,"cards_upgraded":["Strike_R"]}],"is_beta":false,"boss_relics":[],"items_purged_floors":[],"is_endless":false,"potions_floor_spawned":[8,10,14],"killed_by":"Hexaghost","ascension_level":0}}