{"host":"ig7tc0uedzltt2sr","time":1609826577,"event":{"mods":["BaseMod","Better Twitch Integration","Block Reminder","Colored Map","Colored Powertips","Communication Mod","Current Relic Mod","GifTheSpireLib","HexUI Lib","Minty Spire (QoL Compilation)","Quick Restart","Random Character Button","Rare Cards Sparkle","Relic Sorter","Relic Stats","Slay the Relics Exporter","StSLib","SuperFastMode","Synergy Search","Twitch Decklist","Twitch Utils","everything is the same but u backflip on backflip","slay the spire mod where everything is the same but ironclad has a cowboy hat"],"gold_per_floor":[119,119,138,138,154,154,154,154],"floor_reached":7,"playtime":53,"items_purged":[],"score":41,"play_id":"ec9b0781-ad6f-43aa-bca2-9e1be1645969","local_time":"20210104220257","is_ascension_mode":false,"campfire_choices":[{"data":"Strike_R","floor":6,"key":"SMITH"}],"circlet_count":0,"master_deck":["Strike_R+1","Strike_R","Strike_R","Strike_R","Strike_R","Defend_R","Defend_R","Defend_R","Defend_R","Shockwave","Pommel Strike","Pommel Strike","Fire Breathing"],"relics":["Burning Blood","GremlinMask"],"acts_visited":["Exordium"],"potions_floor_usage":[],"damage_taken":[{"damage":32,"enemies":"Cultist","floor":1,"turns":8},{"damage":3,"enemies":"2 Louse","floor":3,"turns":6},{"damage":6,"enemies":"Jaw Worm","floor":5,"turns":6},{"damage":77,"enemies":"Gremlin Nob","floor":7,"turns":5}],"seed_played":"-1485687188275393432","potions_obtained":[{"floor":5,"key":"GamblersBrew"}],"is_trial":false,"path_per_floor":["M","?","M","$","M","R","E"],"character_chosen":"IRONCLAD","items_purchased":[],"campfire_rested":0,"item_purchase_floors":[],"current_hp_per_floor":[54,54,57,57,57,57,0,0],"gold":154,"neow_bonus":"TRANSFORM_CARD","is_daily":false,"chose_seed":false,"campfire_upgraded":1,"win_rate":0.0,"timestamp":1609826577,"path_taken":["M","?","M","$","?","R","E"],"items_purchased_type":[],"build_version":"2020-12-22","purchased_purges":0,"victory":false,"max_hp_per_floor":[80,80,80,80,80,80,80,80],"relic_stats":{"counters":[4,25],"obtain_stats":[{"GremlinMask":2,"Burning Blood":0},{"GremlinMask":1,"Burning Blood":0},{"GremlinMask":8,"Burning Blood":0}],"Burning Blood":18},"card_choices":[{"not_picked":["Flex","Warcry"],"picked":"Pommel Strike","floor":1},{"not_picked":["True Grit","Bloodletting"],"picked":"Pommel Strike","floor":3},{"not_picked":["Perfected Strike","Warcry"],"picked":"Fire Breathing","floor":5}],"player_experience":1426977,"relics_obtained":[],"event_choices":[{"damage_healed":0,"gold_gain":0,"player_choice":"Trade","damage_taken":0,"relics_obtained":["GremlinMask"],"max_hp_gain":0,"max_hp_loss":0,"event_name":"FaceTrader","floor":2,"gold_loss":0}],"is_beta":false,"boss_relics":[],"items_purged_floors":[],"is_endless":false,"potions_floor_spawned":[5],"killed_by":"Gremlin Nob","ascension_level":0}}