{"host":"iur0b6ftjnod0mw6","time":1609844741,"event":{"mods":["BaseMod","Colored Map","Colored Powertips","Minty Spire (QoL Compilation)"],"gold_per_floor":[118,138,15,27,27,53,53,79,79,79,40,40,58,85,85,181,181,192,51,1,1,91,91,119,133,133,145,145,178,178,54,54,157,157,170,150,100,115,130,130,130,130,209,235,263,263,292,292,292,292],"floor_reached":51,"playtime":6132,"items_purged":["Underhanded Strike","Predator","Sucker Punch","Venomology"],"score":1218,"play_id":"2ad1eab0-450b-4e94-9d98-84a8f284b218","local_time":"20210105110541","is_ascension_mode":true,"campfire_choices":[{"data":"Neutralize","floor":7,"key":"SMITH"},{"floor":10,"key":"REST"},{"data":"Riddle With Holes","floor":15,"key":"SMITH"},{"data":"Bouncing Flask","floor":23,"key":"SMITH"},{"floor":28,"key":"REST"},{"floor":30,"key":"REST"},{"data":"Crippling Poison","floor":32,"key":"SMITH"},{"floor":40,"key":"REST"},{"data":"Catalyst","floor":42,"key":"SMITH"},{"floor":46,"key":"REST"},{"data":"PiercingWail","floor":49,"key":"SMITH"}],"circlet_count":0,"master_deck":["AscendersBane","Survivor","Neutralize+1","Riddle With Holes+1","Catalyst+1","Dash","Well Laid Plans","Cloak And Dagger","Footwork","Deadly Poison","Noxious Fumes","Deadly Poison","PiercingWail","Malaise","Noxious Fumes","Cloak And Dagger","Deadly Poison","Leg Sweep","PiercingWail+1","Bouncing Flask+1","Dagger Spray","Deadly Poison+1","PiercingWail","Blur+1","Adrenaline","Crippling Poison+1","Doppelganger","PiercingWail+1","Catalyst+1"],"relics":["Velvet Choker","Bag of Marbles","Sundial","Smiling Mask","Bottled Flame","Dream Catcher","Pandora\u0027s Box","HornCleat","Mercury Hourglass","Happy Flower","Philosopher\u0027s Stone","Shuriken","MealTicket","Orichalcum","Bag of Preparation"],"acts_visited":["Exordium","TheCity","TheBeyond"],"potions_floor_usage":[6,8,16,16,16,16,24,24,24,29,33,33,50,50],"damage_taken":[{"damage":0,"enemies":"Small Slimes","floor":1,"turns":4},{"damage":2,"enemies":"Cultist","floor":2,"turns":5},{"damage":2,"enemies":"Jaw Worm","floor":4,"turns":3},{"damage":4,"enemies":"3 Sentries","floor":6,"turns":6},{"damage":10,"enemies":"Lagavulin","floor":8,"turns":7},{"damage":0,"enemies":"Large Slime","floor":13,"turns":6},{"damage":14,"enemies":"Gremlin Nob","floor":14,"turns":4},{"damage":11,"enemies":"Slime Boss","floor":16,"turns":12},{"damage":0,"enemies":"Spheric Guardian","floor":18,"turns":4},{"damage":12,"enemies":"Gremlin Leader","floor":24,"turns":7},{"damage":4,"enemies":"3 Byrds","floor":25,"turns":5},{"damage":20,"enemies":"Shelled Parasite and Fungi","floor":27,"turns":4},{"damage":10,"enemies":"Slavers","floor":29,"turns":6},{"damage":38,"enemies":"Collector","floor":33,"turns":7},{"damage":8,"enemies":"3 Shapes","floor":35,"turns":4},{"damage":0,"enemies":"3 Darklings","floor":38,"turns":4},{"damage":12,"enemies":"Jaw Worm Horde","floor":39,"turns":5},{"damage":21,"enemies":"Reptomancer","floor":45,"turns":7},{"damage":25,"enemies":"Giant Head","floor":47,"turns":7},{"damage":37,"enemies":"Donu and Deca","floor":50,"turns":8}],"seed_played":"-3852951937309870806","potions_obtained":[{"floor":1,"key":"EntropicBrew"},{"floor":6,"key":"DistilledChaos"},{"floor":14,"key":"EssenceOfSteel"},{"floor":18,"key":"LiquidMemories"},{"floor":25,"key":"BlessingOfTheForge"},{"floor":33,"key":"LiquidBronze"},{"floor":36,"key":"DuplicationPotion"},{"floor":38,"key":"DuplicationPotion"}],"is_trial":false,"path_per_floor":["M","M","$","M","?","E","R","E","T","R","$","T","M","E","R","B",null,"M","$","$","?","?","R","E","M","T","M","R","E","R","$","R","B",null,"M","?","$","M","M","R","?","R","T","T","E","R","E","?","R","B",null],"character_chosen":"THE_SILENT","items_purchased":["Dash","Strength Potion","Noxious Fumes","Bouncing Flask","Dagger Spray","Crippling Poison"],"campfire_rested":5,"item_purchase_floors":[3,3,11,19,19,31],"current_hp_per_floor":[63,61,61,59,59,55,55,45,45,66,66,66,66,52,52,41,63,63,63,63,63,51,51,39,35,35,15,36,26,47,47,47,9,55,47,47,47,47,35,56,56,56,56,56,35,56,31,61,61,24],"gold":292,"neow_bonus":"BOSS_RELIC","is_daily":false,"chose_seed":false,"campfire_upgraded":6,"win_rate":0.0,"timestamp":1609844741,"path_taken":["M","M","$","M","?","E","R","E","T","R","$","?","M","E","R","BOSS","M","?","$","?","?","R","E","M","T","?","R","E","R","?","R","BOSS","M","?","$","?","M","R","?","R","T","?","E","R","E","?","R","BOSS"],"items_purchased_type":["Card","Potion","Card","Card","Card","Card"],"build_version":"2020-12-22","purchased_purges":4,"victory":true,"max_hp_per_floor":[70,70,70,70,70,70,70,70,70,70,70,70,70,70,70,70,70,70,70,70,70,70,70,70,70,70,70,70,70,70,70,70,70,70,70,70,70,70,70,70,70,70,70,70,70,70,70,61,61,61],"card_choices":[{"not_picked":["Acrobatics","Predator"],"picked":"Riddle With Holes","floor":1},{"not_picked":["Finisher","Cloak And Dagger"],"picked":"Catalyst","floor":2},{"not_picked":["Cloak And Dagger","Dodge and Roll"],"picked":"Well Laid Plans","floor":4},{"not_picked":["Cloak And Dagger","Reflex"],"picked":"Footwork","floor":6},{"not_picked":["Deflect","Cloak And Dagger"],"picked":"Deadly Poison","floor":8},{"not_picked":["Distraction","Cloak And Dagger"],"picked":"Deadly Poison","floor":13},{"not_picked":["Deadly Poison","Dagger Throw"],"picked":"PiercingWail","floor":14},{"not_picked":["Night Terror","Grand Finale"],"picked":"Malaise","floor":16},{"not_picked":["Bane","Distraction"],"picked":"PiercingWail","floor":18},{"not_picked":["Choke","All Out Attack"],"picked":"Deadly Poison+1","floor":24},{"not_picked":["Catalyst","Sucker Punch"],"picked":"PiercingWail","floor":25},{"not_picked":["Cloak And Dagger+1","Blade Dance+1","Infinite Blades"],"picked":"SKIP","floor":27},{"not_picked":["Doppelganger","Flechettes+1"],"picked":"Blur+1","floor":28},{"not_picked":["Flying Knee","Backflip"],"picked":"Adrenaline","floor":29},{"not_picked":["Phantasmal Killer","Storm of Steel"],"picked":"Doppelganger","floor":33},{"not_picked":["Prepared+1","Acrobatics+1","Heel Hook"],"picked":"SKIP","floor":35},{"not_picked":["Acrobatics","Prepared","All Out Attack"],"picked":"SKIP","floor":38},{"not_picked":["Well Laid Plans+1","Deadly Poison"],"picked":"PiercingWail+1","floor":39},{"not_picked":["Deadly Poison+1","Sucker Punch"],"picked":"Catalyst+1","floor":40},{"not_picked":["Venomology","Terror","Glass Knife"],"picked":"SKIP","floor":45},{"not_picked":["Underhanded Strike","Reflex+1","Quick Slash+1"],"picked":"SKIP","floor":47}],"player_experience":305302,"relics_obtained":[{"floor":6,"key":"Bag of Marbles"},{"floor":8,"key":"Sundial"},{"floor":9,"key":"Smiling Mask"},{"floor":12,"key":"Bottled Flame"},{"floor":14,"key":"Dream Catcher"},{"floor":24,"key":"HornCleat"},{"floor":26,"key":"Mercury Hourglass"},{"floor":29,"key":"Happy Flower"},{"floor":43,"key":"Shuriken"},{"floor":44,"key":"MealTicket"},{"floor":45,"key":"Orichalcum"},{"floor":47,"key":"Bag of Preparation"}],"event_choices":[{"damage_healed":0,"gold_gain":0,"cards_transformed":["Defend_G"],"player_choice":"Transformed","damage_taken":0,"max_hp_gain":0,"max_hp_loss":0,"event_name":"Transmorgrifier","floor":5,"gold_loss":0,"cards_obtained":["Cloak And Dagger"]},{"damage_healed":0,"gold_gain":0,"player_choice":"Ignored","damage_taken":0,"max_hp_gain":0,"max_hp_loss":0,"event_name":"Vampires","floor":21,"gold_loss":0},{"damage_healed":0,"gold_gain":90,"player_choice":"GOLD ","damage_taken":12,"max_hp_gain":0,"max_hp_loss":0,"event_name":"Knowing Skull","floor":22,"potions_obtained":[],"gold_loss":0,"cards_obtained":[]},{"damage_healed":0,"gold_gain":0,"player_choice":"Bought 1 Potion","damage_taken":0,"max_hp_gain":0,"max_hp_loss":0,"event_name":"The Woman in Blue","floor":36,"gold_loss":0},{"cards_removed":["Accuracy"],"damage_healed":0,"gold_gain":0,"player_choice":"Removed Power","damage_taken":0,"max_hp_gain":0,"max_hp_loss":0,"event_name":"Falling","floor":41,"gold_loss":0},{"damage_healed":61,"gold_gain":0,"player_choice":"Heal","damage_taken":0,"max_hp_gain":0,"max_hp_loss":9,"event_name":"The Moai Head","floor":48,"gold_loss":0}],"is_beta":false,"boss_relics":[{"not_picked":["Calling Bell","HoveringKite"],"picked":"Pandora\u0027s Box"},{"not_picked":["Runic Dome","Coffee Dripper"],"picked":"Philosopher\u0027s Stone"}],"items_purged_floors":[19,20,31,37],"is_endless":false,"potions_floor_spawned":[1,6,14,18,25,33,38],"ascension_level":12}}