{"host":"qfskrnw3pl1q86j0","time":1609857885,"event":{"mods":["BaseMod","Block Reminder","Hermit","Marisa????????","Minty Spire (QoL Compilation)","Quick Restart","Random Character Button","Relic Stats","StSLib","The Poker Player","slay the spire mod where everything is the same but ironclad has a cowboy hat"],"gold_per_floor":[110,110,122,45,120,120,130,130,130,80,11,36,36,49,49,152,152,170,21,41,41,61,61,61,78,160,171,171,171,171,189,189,286,286,302,314,114,0,19,19,50,50,97,112,11,11,23,36,36,36,36],"floor_reached":50,"playtime":1492,"items_purged":[],"score":472,"play_id":"a7d9f653-c1ce-432c-9626-a0fadb90843c","local_time":"20210105154445","is_ascension_mode":false,"campfire_choices":[{"data":"Neutralize","floor":6,"key":"SMITH"},{"data":"Noxious Fumes","floor":8,"key":"SMITH"},{"data":"Noxious Fumes","floor":13,"key":"SMITH"},{"data":"Poisoned Stab","floor":15,"key":"SMITH"},{"data":"Poisoned Stab","floor":23,"key":"SMITH"},{"data":"PiercingWail","floor":28,"key":"SMITH"},{"data":"Survivor","floor":30,"key":"SMITH"},{"data":"Escape Plan","floor":32,"key":"SMITH"},{"data":"Footwork","floor":40,"key":"SMITH"},{"data":"Dash","floor":42,"key":"SMITH"},{"data":"Deflect","floor":46,"key":"SMITH"},{"data":"Distraction","floor":49,"key":"SMITH"}],"circlet_count":0,"master_deck":["Strike_G+1","Strike_G+1","Strike_G+1","Strike_G+1","Defend_G+1","Defend_G+1","Defend_G+1","Defend_G+1","Defend_G+1","Survivor+1","Neutralize+1","Poisoned Stab+1","Poisoned Stab+1","Noxious Fumes+1","Noxious Fumes+1","PiercingWail+1","Predator+1","Dodge and Roll+1","Sucker Punch+1","Escape Plan+1","Skewer+1","Dash+1","Footwork+1","Distraction+1","Deflect+1"],"relics":["Runic Dome","Shuriken","The Specimen","Sozu","Membership Card","White Beast Statue","Coffee Dripper","Lee\u0027s Waffle","StrikeDummy","Red Mask","TungstenRod","War Paint","TwistedFunnel"],"acts_visited":["Exordium","TheCity","TheBeyond"],"potions_floor_usage":[12,33,50],"damage_taken":[{"damage":0.0,"enemies":"Jaw Worm","floor":1.0,"turns":5.0},{"damage":0,"enemies":"Small Slimes","floor":3,"turns":3},{"damage":0,"enemies":"2 Louse","floor":7,"turns":2},{"damage":18,"enemies":"Gremlin Nob","floor":12,"turns":5},{"damage":3,"enemies":"2 Fungi Beasts","floor":14,"turns":3},{"damage":14,"enemies":"Hexaghost","floor":16,"turns":7},{"damage":0,"enemies":"Chosen","floor":18,"turns":4},{"damage":19,"enemies":"2 Thieves","floor":20,"turns":4},{"damage":9,"enemies":"Snake Plant","floor":22,"turns":5},{"damage":0,"enemies":"Centurion and Healer","floor":25,"turns":5},{"damage":0,"enemies":"3 Cultists","floor":27,"turns":5},{"damage":4,"enemies":"Chosen and Byrds","floor":31,"turns":5},{"damage":13,"enemies":"Collector","floor":33,"turns":10},{"damage":23,"enemies":"3 Darklings","floor":35,"turns":5},{"damage":0,"enemies":"3 Shapes","floor":36,"turns":5},{"damage":14,"enemies":"Maw","floor":39,"turns":7},{"damage":15,"enemies":"Reptomancer","floor":41,"turns":6},{"damage":8,"enemies":"Jaw Worm Horde","floor":44,"turns":4},{"damage":0,"enemies":"3 Darklings","floor":47,"turns":6},{"damage":15,"enemies":"Spire Growth","floor":48,"turns":5},{"damage":33,"enemies":"Donu and Deca","floor":50,"turns":7}],"seed_played":"-6157183728896296535","potions_obtained":[{"floor":3,"key":"ColorlessPotion"},{"floor":12,"key":"Block Potion"},{"floor":16,"key":"FearPotion"}],"is_trial":false,"path_per_floor":["M","?","M","$","?","R","M","R","T","?","$","E","R","M","R","B",null,"M","$","M","?","M","R","?","M","T","M","R","?","R","M","R","B",null,"M","M","$","?","M","R","E","R","T","M","$","R","M","M","R","B"],"character_chosen":"THE_SILENT","items_purchased":["Noxious Fumes","Noxious Fumes","Membership Card","Lee\u0027s Waffle","StrikeDummy","TwistedFunnel","Deflect"],"campfire_rested":0,"item_purchase_floors":[4,11,19,37,37,45,45],"current_hp_per_floor":[70,75,75,75,64,64,64,64,64,64,64,46,46,43,43,29,75,75,75,56,56,47,47,47,47,47,47,47,47,47,43,43,30,75,52,52,82,82,68,68,53,53,53,45,45,45,45,30,30,0,0],"gold":36,"neow_bonus":"BOSS_RELIC","is_daily":false,"chose_seed":false,"campfire_upgraded":12,"win_rate":0.0,"timestamp":1609857885,"path_taken":["M","?","M","$","?","R","M","R","T","?","$","E","R","M","R","BOSS","M","$","M","?","M","R","?","M","T","?","R","?","R","M","R","BOSS","M","M","$","?","M","R","E","R","T","M","$","R","M","M","R","BOSS"],"items_purchased_type":["Card","Card","Relic","Relic","Relic","Relic","Card"],"build_version":"2020-12-22","purchased_purges":0,"victory":false,"max_hp_per_floor":[70,75,75,75,75,75,75,75,75,75,75,75,75,75,75,75,75,75,75,75,75,75,75,75,75,75,75,75,75,75,75,75,75,75,75,75,82,82,82,82,82,82,82,82,82,82,82,82,82,82,82],"relic_stats":{"Sozu":11,"Lee\u0027s Waffle":30,"counters":[21,108],"Shuriken":[42],"War Paint":[],"obtain_stats":[{"TwistedFunnel":45,"Lee\u0027s Waffle":37,"The Specimen":12,"War Paint":43,"White Beast Statue":26,"Sozu":17,"Runic Dome":0,"Shuriken":9,"Coffee Dripper":34,"Red Mask":38,"Membership Card":19,"StrikeDummy":37,"TungstenRod":41,"Ring of the Snake":0},{"TwistedFunnel":18,"Lee\u0027s Waffle":15,"The Specimen":4,"War Paint":17,"White Beast Statue":10,"Sozu":6,"Runic Dome":0,"Shuriken":3,"Coffee Dripper":13,"Red Mask":15,"Membership Card":7,"StrikeDummy":15,"TungstenRod":17,"Ring of the Snake":0},{"TwistedFunnel":90,"Lee\u0027s Waffle":73,"The Specimen":15,"War Paint":86,"White Beast Statue":43,"Sozu":25,"Runic Dome":0,"Shuriken":10,"Coffee Dripper":63,"Red Mask":73,"Membership Card":29,"StrikeDummy":73,"TungstenRod":86,"Ring of the Snake":0}],"TungstenRod":7},"card_choices":[{"not_picked":["Crippling Poison","Slice"],"picked":"Poisoned Stab","floor":1.0},{"not_picked":["Outmaneuver","Cloak And Dagger"],"picked":"Poisoned Stab","floor":3},{"not_picked":["Deadly Poison","Flechettes","Dagger Throw"],"picked":"SKIP","floor":7},{"not_picked":["Backstab","Setup","Outmaneuver"],"picked":"SKIP","floor":12},{"not_picked":["Deadly Poison","Dagger Throw","Quick Slash"],"picked":"SKIP","floor":14},{"not_picked":["Underhanded Strike","Flying Knee","Caltrops"],"picked":"SKIP","floor":18},{"not_picked":["Poisoned Stab","Outmaneuver"],"picked":"PiercingWail","floor":20},{"not_picked":["Flying Knee","Dagger Throw+1"],"picked":"Predator+1","floor":22},{"not_picked":["Finisher","Burst"],"picked":"Dodge and Roll+1","floor":25},{"not_picked":["Riddle With Holes","Infinite Blades"],"picked":"Sucker Punch+1","floor":27},{"not_picked":["Acrobatics","Bane"],"picked":"Escape Plan","floor":31},{"not_picked":["Dodge and Roll+1","Distraction"],"picked":"Skewer+1","floor":35},{"not_picked":["Well Laid Plans","Accuracy"],"picked":"Dash","floor":36},{"not_picked":["Acrobatics","All Out Attack+1"],"picked":"Footwork","floor":39},{"not_picked":["Slice+1","Choke+1","Dodge and Roll+1"],"picked":"SKIP","floor":41},{"not_picked":["Flying Knee","Bane"],"picked":"Distraction","floor":44},{"not_picked":["Eviscerate+1","Poisoned Stab","Masterful Stab"],"picked":"SKIP","floor":47},{"not_picked":["Deadly Poison+1","Expertise+1","Quick Slash"],"picked":"SKIP","floor":48}],"player_experience":919383,"relics_obtained":[{"floor":9,"key":"Shuriken"},{"floor":12,"key":"The Specimen"},{"floor":26,"key":"White Beast Statue"},{"floor":41,"key":"TungstenRod"},{"floor":43,"key":"War Paint"}],"event_choices":[{"damage_healed":0.0,"max_hp_gain":5.0,"max_hp_loss":0.0,"gold_gain":0.0,"event_name":"Big Fish","player_choice":"Donut","floor":2.0,"gold_loss":0.0,"damage_taken":0.0},{"damage_healed":0,"gold_gain":75,"player_choice":"Gather Gold","damage_taken":11,"max_hp_gain":0,"max_hp_loss":0,"event_name":"World of Goop","floor":5,"gold_loss":0},{"cards_removed":["Strike_G"],"damage_healed":0,"gold_gain":0,"player_choice":"Card Removal","damage_taken":0,"max_hp_gain":0,"max_hp_loss":0,"event_name":"The Cleric","floor":10,"gold_loss":50},{"damage_healed":0,"gold_gain":0,"player_choice":"Simplicity","damage_taken":0,"max_hp_gain":0,"max_hp_loss":0,"event_name":"Back to Basics","floor":24,"gold_loss":0,"cards_upgraded":["Strike_G","Strike_G","Strike_G","Strike_G","Defend_G","Defend_G","Defend_G","Defend_G","Defend_G"]},{"damage_healed":0,"gold_gain":0,"player_choice":"Ignored","damage_taken":0,"max_hp_gain":0,"max_hp_loss":0,"event_name":"Vampires","floor":29,"gold_loss":0},{"damage_healed":0,"gold_gain":0,"player_choice":"Paid","damage_taken":0,"relics_obtained":["Red Mask"],"max_hp_gain":0,"max_hp_loss":0,"event_name":"Tomb of Lord Red Mask","floor":38,"gold_loss":114}],"is_beta":false,"boss_relics":[{"not_picked":["Snecko Eye","Tiny House"],"picked":"Sozu"},{"not_picked":["Velvet Choker","Astrolabe"],"picked":"Coffee Dripper"}],"items_purged_floors":[],"is_endless":false,"potions_floor_spawned":[3,12,16,22,27,31,33,35,36,39,41,44,47,48],"killed_by":"Donu and Deca","ascension_level":0}}