{"host":"91blwi3hgehj6ch9","time":1609881413,"event":{"mods":["2.2 Compatiblity","AchievementEnabler","BaseMod","Colored Map","DeckTracker","Keyboard Shortcuts","Minty Spire (QoL Compilation)","Permanent Neow","Quick Restart","StSLib","SuperFastMode"],"gold_per_floor":[110,35,53,53,53,53,53,53,102,102,102,120,134,157,157,285,348,371,371,392,408,408,408,441,341,341,441,441,464,464,483,483,606,606,624,957,1007,1020,1034,1034,1050,1078,1078,711,725,575,592,611,611,611],"floor_reached":51,"playtime":2831,"items_purged":["Defend_P","Strike_P","Defend_P","Strike_P"],"score":1039,"play_id":"04285265-4995-4197-9f89-941083e84bcb","local_time":"20210106061653","is_ascension_mode":true,"campfire_choices":[{"data":"Eruption","floor":6.0,"key":"SMITH"},{"data":"Adaptation","floor":8.0,"key":"SMITH"},{"data":"Vigilance","floor":10.0,"key":"SMITH"},{"data":"Thinking Ahead","floor":15.0,"key":"SMITH"},{"data":"TalkToTheHand","floor":23.0,"key":"SMITH"},{"data":"Tantrum","floor":28.0,"key":"SMITH"},{"floor":32.0,"key":"REST"},{"data":"Scrawl","floor":40.0,"key":"SMITH"},{"floor":49,"key":"REST"}],"circlet_count":0,"master_deck":["Strike_P","Defend_P","Defend_P+1","Eruption+1","Vigilance+1","Thinking Ahead+1","Adaptation+1","Indignation","CutThroughFate+1","InnerPeace+1","TalkToTheHand+1","Adaptation+1","Tantrum+1","Scrawl+1"],"relics":["PureWater","Bag of Marbles","Tiny House","Potion Belt","Sundial","Sozu","Turnip","Toy Ornithopter","War Paint","TeardropLocket"],"acts_visited":["Exordium","TheCity","TheBeyond"],"potions_floor_usage":[],"damage_taken":[{"damage":0.0,"enemies":"Cultist","floor":1.0,"turns":2.0},{"damage":0.0,"enemies":"2 Louse","floor":3.0,"turns":3.0},{"damage":7.0,"enemies":"Jaw Worm","floor":12.0,"turns":2.0},{"damage":0.0,"enemies":"2 Fungi Beasts","floor":13.0,"turns":2.0},{"damage":1.0,"enemies":"Blue Slaver","floor":14.0,"turns":2.0},{"damage":34.0,"enemies":"The Guardian","floor":16.0,"turns":9.0},{"damage":0.0,"enemies":"Chosen","floor":18.0,"turns":3.0},{"damage":19.0,"enemies":"Spheric Guardian","floor":20.0,"turns":4.0},{"damage":0.0,"enemies":"Cultist and Chosen","floor":21.0,"turns":4.0},{"damage":9.0,"enemies":"Slavers","floor":24.0,"turns":2.0},{"damage":5.0,"enemies":"3 Cultists","floor":29.0,"turns":4.0},{"damage":15.0,"enemies":"Snake Plant","floor":31.0,"turns":4.0},{"damage":15.0,"enemies":"Champ","floor":33.0,"turns":4.0},{"damage":1.0,"enemies":"3 Shapes","floor":35.0,"turns":3.0},{"damage":0.0,"enemies":"Mind Bloom Boss Battle","floor":37.0,"turns":2.0},{"damage":12.0,"enemies":"3 Darklings","floor":38.0,"turns":2.0},{"damage":0.0,"enemies":"Maw","floor":39.0,"turns":3.0},{"damage":0.0,"enemies":"Writhing Mass","floor":41.0,"turns":5.0},{"damage":33,"enemies":"Nemesis","floor":42,"turns":5},{"damage":0,"enemies":"4 Shapes","floor":45,"turns":1},{"damage":0,"enemies":"Transient","floor":47,"turns":1},{"damage":0,"enemies":"Maw","floor":48,"turns":1},{"damage":0,"enemies":"Donu and Deca","floor":50,"turns":1}],"seed_played":"5009817936348635542","potions_obtained":[{"floor":12.0,"key":"AttackPotion"},{"floor":16.0,"key":"FairyPotion"},{"floor":17.0,"key":"EntropicBrew"},{"floor":18.0,"key":"GamblersBrew"},{"floor":31.0,"key":"Fruit Juice"}],"is_trial":false,"path_per_floor":["M","$","M","?","$","R","?","R","T","R","?","M","M","M","R","B",null,"M","?","M","M","?","R","E","$","T","?","R","M","?","M","R","B",null,"M","?","?","M","M","R","M","E","T","$","M","$","M","M","R","B",null],"character_chosen":"WATCHER","items_purchased":["TeardropLocket"],"campfire_rested":2,"item_purchase_floors":[44],"current_hp_per_floor":[65,65,65,70,70,70,70,70,70,70,53,46,46,45,45,11,60,60,54,35,35,35,35,26,26,26,26,26,21,21,6,28,13,60,64,64,64,52,52,52,52,19,19,19,19,19,19,19,43,43],"gold":611,"neow_bonus":"RANDOM_COLORLESS_2","is_daily":false,"chose_seed":false,"campfire_upgraded":7,"win_rate":0.0,"timestamp":1609881413,"path_taken":["M","$","?","?","$","R","?","R","T","R","?","M","?","M","R","BOSS","M","?","M","?","?","R","E","?","T","?","R","?","?","M","R","BOSS","M","?","?","M","M","R","M","E","T","?","?","$","M","M","R","BOSS"],"items_purchased_type":["Relic"],"build_version":"2020-12-22","purchased_purges":4,"victory":true,"max_hp_per_floor":[65,65,65,70,70,70,70,70,70,70,70,70,70,70,70,70,75,75,75,75,75,75,75,75,75,75,75,75,75,75,75,75,75,75,80,80,80,80,80,80,80,80,80,80,80,80,80,80,80,80],"card_choices":[{"not_picked":["Metamorphosis","Chrysalis"],"picked":"Thinking Ahead","floor":0.0},{"not_picked":["WindmillStrike","SashWhip"],"picked":"Adaptation","floor":1.0},{"not_picked":["Consecrate","Halt"],"picked":"Indignation","floor":3.0},{"not_picked":["Swivel","Collect","WheelKick"],"picked":"SKIP","floor":12.0},{"not_picked":["Nirvana","FlyingSleeves"],"picked":"CutThroughFate","floor":13.0},{"not_picked":["Perseverance","CutThroughFate"],"picked":"InnerPeace","floor":14.0},{"not_picked":["EmptyBody","Evaluate"],"picked":"TalkToTheHand","floor":18.0},{"not_picked":["ClearTheMind","Evaluate","CrushJoints"],"picked":"SKIP","floor":20.0},{"not_picked":["ThirdEye","Study+1"],"picked":"Adaptation+1","floor":21.0},{"not_picked":["DeceiveReality","Collect","SashWhip"],"picked":"SKIP","floor":24.0},{"not_picked":["JustLucky+1","ReachHeaven","LessonLearned"],"picked":"SKIP","floor":29.0},{"not_picked":["Sanctity","FlyingSleeves","ClearTheMind"],"picked":"SKIP","floor":31.0},{"not_picked":["Brilliance","MasterReality"],"picked":"Scrawl","floor":33.0},{"not_picked":["Crescendo+1","EmptyBody+1","FlurryOfBlows+1"],"picked":"SKIP","floor":35.0},{"not_picked":["Consecrate","DeceiveReality+1","JustLucky"],"picked":"SKIP","floor":38.0},{"not_picked":["FlyingSleeves+1","SignatureMove","ClearTheMind+1"],"picked":"SKIP","floor":39.0},{"not_picked":["FlurryOfBlows+1","Crescendo+1","ClearTheMind+1"],"picked":"SKIP","floor":41.0},{"not_picked":["LessonLearned","CutThroughFate","FollowUp"],"picked":"SKIP","floor":42},{"not_picked":["CutThroughFate","Evaluate+1","Wallop+1"],"picked":"SKIP","floor":45},{"not_picked":["BowlingBash","FlurryOfBlows+1","Protect+1"],"picked":"SKIP","floor":47},{"not_picked":["Perseverance","EmptyFist","CrushJoints+1"],"picked":"SKIP","floor":48}],"player_experience":81395,"relics_obtained":[{"floor":9.0,"key":"Bag of Marbles"},{"floor":24.0,"key":"Potion Belt"},{"floor":26.0,"key":"Sundial"},{"floor":37.0,"key":"Turnip"},{"floor":42,"key":"Toy Ornithopter"},{"floor":43,"key":"War Paint"}],"event_choices":[{"damage_healed":0.0,"max_hp_gain":5.0,"max_hp_loss":0.0,"gold_gain":0.0,"event_name":"Big Fish","player_choice":"Donut","floor":4.0,"gold_loss":0.0,"damage_taken":0.0},{"damage_healed":0.0,"max_hp_gain":0.0,"max_hp_loss":0.0,"gold_gain":0.0,"event_name":"Dead Adventurer","player_choice":"Searched \u00270\u0027 times","floor":7.0,"gold_loss":0.0,"damage_taken":0.0},{"damage_healed":0.0,"max_hp_gain":0.0,"max_hp_loss":0.0,"gold_gain":0.0,"event_name":"Golden Idol","player_choice":"Take Damage","floor":11.0,"gold_loss":0.0,"damage_taken":17.0,"relics_obtained":["Golden Idol"]},{"damage_healed":0.0,"max_hp_gain":0.0,"max_hp_loss":0.0,"gold_gain":0.0,"event_name":"Knowing Skull","player_choice":"","floor":19.0,"potions_obtained":[],"gold_loss":0.0,"damage_taken":6.0,"cards_obtained":[]},{"damage_healed":0.0,"max_hp_gain":0.0,"max_hp_loss":0.0,"gold_gain":0.0,"event_name":"The Library","player_choice":"Read","floor":22.0,"gold_loss":0.0,"damage_taken":0.0,"cards_obtained":["Tantrum"]},{"damage_healed":0.0,"max_hp_gain":0.0,"max_hp_loss":0.0,"gold_gain":100.0,"event_name":"Golden Shrine","player_choice":"Pray","floor":27.0,"gold_loss":0.0,"damage_taken":0.0},{"cards_removed":["Strike_P"],"damage_healed":0.0,"max_hp_gain":0.0,"max_hp_loss":0.0,"gold_gain":0.0,"event_name":"Purifier","player_choice":"Purged","floor":30.0,"gold_loss":0.0,"damage_taken":0.0},{"damage_healed":0.0,"max_hp_gain":0.0,"max_hp_loss":0.0,"gold_gain":333.0,"event_name":"The Moai Head","player_choice":"Gave Idol","floor":36.0,"relics_lost":["Golden Idol"],"gold_loss":0.0,"damage_taken":0.0},{"damage_healed":0.0,"max_hp_gain":0.0,"max_hp_loss":0.0,"gold_gain":0.0,"event_name":"MindBloom","player_choice":"Fight","floor":37.0,"gold_loss":0.0,"damage_taken":0.0}],"is_beta":false,"boss_relics":[{"not_picked":["Velvet Choker","Busted Crown"],"picked":"Tiny House"},{"not_picked":["Cursed Key","Coffee Dripper"],"picked":"Sozu"}],"items_purged_floors":[2,25,44,46],"is_endless":false,"potions_floor_spawned":[12,16,18,20,31,37,39,42,47,48],"ascension_level":7}}