{"host":"g1wmg2w41xhsnw8g","time":1609835372,"event":{"mods":["2.2 Compatiblity","Act Like it!","BaseMod","Better Altar","Better Match","Better Note","Better Sensory Stone","Better Skull","Better Third Choice","BetterRewards","Booster Modes","CapriCore","Colored Map","Colored Powertips","Curses Come First","Defuse TimeMaze Blight","Displayed Cursed Tome","Evolution","Friendly Minions","GifTheSpireLib","Googly Eyes","Infinite Spire","Minty Spire (QoL Compilation)","Potionbrewer","Railgun Mod","Red Circlet Mod","Relic Sorter","Replay The Spire","SCP261 Mod","Shop Mod","Spicy Shops","StSLib","The Sage","Transform Curses","Wandering Minibosses","????"],"gold_per_floor":[117,128,128,145,145,145,15,15,62,96,116,41,67,67,67,170,170,184,197,197,210,210,103,103,103],"floor_reached":24,"playtime":1381,"items_purged":[],"score":265,"play_id":"d0e9b8f6-6174-428e-a782-4b27a5717a4b","local_time":"20210105032931","daily_mods":["Specialized","Heirloom","Elite Swarm"],"is_ascension_mode":true,"campfire_choices":[{"data":"potionbrewer:Collect","floor":6,"key":"SMITH"},{"data":"potionbrewer:ChemicalSpill","floor":8,"key":"SMITH"},{"floor":15,"key":"REST"}],"circlet_count":0,"master_deck":["potionbrewer:PotionbrewerStrike","potionbrewer:PotionbrewerStrike","potionbrewer:PotionbrewerStrike","potionbrewer:PotionbrewerDefend","potionbrewer:PotionbrewerDefend","potionbrewer:Collect+1","potionbrewer:ChemicalSpill+1","potionbrewer:ResearchResults+1","potionbrewer:ResearchResults+1","potionbrewer:ResearchResults+1","potionbrewer:ResearchResults+1","potionbrewer:ResearchResults+1","potionbrewer:FlashPowder","potionbrewer:ExplosiveReaction","potionbrewer:Refill","potionbrewer:BeatDown","potionbrewer:EmptyBottle","potionbrewer:QuickStep","potionbrewer:UnstableFormula+1","potionbrewer:Transmute","potionbrewer:TheFinalStraw","potionbrewer:ChokingPowder","potionbrewer:OneTwoPunch","potionbrewer:MicrobeSpray+1","potionbrewer:Smokescreen","potionbrewer:Biohazard","potionbrewer:TestFormula"],"relics":["potionbrewer:PotionKit","EVO:Axolotl","replay:Trail_Library","infinitespire:Joker Card","Oddly Smooth Stone","Replay:Bottled Eggs","Replay:Mystery Machine","Calipers","StrikeDummy","SlaversCollar","MerchantsRug"],"acts_visited":["Exordium","TheCity"],"potions_floor_usage":[2,4,10,10,10,11,13,16,16,16,19,21],"damage_taken":[{"damage":0,"enemies":"Small Slimes","floor":1,"turns":3},{"damage":36,"enemies":"2 Louse","floor":2,"turns":6},{"damage":12,"enemies":"Jaw Worm","floor":4,"turns":4},{"damage":0,"enemies":"Lagavulin","floor":10,"turns":6},{"damage":9,"enemies":"Red Slaver","floor":11,"turns":4},{"damage":9,"enemies":"3 Sentries","floor":13,"turns":3},{"damage":16,"enemies":"Hexaghost","floor":16,"turns":7},{"damage":5,"enemies":"3 Byrds","floor":18,"turns":4},{"damage":25,"enemies":"Shell Parasite","floor":19,"turns":4},{"damage":30,"enemies":"Snecko","floor":21,"turns":4},{"damage":16,"enemies":"Slavers","floor":24,"turns":2}],"seed_played":"4874854902250405668","potions_obtained":[{"floor":10,"key":"Explosive Potion"},{"floor":11,"key":"Dexterity Potion"},{"floor":19,"key":"Explosive Potion"},{"floor":21,"key":"SCP261:BostonMolassesPotion"}],"is_trial":true,"path_per_floor":["M","M","?","M","?","R","$","R","T","E","M","?","E","?","R","B",null,"M","M","?","M","?","R","E"],"character_chosen":"POTIONBREWER","items_purchased":["Replay:Bottled Eggs","MerchantsRug","potionbrewer:TestFormula"],"campfire_rested":1,"item_purchase_floors":[7,23,23],"current_hp_per_floor":[75,39,39,27,27,27,27,27,27,27,18,18,9,2,24,8,75,70,45,45,15,15,15,0,0],"gold":103,"neow_bonus":"","is_daily":false,"chose_seed":false,"campfire_upgraded":2,"win_rate":0.0,"timestamp":1609835371,"path_taken":["M","M","?","M","?","R","?","R","T","E","?","?","E","?","R","BOSS","M","M","?","M","?","R","E"],"items_purchased_type":["Relic","Relic","Card"],"build_version":"2020-12-22","purchased_purges":0,"victory":false,"max_hp_per_floor":[75,75,75,75,75,75,75,75,75,75,75,75,75,75,75,75,75,75,75,75,75,75,75,75,75],"card_choices":[{"not_picked":["potionbrewer:TimeBomb","potionbrewer:OneTwoPunch"],"picked":"potionbrewer:FlashPowder","floor":1},{"not_picked":["potionbrewer:Brandish","potionbrewer:VolatileSolution"],"picked":"potionbrewer:ExplosiveReaction","floor":2},{"not_picked":["potionbrewer:LeftoverSpecimen","potionbrewer:IronHeart"],"picked":"potionbrewer:Refill","floor":4},{"not_picked":["potionbrewer:ResearchResults","potionbrewer:EquivalentExchange"],"picked":"potionbrewer:BeatDown","floor":10},{"not_picked":["potionbrewer:FlareUp","potionbrewer:LabAccident"],"picked":"potionbrewer:EmptyBottle","floor":11},{"not_picked":["potionbrewer:OneTwoPunch+1","potionbrewer:QuickStep+1"],"picked":"potionbrewer:UnstableFormula+1","floor":12},{"not_picked":["potionbrewer:BrokenBeakers","potionbrewer:HazardousWaste"],"picked":"potionbrewer:Transmute","floor":13},{"not_picked":["potionbrewer:ResearchResults","potionbrewer:BrokenBeakers"],"picked":"potionbrewer:TheFinalStraw","floor":16},{"not_picked":["potionbrewer:ExplosiveReaction","potionbrewer:FlashPowder+1"],"picked":"potionbrewer:ChokingPowder","floor":18},{"not_picked":["potionbrewer:Toxicity+1","potionbrewer:FortifiedSerum"],"picked":"potionbrewer:OneTwoPunch","floor":19},{"not_picked":["potionbrewer:FuelCell+1","potionbrewer:QuickStep","potionbrewer:Prototype"],"picked":"potionbrewer:MicrobeSpray+1","floor":21}],"player_experience":1105866,"relics_obtained":[{"floor":9,"key":"Replay:Mystery Machine"},{"floor":10,"key":"Calipers"},{"floor":13,"key":"StrikeDummy"}],"event_choices":[{"damage_healed":0,"gold_gain":0,"player_choice":"Box","damage_taken":0,"relics_obtained":["Oddly Smooth Stone"],"max_hp_gain":0,"max_hp_loss":0,"event_name":"Big Fish","floor":3,"gold_loss":0,"cards_obtained":["Regret"]},{"damage_healed":0,"gold_gain":0,"player_choice":"2","damage_taken":0,"max_hp_gain":0,"max_hp_loss":0,"event_name":"betterMatch:BetterMatch","floor":12,"gold_loss":0,"cards_obtained":["betterMatch:CommonCard"]},{"cards_removed":["Regret"],"damage_healed":0,"gold_gain":0,"player_choice":"Card Removal","damage_taken":7,"max_hp_gain":0,"max_hp_loss":0,"event_name":"Golden Wing","floor":14,"gold_loss":0},{"cards_removed":["potionbrewer:Collect"],"damage_healed":0,"gold_gain":0,"player_choice":"Give","damage_taken":0,"max_hp_gain":0,"max_hp_loss":0,"event_name":"betterNote:BetterNote","floor":20,"gold_loss":0,"cards_obtained":["None"]},{"damage_healed":0,"gold_gain":0,"cards_transformed":["potionbrewer:PotionbrewerDefend","potionbrewer:PotionbrewerStrike"],"player_choice":"Became Test Subject","damage_taken":0,"max_hp_gain":0,"max_hp_loss":0,"event_name":"Drug Dealer","floor":22,"gold_loss":0,"cards_obtained":["potionbrewer:Smokescreen","potionbrewer:Biohazard"]}],"is_beta":false,"boss_relics":[{"not_picked":["Velvet Choker","sagemod:Falmels_Amulet"],"picked":"SlaversCollar"}],"items_purged_floors":[],"is_endless":false,"potions_floor_spawned":[10,11,19,21],"killed_by":"Slavers","ascension_level":1}}