{"host":"o7j6aatxjwpw1421","time":1609864048,"event":{"mods":["2.2 Compatiblity","AchievementEnabler","BaseMod","Colored Map","DeckTracker","Highlight Path","Keyboard Shortcuts","Minty Spire (QoL Compilation)","Permanent Neow","Quick Restart","StSLib","SuperFastMode","everything is the same but u backflip on backflip"],"gold_per_floor":[113,131,143,143,158,185,197,197,251,268,284,295,139,152,152,226,226,240,250,7,7,7],"floor_reached":21,"playtime":901,"items_purged":["Strike_R"],"score":355,"play_id":"dcf0302f-8904-4866-8288-18a92e437336","local_time":"20210106012728","is_ascension_mode":true,"campfire_choices":[{"data":"Fire Breathing","floor":8.0,"key":"SMITH"},{"data":"Armaments","floor":15.0,"key":"SMITH"}],"circlet_count":0,"master_deck":["AscendersBane","Strike_R","Strike_R","Strike_R","Strike_R","Defend_R","Defend_R+1","Defend_R","Defend_R+1","Bash","Fire Breathing+1","Intimidate","Battle Trance","Inflame","Power Through","Blood for Blood","Disarm","Armaments+1","Evolve","Offering","Reckless Charge"],"relics":["Burning Blood","Ice Cream","War Paint","Red Skull","Black Star","Art of War"],"acts_visited":["Exordium","TheCity"],"potions_floor_usage":[21],"damage_taken":[{"damage":5.0,"enemies":"2 Louse","floor":1.0,"turns":3.0},{"damage":14.0,"enemies":"Jaw Worm","floor":2.0,"turns":5.0},{"damage":7.0,"enemies":"Cultist","floor":3.0,"turns":4.0},{"damage":7.0,"enemies":"Lots of Slimes","floor":5.0,"turns":3.0},{"damage":39.0,"enemies":"Gremlin Nob","floor":6.0,"turns":4.0},{"damage":3.0,"enemies":"Blue Slaver","floor":7.0,"turns":6.0},{"damage":6.0,"enemies":"Looter","floor":10.0,"turns":3.0},{"damage":5.0,"enemies":"3 Louse","floor":11.0,"turns":3.0},{"damage":3.0,"enemies":"Gremlin Gang","floor":12.0,"turns":5.0},{"damage":3.0,"enemies":"Large Slime","floor":14.0,"turns":5.0},{"damage":17.0,"enemies":"Slime Boss","floor":16.0,"turns":6.0},{"damage":42.0,"enemies":"2 Thieves","floor":18.0,"turns":5.0},{"damage":14,"enemies":"3 Byrds","floor":19,"turns":5},{"damage":0,"enemies":"Shelled Parasite and Fungi","floor":21,"turns":1}],"seed_played":"-1272305937456525142","potions_obtained":[{"floor":1.0,"key":"Energy Potion"},{"floor":2.0,"key":"PowerPotion"},{"floor":16.0,"key":"Strength Potion"},{"floor":18.0,"key":"Strength Potion"}],"is_trial":false,"path_per_floor":["M","M","M","?","M","E","M","R","T","M","M","M","$","M","R","B",null,"M","M","$","M"],"character_chosen":"IRONCLAD","items_purchased":["Evolve","Reckless Charge","Art of War"],"campfire_rested":0,"item_purchase_floors":[13,20,20],"current_hp_per_floor":[68,60,59,59,58,25,28,28,28,28,29,32,32,35,35,24,57,21,13,13,13,13],"gold":7,"neow_bonus":"ONE_RARE_RELIC","is_daily":false,"chose_seed":false,"campfire_upgraded":2,"win_rate":0.0,"timestamp":1609864048,"path_taken":["M","M","M","?","M","E","M","R","T","M","M","M","$","M","R","BOSS","M","M","$","M"],"items_purchased_type":["Card","Card","Relic"],"build_version":"2020-12-22","purchased_purges":1,"victory":false,"max_hp_per_floor":[68,68,68,68,68,68,68,68,68,68,68,68,68,68,68,68,68,68,68,68,68,68],"card_choices":[{"not_picked":["Rampage","Hemokinesis"],"picked":"Fire Breathing","floor":1.0},{"not_picked":["Burning Pact","Thunderclap","Clash"],"picked":"SKIP","floor":2.0},{"not_picked":["Heavy Blade","Thunderclap"],"picked":"Intimidate","floor":3.0},{"not_picked":["Headbutt","Berserk"],"picked":"Battle Trance","floor":5.0},{"not_picked":["Pommel Strike","Anger"],"picked":"Inflame","floor":6.0},{"not_picked":["Shrug It Off","Metallicize"],"picked":"Power Through","floor":7.0},{"not_picked":["Uppercut","Iron Wave"],"picked":"Blood for Blood","floor":10.0},{"not_picked":["Heavy Blade","Twin Strike"],"picked":"Disarm","floor":11.0},{"not_picked":["Sever Soul","Battle Trance"],"picked":"Armaments","floor":12.0},{"not_picked":["Warcry","Sword Boomerang","Sever Soul"],"picked":"SKIP","floor":14.0},{"not_picked":["Brutality","Double Tap"],"picked":"Offering","floor":16.0},{"not_picked":["Sword Boomerang","Havoc","Carnage"],"picked":"SKIP","floor":18.0},{"not_picked":["Dark Embrace","Pommel Strike+1","Hemokinesis"],"picked":"SKIP","floor":19}],"player_experience":434681,"relics_obtained":[{"floor":6.0,"key":"War Paint"},{"floor":9.0,"key":"Red Skull"}],"event_choices":[{"damage_healed":0.0,"max_hp_gain":0.0,"max_hp_loss":0.0,"gold_gain":0.0,"event_name":"Liars Game","player_choice":"Ignored","floor":4.0,"gold_loss":0.0,"damage_taken":0.0}],"is_beta":false,"boss_relics":[{"not_picked":["Cursed Key","SacredBark"],"picked":"Black Star"}],"items_purged_floors":[13],"is_endless":false,"potions_floor_spawned":[1,2,3,16,18],"killed_by":"Shelled Parasite and Fungi","ascension_level":18}}