{"host":"a9gsz7kv8aebwp1f","time":1609845171,"event":{"mods":["AchievementEnabler","BaseMod","Minty Spire (QoL Compilation)"],"gold_per_floor":[111,111,111,111,111,111,146,166,166,15,39,60,75,22,22,143,143,158,73,73,25,38,38,54,68,68,108,128,153,28,28,28,152,152,170,184,38,53,72,72,115,115,115,0,14,30,30,77,77,77],"floor_reached":51,"playtime":1748,"items_purged":["Regret"],"score":1049,"play_id":"43513ad4-0556-4b08-8670-ddad1d57e3fc","local_time":"20210105201251","is_ascension_mode":true,"campfire_choices":[{"data":"Armaments","floor":6,"key":"SMITH"},{"floor":15,"key":"REST"},{"data":"Demon Form","floor":23,"key":"SMITH"},{"floor":32,"key":"REST"},{"data":"Juggernaut","floor":40,"key":"SMITH"},{"floor":42,"key":"REST"},{"floor":47,"key":"REST"},{"data":"Limit Break","floor":49,"key":"SMITH"}],"circlet_count":0,"master_deck":["AscendersBane","Strike_R+1","Strike_R+1","Strike_R+1","Strike_R+1","Strike_R+1","Defend_R+1","Defend_R+1","Defend_R+1","Defend_R+1","Bash","Anger","Armaments+1","Cleave","Sword Boomerang","Pummel","Spot Weakness","Shrug It Off","Armaments","Headbutt","Demon Form+1","Flame Barrier","Shrug It Off","Wild Strike+1","Cleave","Flex","Wild Strike+1","Battle Trance","Spot Weakness","Shrug It Off","Juggernaut+1","Sword Boomerang","Infernal Blade","Sword Boomerang","Bandage Up","Parasite","Cleave+1","Limit Break+1","Writhe","Flex","Flex","Writhe"],"relics":["Burning Blood","Golden Idol","PreservedInsect","FossilizedHelix","Blood Vial","Du-Vu Doll","Runic Cube","Lantern","Ornamental Fan","Centennial Puzzle","Cursed Key","Mummified Hand","StrikeDummy","Red Mask","Dream Catcher"],"acts_visited":["Exordium","TheCity","TheBeyond"],"potions_floor_usage":[28,33,33,45,50],"damage_taken":[{"damage":10,"enemies":"Small Slimes","floor":1,"turns":4},{"damage":27,"enemies":"3 Sentries","floor":7,"turns":9},{"damage":14,"enemies":"2 Louse","floor":8,"turns":2},{"damage":0,"enemies":"Jaw Worm","floor":11,"turns":2},{"damage":6,"enemies":"2 Fungi Beasts","floor":12,"turns":3},{"damage":0,"enemies":"Blue Slaver","floor":13,"turns":2},{"damage":36,"enemies":"Hexaghost","floor":16,"turns":9},{"damage":28,"enemies":"Shell Parasite","floor":18,"turns":4},{"damage":6,"enemies":"3 Byrds","floor":22,"turns":5},{"damage":0,"enemies":"Snecko","floor":24,"turns":4},{"damage":23,"enemies":"Centurion and Healer","floor":25,"turns":5},{"damage":41,"enemies":"Book of Stabbing","floor":27,"turns":5},{"damage":10,"enemies":"Shelled Parasite and Fungi","floor":28,"turns":4},{"damage":7,"enemies":"Snecko","floor":29,"turns":4},{"damage":41,"enemies":"Champ","floor":33,"turns":7},{"damage":0,"enemies":"Orb Walker","floor":35,"turns":4},{"damage":20,"enemies":"3 Darklings","floor":36,"turns":4},{"damage":3,"enemies":"Jaw Worm Horde","floor":38,"turns":3},{"damage":12,"enemies":"Writhing Mass","floor":39,"turns":5},{"damage":66,"enemies":"Reptomancer","floor":41,"turns":6},{"damage":22,"enemies":"3 Darklings","floor":45,"turns":3},{"damage":16,"enemies":"4 Shapes","floor":46,"turns":9},{"damage":53,"enemies":"Time Eater","floor":50,"turns":7}],"seed_played":"-2975742303400041009","potions_obtained":[{"floor":11,"key":"LiquidBronze"},{"floor":12,"key":"CultistPotion"},{"floor":16,"key":"Strength Potion"},{"floor":18,"key":"DistilledChaos"},{"floor":31,"key":"AttackPotion"},{"floor":31,"key":"FairyPotion"},{"floor":33,"key":"SmokeBomb"},{"floor":38,"key":"Weak Potion"},{"floor":45,"key":"BloodPotion"},{"floor":46,"key":"FairyPotion"}],"is_trial":false,"path_per_floor":["M","?","?","?","?","R","E","M","T","$","M","M","M","$","R","B",null,"M","?","?","$","M","R","M","M","T","E","M","M","$","?","R","B",null,"M","M","$","M","M","R","E","R","T","?","M","M","R","T","R","B",null],"character_chosen":"IRONCLAD","items_purchased":["Pummel","Headbutt","Shrug It Off","Spot Weakness","Shrug It Off","Sword Boomerang","Bandage Up"],"campfire_rested":4,"item_purchase_floors":[10,14,21,30,30,37,37],"current_hp_per_floor":[68,68,48,48,45,45,24,18,18,18,26,28,36,36,60,32,68,48,48,48,48,50,50,58,43,43,10,8,9,9,9,33,30,68,76,64,64,69,69,69,15,39,39,39,47,43,67,67,67,26],"gold":77,"neow_bonus":"THREE_CARDS","is_daily":false,"chose_seed":false,"campfire_upgraded":4,"win_rate":0.0,"timestamp":1609845171,"path_taken":["M","?","?","?","?","R","E","M","T","$","M","?","M","?","R","BOSS","M","?","?","$","M","R","M","M","T","E","M","?","$","?","R","BOSS","M","M","$","?","?","R","E","R","T","?","M","M","R","?","R","BOSS"],"items_purchased_type":["Card","Card","Card","Card","Card","Card","Card"],"build_version":"2020-12-22","purchased_purges":1,"victory":true,"max_hp_per_floor":[80,80,80,80,80,80,80,80,80,80,80,80,80,80,80,80,80,80,80,80,80,80,80,80,80,80,80,80,80,80,80,80,80,80,80,80,80,80,80,80,80,80,80,80,80,80,80,80,80,80],"card_choices":[{"not_picked":["Hemokinesis","Entrench"],"picked":"Anger","floor":0},{"not_picked":["Body Slam","Anger"],"picked":"Armaments","floor":1},{"not_picked":["Entrench","Body Slam"],"picked":"Cleave","floor":7},{"not_picked":["Carnage","Havoc"],"picked":"Sword Boomerang","floor":8},{"not_picked":["Dual Wield","Body Slam"],"picked":"Spot Weakness","floor":11},{"not_picked":["Feel No Pain","Anger"],"picked":"Shrug It Off","floor":12},{"not_picked":["Body Slam","Exhume"],"picked":"Armaments","floor":13},{"not_picked":["Reaper","Bludgeon"],"picked":"Demon Form","floor":16},{"not_picked":["Armaments","Pommel Strike"],"picked":"Flame Barrier","floor":18},{"not_picked":["Iron Wave+1","Dropkick"],"picked":"Wild Strike+1","floor":22},{"not_picked":["Dark Embrace+1","True Grit","Pommel Strike"],"picked":"SKIP","floor":24},{"not_picked":["Pommel Strike+1","Body Slam"],"picked":"Cleave","floor":25},{"not_picked":["Burning Pact","Second Wind+1"],"picked":"Flex","floor":27},{"not_picked":["Warcry+1","Shockwave"],"picked":"Wild Strike+1","floor":28},{"not_picked":["Sever Soul","Sword Boomerang"],"picked":"Battle Trance","floor":29},{"not_picked":["Offering","Bludgeon"],"picked":"Juggernaut","floor":33},{"not_picked":["Rupture","Clash+1"],"picked":"Sword Boomerang","floor":35},{"not_picked":["Havoc","Thunderclap"],"picked":"Infernal Blade","floor":36},{"not_picked":["Warcry","Havoc+1","Armaments"],"picked":"SKIP","floor":38},{"not_picked":["Rage","Carnage"],"picked":"Cleave+1","floor":39},{"not_picked":["Fire Breathing","Seeing Red+1"],"picked":"Limit Break","floor":41},{"not_picked":["Anger","Pommel Strike"],"picked":"Flex","floor":45},{"not_picked":["Headbutt","Rage+1"],"picked":"Flex","floor":46}],"player_experience":449799,"relics_obtained":[{"floor":7,"key":"Blood Vial"},{"floor":9,"key":"Du-Vu Doll"},{"floor":26,"key":"Ornamental Fan"},{"floor":27,"key":"Centennial Puzzle"},{"floor":41,"key":"Mummified Hand"},{"floor":43,"key":"StrikeDummy"},{"floor":48,"key":"Dream Catcher"}],"event_choices":[{"damage_healed":0,"gold_gain":0,"player_choice":"Leave","damage_taken":0,"max_hp_gain":0,"max_hp_loss":0,"event_name":"The Cleric","floor":2,"gold_loss":0},{"damage_healed":0,"gold_gain":0,"player_choice":"Take Damage","damage_taken":20,"relics_obtained":["Golden Idol"],"max_hp_gain":0,"max_hp_loss":0,"event_name":"Golden Idol","floor":3,"gold_loss":0},{"damage_healed":0,"gold_gain":0,"player_choice":"Box","damage_taken":0,"relics_obtained":["PreservedInsect"],"max_hp_gain":0,"max_hp_loss":0,"event_name":"Big Fish","floor":4,"gold_loss":0,"cards_obtained":["Regret"]},{"damage_healed":0,"gold_gain":0,"player_choice":"Success","damage_taken":3,"relics_obtained":["FossilizedHelix"],"max_hp_gain":0,"max_hp_loss":0,"event_name":"Scrap Ooze","floor":5,"gold_loss":0},{"damage_healed":0,"gold_gain":0,"player_choice":"Obtained Relic","damage_taken":0,"relics_obtained":["Lantern"],"max_hp_gain":0,"max_hp_loss":0,"event_name":"Addict","floor":19,"gold_loss":85},{"damage_healed":0,"gold_gain":0,"player_choice":"Simplicity","damage_taken":0,"max_hp_gain":0,"max_hp_loss":0,"event_name":"Back to Basics","floor":20,"gold_loss":0,"cards_upgraded":["Strike_R","Strike_R","Strike_R","Strike_R","Strike_R","Defend_R","Defend_R","Defend_R","Defend_R"]},{"damage_healed":0,"gold_gain":0,"player_choice":"Got Potions","damage_taken":0,"max_hp_gain":0,"max_hp_loss":0,"event_name":"Lab","floor":31,"gold_loss":0},{"damage_healed":0,"gold_gain":0,"player_choice":"Paid","damage_taken":0,"relics_obtained":["Red Mask"],"max_hp_gain":0,"max_hp_loss":0,"event_name":"Tomb of Lord Red Mask","floor":44,"gold_loss":115}],"is_beta":false,"boss_relics":[{"not_picked":["Runic Dome","Velvet Choker"],"picked":"Runic Cube"},{"not_picked":["Coffee Dripper","Runic Pyramid"],"picked":"Cursed Key"}],"items_purged_floors":[10],"is_endless":false,"potions_floor_spawned":[11,12,16,18,24,27,33,38,45,46],"ascension_level":10}}