{"host":"a5lz0e76zb3fcwkm","time":1609862395,"event":{"mods":["AchievementEnabler","BaseMod","Colored Map","Colored Powertips","Minty Spire (QoL Compilation)","StSLib","SuperFastMode"],"gold_per_floor":[111,36,36,47,61,61,109,13,13,13,32,58,70,97,97,97,97],"floor_reached":16,"playtime":330,"items_purged":[],"score":220,"play_id":"1e3168da-5614-44e6-bd8f-4dc52f7637e3","local_time":"20210106005955","is_ascension_mode":true,"campfire_choices":[{"data":"Shockwave","floor":6,"key":"SMITH"},{"floor":10,"key":"DIG"},{"floor":15,"key":"DIG"}],"circlet_count":0,"master_deck":["AscendersBane","Strike_R","Strike_R+1","Strike_R","Strike_R","Strike_R","Defend_R+1","Defend_R","Defend_R","Defend_R","Bash","Feel No Pain","Shockwave+1","Shrug It Off","Flash of Steel"],"relics":["Burning Blood","Shovel","Toy Ornithopter","Letter Opener","Regal Pillow","Sundial","HornCleat","Boot"],"acts_visited":["Exordium"],"potions_floor_usage":[12,13,16],"damage_taken":[{"damage":14,"enemies":"Jaw Worm","floor":1,"turns":5},{"damage":4,"enemies":"Small Slimes","floor":4,"turns":4},{"damage":1,"enemies":"Cultist","floor":5,"turns":4},{"damage":4,"enemies":"Large Slime","floor":11,"turns":6},{"damage":27,"enemies":"Gremlin Nob","floor":12,"turns":5},{"damage":10,"enemies":"Exordium Wildlife","floor":13,"turns":5},{"damage":22,"enemies":"Lagavulin","floor":14,"turns":7},{"damage":24,"enemies":"Hexaghost","floor":16,"turns":9}],"seed_played":"7124107924380382774","potions_obtained":[{"floor":4,"key":"SmokeBomb"},{"floor":11,"key":"Block Potion"},{"floor":12,"key":"BlessingOfTheForge"},{"floor":14,"key":"EssenceOfSteel"}],"is_trial":false,"path_per_floor":["M","?","?","M","M","R","T","$","T","R","M","E","M","E","R","B"],"character_chosen":"IRONCLAD","items_purchased":["Flash of Steel"],"campfire_rested":0,"item_purchase_floors":[8],"current_hp_per_floor":[60,60,37,39,44,44,44,44,44,44,46,30,31,15,15,0,0],"gold":97,"neow_bonus":"ONE_RARE_RELIC","is_daily":false,"chose_seed":false,"campfire_upgraded":1,"win_rate":0.0,"timestamp":1609862395,"path_taken":["M","?","?","M","M","R","?","$","T","R","M","E","M","E","R","BOSS"],"items_purchased_type":["Card"],"build_version":"2020-12-22","purchased_purges":0,"victory":false,"max_hp_per_floor":[75,75,75,75,75,75,75,75,75,75,75,75,75,75,75,75,75],"card_choices":[{"not_picked":["Havoc","Clothesline"],"picked":"Feel No Pain","floor":1},{"not_picked":["Perfected Strike","True Grit"],"picked":"Shockwave","floor":4},{"not_picked":["Pummel","Clash"],"picked":"Shrug It Off","floor":5},{"not_picked":["Twin Strike","Clothesline","Heavy Blade"],"picked":"SKIP","floor":11},{"not_picked":["Infernal Blade","Anger","Warcry"],"picked":"SKIP","floor":12},{"not_picked":["Warcry","Rampage","Shrug It Off"],"picked":"SKIP","floor":13},{"not_picked":["Exhume","Rampage","Spot Weakness"],"picked":"SKIP","floor":14}],"player_experience":1672313,"relics_obtained":[{"floor":7,"key":"Toy Ornithopter"},{"floor":9,"key":"Letter Opener"},{"floor":10,"key":"Regal Pillow"},{"floor":12,"key":"Sundial"},{"floor":14,"key":"HornCleat"},{"floor":15,"key":"Boot"}],"event_choices":[{"cards_removed":["Doubt"],"damage_healed":0,"gold_gain":0,"player_choice":"Card Removal","damage_taken":0,"max_hp_gain":0,"max_hp_loss":0,"event_name":"The Cleric","floor":2,"gold_loss":75},{"damage_healed":0,"gold_gain":0,"player_choice":"Entered Light","damage_taken":23,"max_hp_gain":0,"max_hp_loss":0,"event_name":"Shining Light","floor":3,"gold_loss":0,"cards_upgraded":["Defend_R","Strike_R"]}],"is_beta":false,"boss_relics":[],"items_purged_floors":[],"is_endless":false,"potions_floor_spawned":[4,11,12,14],"killed_by":"Hexaghost","ascension_level":20}}