{"host":"sav7uxregyirlf69","time":1609872794,"event":{"mods":["AchievementEnabler","BaseMod","Colored Map","DeckTracker","Keyboard Shortcuts","Minty Spire (QoL Compilation)","READ ME - Guardian Mod","StSLib","SuperFastMode"],"gold_per_floor":[111,125,125,135,135,135,146,146,173,173,255,180,208,227,227,227,227],"floor_reached":16,"playtime":242,"items_purged":["Strike_B"],"score":250,"play_id":"162903a1-2ffc-4160-ba87-242390f15e9a","local_time":"20210106035314","is_ascension_mode":true,"campfire_choices":[{"data":"Zap","floor":6,"key":"SMITH"},{"data":"Turbo","floor":8,"key":"SMITH"},{"data":"Double Energy","floor":10,"key":"SMITH"},{"data":"Skim","floor":15,"key":"SMITH"}],"circlet_count":0,"master_deck":["AscendersBane","Strike_B","Strike_B","Defend_B","Defend_B","Defend_B","Zap+1","Dualcast","Double Energy+1","Turbo+1","Compile Driver","Streamline+1","Sweeping Beam","Skim+1","Cold Snap"],"relics":["Cracked Core","Anchor","Frozen Egg 2","Juzu Bracelet"],"acts_visited":["Exordium"],"potions_floor_usage":[13,16],"damage_taken":[{"damage":10,"enemies":"Small Slimes","floor":1,"turns":4},{"damage":9,"enemies":"Jaw Worm","floor":2,"turns":4},{"damage":1,"enemies":"Cultist","floor":4,"turns":3},{"damage":7,"enemies":"2 Fungi Beasts","floor":7,"turns":2},{"damage":0,"enemies":"3 Sentries","floor":13,"turns":4},{"damage":6,"enemies":"Large Slime","floor":14,"turns":2},{"damage":35,"enemies":"The Guardian","floor":16,"turns":7}],"seed_played":"-9125552848014953478","potions_obtained":[{"floor":2,"key":"EssenceOfSteel"},{"floor":4,"key":"BlessingOfTheForge"},{"floor":14,"key":"SpeedPotion"}],"is_trial":false,"path_per_floor":["M","M","?","M","?","R","M","R","T","R","T","$","E","M","R","B"],"character_chosen":"DEFECT","items_purchased":[],"campfire_rested":0,"item_purchase_floors":[],"current_hp_per_floor":[54,45,45,44,44,44,37,37,37,37,37,37,37,31,31,0,0],"gold":227,"neow_bonus":"TRANSFORM_TWO_CARDS","is_daily":false,"chose_seed":false,"campfire_upgraded":4,"win_rate":0.0,"timestamp":1609872794,"path_taken":["M","M","?","M","?","R","M","R","T","R","?","$","E","M","R","BOSS"],"items_purchased_type":[],"build_version":"2020-12-22","purchased_purges":1,"victory":false,"max_hp_per_floor":[64,64,64,64,64,64,64,64,64,64,64,64,64,64,64,64,64],"card_choices":[{"not_picked":["Steam","Storm"],"picked":"Compile Driver","floor":1},{"not_picked":["Hologram","Loop"],"picked":"Streamline","floor":2},{"not_picked":["Conserve Battery","Barrage"],"picked":"Sweeping Beam","floor":4},{"not_picked":["Redo","Beam Cell"],"picked":"Skim","floor":7},{"not_picked":["Doom and Gloom","Leap"],"picked":"Cold Snap","floor":13},{"not_picked":["Conserve Battery","Scrape","Sweeping Beam"],"picked":"SKIP","floor":14}],"player_experience":1152969,"relics_obtained":[{"floor":9,"key":"Anchor"},{"floor":11,"key":"Frozen Egg 2"},{"floor":13,"key":"Juzu Bracelet"}],"event_choices":[{"damage_healed":0,"gold_gain":0,"player_choice":"Grow","damage_taken":0,"max_hp_gain":0,"max_hp_loss":0,"event_name":"Living Wall","floor":3,"gold_loss":0,"cards_upgraded":["Streamline"]},{"damage_healed":0,"gold_gain":0,"player_choice":"Ignored","damage_taken":0,"max_hp_gain":0,"max_hp_loss":0,"event_name":"Liars Game","floor":5,"gold_loss":0}],"is_beta":false,"boss_relics":[],"items_purged_floors":[12],"is_endless":false,"potions_floor_spawned":[2,4,14],"killed_by":"The Guardian","ascension_level":20}}