{"host":"ga4s3hj9m6nkn6gp","time":1609869430,"event":{"mods":["AchievementEnabler","BaseMod","Colored Powertips","Highlight Path","Minty Spire (QoL Compilation)","Relic Stats","everything is the same but u backflip on backflip"],"gold_per_floor":[119,131,131,131,41,41,59,94,94,112,112,128,158,171,171,248,248,265,265,283,58,72,72,88,103,153,153,153,172,172,188,188,264,264,281,297,44,57,71,106,106,133,179,179,212,212,54,73,73,73,73,73,73,37,72,72],"floor_reached":57,"playtime":4832,"items_purged":["Strike_G"],"score":2637,"play_id":"75026571-75ab-45ed-8d8b-b350f05f7d48","local_time":"20210105185710","is_ascension_mode":true,"campfire_choices":[{"data":"Masterful Stab","floor":6.0,"key":"SMITH"},{"floor":11.0,"key":"REST"},{"floor":15.0,"key":"REST"},{"floor":23.0,"key":"DIG"},{"data":"Wraith Form v2","floor":30.0,"key":"SMITH"},{"data":"Wraith Form v2","floor":32.0,"key":"SMITH"},{"data":"Night Terror","floor":41.0,"key":"SMITH"},{"floor":44.0,"key":"DIG"},{"floor":46.0,"key":"RECALL"},{"floor":49,"key":"DIG"},{"floor":53,"key":"DIG"}],"circlet_count":0,"master_deck":["AscendersBane","Strike_G","Defend_G","Defend_G","Defend_G","Defend_G","Defend_G","Survivor","Neutralize","Heel Hook","Phantasmal Killer","Dagger Throw","Masterful Stab+1","Backstab","Catalyst","Leg Sweep","Acrobatics","PiercingWail","Adrenaline","Well Laid Plans","Wraith Form v2+1","Infinite Blades+1","Calculated Gamble","Storm of Steel","Infinite Blades","Ghostly","Ghostly","Ghostly","Wraith Form v2+1","Terror","Acrobatics","Night Terror+1","Infinite Blades","Endless Agony","Accuracy","PiercingWail","Acrobatics","Envenom","Blade Dance+1","Calculated Gamble+1","Backflip+1"],"relics":["Ring of the Snake","StoneCalendar","Bronze Scales","Shovel","PreservedInsect","WristBlade","Eternal Feather","Omamori","Sozu","ClockworkSouvenir","Pantograph","InkBottle","Toxic Egg 2","Blue Candle","OrangePellets","Centennial Puzzle","Ornamental Fan","Letter Opener"],"acts_visited":["Exordium","TheCity","TheBeyond","TheEnding"],"potions_floor_usage":[],"damage_taken":[{"damage":0.0,"enemies":"Cultist","floor":1.0,"turns":4.0},{"damage":4.0,"enemies":"Small Slimes","floor":2.0,"turns":4.0},{"damage":6.0,"enemies":"Jaw Worm","floor":7.0,"turns":4.0},{"damage":10.0,"enemies":"3 Sentries","floor":8.0,"turns":7.0},{"damage":4.0,"enemies":"Exordium Wildlife","floor":10.0,"turns":4.0},{"damage":3.0,"enemies":"Large Slime","floor":12.0,"turns":7.0},{"damage":19.0,"enemies":"Lagavulin","floor":13.0,"turns":7.0},{"damage":1.0,"enemies":"Lots of Slimes","floor":14.0,"turns":3.0},{"damage":1.0,"enemies":"The Guardian","floor":16.0,"turns":10.0},{"damage":1.0,"enemies":"2 Thieves","floor":18.0,"turns":4.0},{"damage":0.0,"enemies":"Chosen","floor":20.0,"turns":3.0},{"damage":0.0,"enemies":"3 Cultists","floor":22.0,"turns":4.0},{"damage":4.0,"enemies":"Snecko","floor":24.0,"turns":4.0},{"damage":7.0,"enemies":"Snake Plant","floor":25.0,"turns":3.0},{"damage":0.0,"enemies":"Centurion and Healer","floor":29.0,"turns":5.0},{"damage":2.0,"enemies":"3 Cultists","floor":31.0,"turns":4.0},{"damage":10.0,"enemies":"Collector","floor":33.0,"turns":7.0},{"damage":5.0,"enemies":"3 Darklings","floor":35.0,"turns":7.0},{"damage":1.0,"enemies":"Orb Walker","floor":36.0,"turns":2.0},{"damage":3.0,"enemies":"Spire Growth","floor":38.0,"turns":5.0},{"damage":3.0,"enemies":"Maw","floor":39.0,"turns":6.0},{"damage":6.0,"enemies":"Reptomancer","floor":40.0,"turns":4.0},{"damage":4.0,"enemies":"Nemesis","floor":42.0,"turns":7.0},{"damage":3.0,"enemies":"Giant Head","floor":45.0,"turns":7.0},{"damage":20,"enemies":"Transient","floor":48,"turns":6},{"damage":22,"enemies":"Donu and Deca","floor":50,"turns":10},{"damage":14,"enemies":"Awakened One","floor":51,"turns":12},{"damage":8,"enemies":"Shield and Spear","floor":55,"turns":9},{"damage":40,"enemies":"The Heart","floor":56,"turns":14}],"seed_played":"-8328307268033691885","potions_obtained":[{"floor":8.0,"key":"Strength Potion"},{"floor":12.0,"key":"Explosive Potion"},{"floor":13.0,"key":"FairyPotion"},{"floor":16.0,"key":"Fire Potion"}],"is_trial":false,"path_per_floor":["M","M","?","?","$","R","M","E","T","M","R","M","E","M","R","B",null,"M","?","M","$","M","R","M","M","T","?","?","M","R","M","R","B",null,"M","M","$","M","M","E","R","E","T","R","E","R","$","M","R","B","B",null,"R","$","E","B",null],"character_chosen":"THE_SILENT","items_purchased":["Backstab","Storm of Steel","Accuracy","ClockworkSouvenir","PiercingWail","OrangePellets","Calculated Gamble+1"],"campfire_rested":2,"item_purchase_floors":[5,21,37,37,37,47,54],"current_hp_per_floor":[44,40,40,29,29,29,23,13,13,9,28,25,6,5,24,23,55,54,54,54,54,54,54,50,43,43,33,33,33,33,31,33,23,31,26,25,25,22,19,13,33,29,29,33,30,33,33,13,33,11,19,30,33,33,25,2],"gold":72,"neow_bonus":"TRANSFORM_TWO_CARDS","is_daily":false,"chose_seed":false,"campfire_upgraded":4,"win_rate":0.0,"timestamp":1609869430,"path_taken":["M","M","?","?","?","R","M","E","T","M","R","M","E","?","R","BOSS","M","?","M","$","M","R","M","?","T","?","?","M","R","M","R","BOSS","M","?","$","M","M","E","R","E","T","R","E","R","$","M","R","BOSS","BOSS","R","$","E","BOSS"],"items_purchased_type":["Card","Card","Card","Relic","Card","Relic","Card"],"build_version":"2020-12-22","purchased_purges":1,"victory":true,"max_hp_per_floor":[66,66,66,66,66,66,66,66,66,66,66,66,66,66,66,66,66,66,66,66,66,66,66,66,66,66,33,33,33,33,33,33,33,33,33,33,33,33,33,33,33,33,33,33,33,33,33,33,33,33,33,33,33,33,33,33],"relic_stats":{"counters":[29,173],"Blue Candle":[0],"StoneCalendar":[324],"Eternal Feather":52,"PreservedInsect":319,"Letter Opener":[25],"Sozu":5,"OrangePellets":[13],"Centennial Puzzle":[12],"Shovel":4,"Ornamental Fan":[40],"Bronze Scales":[629],"Pantograph":30,"obtain_stats":[{"Blue Candle":45,"StoneCalendar":4,"Eternal Feather":23,"PreservedInsect":13,"Omamori":26,"Letter Opener":55,"ClockworkSouvenir":37,"Sozu":34,"OrangePellets":47,"Centennial Puzzle":49,"Shovel":9,"WristBlade":17,"Ornamental Fan":53,"Bronze Scales":8,"Pantograph":40,"Toxic Egg 2":44,"InkBottle":42,"Ring of the Snake":0},{"Blue Candle":24,"StoneCalendar":2,"Eternal Feather":12,"PreservedInsect":7,"Omamori":14,"Letter Opener":28,"ClockworkSouvenir":19,"Sozu":17,"OrangePellets":24,"Centennial Puzzle":25,"Shovel":4,"WristBlade":9,"Ornamental Fan":27,"Bronze Scales":4,"Pantograph":22,"Toxic Egg 2":23,"InkBottle":23,"Ring of the Snake":0},{"Blue Candle":122,"StoneCalendar":8,"Eternal Feather":61,"PreservedInsect":37,"Omamori":68,"Letter Opener":159,"ClockworkSouvenir":93,"Sozu":84,"OrangePellets":122,"Centennial Puzzle":128,"Shovel":19,"WristBlade":50,"Ornamental Fan":150,"Bronze Scales":19,"Pantograph":108,"Toxic Egg 2":115,"InkBottle":115,"Ring of the Snake":0}],"InkBottle":[37],"Ring of the Snake":[58]},"card_choices":[{"not_picked":["Bane","Cloak And Dagger"],"picked":"Dagger Throw","floor":1.0},{"not_picked":["Deadly Poison","Flying Knee"],"picked":"Masterful Stab","floor":2.0},{"not_picked":["Deadly Poison","Bane"],"picked":"Catalyst","floor":7.0},{"not_picked":["Outmaneuver","Malaise"],"picked":"Leg Sweep","floor":8.0},{"not_picked":["Reflex","PiercingWail"],"picked":"Acrobatics","floor":10.0},{"not_picked":["Reflex","Dagger Throw"],"picked":"PiercingWail","floor":12.0},{"not_picked":["Predator","Setup"],"picked":"Adrenaline","floor":13.0},{"not_picked":["Outmaneuver","Dagger Throw"],"picked":"Well Laid Plans","floor":14.0},{"not_picked":["Die Die Die","A Thousand Cuts"],"picked":"Wraith Form v2","floor":16.0},{"not_picked":["Distraction","Dodge and Roll"],"picked":"Infinite Blades+1","floor":18.0},{"not_picked":["Choke","Caltrops","Underhanded Strike"],"picked":"SKIP","floor":20.0},{"not_picked":["Sucker Punch","Crippling Poison"],"picked":"Infinite Blades","floor":22.0},{"not_picked":["Quick Slash+1","Deflect","Flying Knee+1"],"picked":"SKIP","floor":24.0},{"not_picked":["Backflip","Poisoned Stab","All Out Attack"],"picked":"SKIP","floor":25.0},{"not_picked":["Infinite Blades","Glass Knife"],"picked":"Terror","floor":29.0},{"not_picked":["Slice","Dagger Spray"],"picked":"Acrobatics","floor":31.0},{"not_picked":["Wraith Form v2","Die Die Die"],"picked":"Night Terror","floor":33.0},{"not_picked":["Masterful Stab+1","Concentrate"],"picked":"Infinite Blades","floor":35.0},{"not_picked":["Backstab","Calculated Gamble"],"picked":"Endless Agony","floor":36.0},{"not_picked":["Bane","Deadly Poison+1","Prepared"],"picked":"SKIP","floor":38.0},{"not_picked":["Footwork+1","Sucker Punch","Blur"],"picked":"SKIP","floor":39.0},{"not_picked":["Quick Slash","Deflect"],"picked":"Acrobatics","floor":40.0},{"not_picked":["Predator","Cloak And Dagger","Dagger Throw"],"picked":"SKIP","floor":42.0},{"not_picked":["Quick Slash","Dodge and Roll+1"],"picked":"Envenom","floor":45.0},{"not_picked":["Dagger Throw","Deadly Poison+1"],"picked":"Blade Dance+1","floor":48},{"not_picked":["Dagger Throw","Slice"],"picked":"Backflip+1","floor":55}],"player_experience":581227,"relics_obtained":[{"floor":8.0,"key":"Bronze Scales"},{"floor":9.0,"key":"Shovel"},{"floor":13.0,"key":"PreservedInsect"},{"floor":23.0,"key":"Eternal Feather"},{"floor":26.0,"key":"Omamori"},{"floor":40.0,"key":"Pantograph"},{"floor":42.0,"key":"InkBottle"},{"floor":44.0,"key":"Toxic Egg 2"},{"floor":45.0,"key":"Blue Candle"},{"floor":49,"key":"Centennial Puzzle"},{"floor":53,"key":"Ornamental Fan"},{"floor":55,"key":"Letter Opener"}],"event_choices":[{"damage_healed":0.0,"max_hp_gain":0.0,"max_hp_loss":0.0,"gold_gain":0.0,"event_name":"The Cleric","player_choice":"Leave","floor":3.0,"gold_loss":0.0,"damage_taken":0.0},{"damage_healed":0.0,"max_hp_gain":0.0,"max_hp_loss":0.0,"gold_gain":0.0,"event_name":"Scrap Ooze","player_choice":"Success","floor":4.0,"gold_loss":0.0,"damage_taken":11.0,"relics_obtained":["StoneCalendar"]},{"damage_healed":0.0,"max_hp_gain":0.0,"max_hp_loss":0.0,"gold_gain":0.0,"cards_transformed":["Strike_G"],"event_name":"Transmorgrifier","player_choice":"Transformed","floor":19.0,"gold_loss":0.0,"damage_taken":0.0,"cards_obtained":["Calculated Gamble"]},{"damage_healed":0.0,"max_hp_gain":0.0,"max_hp_loss":33.0,"gold_gain":0.0,"event_name":"Ghosts","player_choice":"Became a Ghost","floor":27.0,"gold_loss":0.0,"damage_taken":0.0,"cards_obtained":["Ghostly","Ghostly","Ghostly"]},{"damage_healed":0.0,"max_hp_gain":0.0,"max_hp_loss":0.0,"gold_gain":0.0,"event_name":"Duplicator","player_choice":"Copied","floor":28.0,"gold_loss":0.0,"damage_taken":0.0,"cards_obtained":["Wraith Form v2"]}],"is_beta":false,"boss_relics":[{"not_picked":["Black Star","SacredBark"],"picked":"WristBlade"},{"not_picked":["Runic Dome","Ring of the Serpent"],"picked":"Sozu"}],"items_purged_floors":[21],"is_endless":false,"potions_floor_spawned":[8,12,13,14,16,18,24,29,33,38,40,42,48,55],"ascension_level":20}}