{"host":"fhq3k2nq5elnbks3","time":1609881246,"event":{"mods":["100% Spire Juice","2.2 Compatiblity","AchievementEnabler","Act Like it!","AlwaysNeverKeys","Aspiration","BaseMod","Better-Laid Plans","Block Reminder","CCEM","Card Filter","Colored Powertips","Displayed Cursed Tome","GifTheSpireLib","Gremlin Skip","HololiveMod","Marisa????????","Minty Spire (QoL Compilation)","Permanent Neow","Prisma Mod","Quick Restart","Reimu??????","Relic Filter","Shop Mod","Spikes Relics","StSLib","SuperFastMode","The Gatherer","The Servant 0.9.4","The Wild Card","TheBandit","Transform Curses","Uncapped","Unknown Chances","thorton","vexMod"],"gold_per_floor":[129,153,153,173,173,173,215,215,283,283,308,308,308,84,84,92,92,92],"floor_reached":16,"playtime":1281,"items_purged":[],"score":97,"play_id":"106a8371-1bff-4cd7-a5d6-3f07a54771d5","local_time":"20210105151406","is_ascension_mode":false,"campfire_choices":[{"data":"thethorton:Investment","floor":6,"key":"SMITH"},{"data":"thethorton:Heckle","floor":8,"key":"SMITH"},{"data":"thethorton:Defend","floor":10,"key":"SMITH"},{"data":"thethorton:Defend","floor":12,"key":"SMITH"},{"data":"thethorton:Defend","floor":15,"key":"SMITH"}],"circlet_count":0,"master_deck":["thethorton:Strike+1","thethorton:Strike","thethorton:Strike","thethorton:Strike","thethorton:Defend+1","thethorton:Defend+1","thethorton:Defend+1","thethorton:Defend+1","thethorton:Heckle+1","thethorton:CreditCard","thethorton:PocketChange","thethorton:PocketChange","thethorton:Investment+1","thethorton:PocketChange"],"relics":["thethorton:CouragePotion","aspiration:Nostalgia","PrismaMod:PrismaSapphire","Spirit Poop","Potion Belt","Singing Bowl","aspiration:StickyExplosives","MerchantsRug","Oddly Smooth Stone"],"acts_visited":["Exordium"],"potions_floor_usage":[],"damage_taken":[{"damage":0,"enemies":"Jaw Worm","floor":1,"turns":7},{"damage":1,"enemies":"Cultist","floor":2,"turns":4},{"damage":0,"enemies":"2 Louse","floor":4,"turns":6},{"damage":24,"enemies":"Lagavulin","floor":7,"turns":7},{"damage":3,"enemies":"Exordium Thugs","floor":11,"turns":5},{"damage":29,"enemies":"Hexaghost","floor":16,"turns":11}],"seed_played":"-1534520483103108457","potions_obtained":[{"floor":1,"key":"SmokeBomb"},{"floor":7,"key":"Ancient Potion"},{"floor":11,"key":"AttackPotion"}],"is_trial":false,"path_per_floor":["M","M","?","M","?","R","E","R","T","R","M","R","T","$","R","B"],"character_chosen":"THE_THORT","items_purchased":["MerchantsRug","Oddly Smooth Stone"],"campfire_rested":0,"item_purchase_floors":[14,14],"current_hp_per_floor":[68,67,53,53,53,53,29,29,29,29,28,28,28,28,28,0,0,0],"gold":92,"neow_bonus":"NOSTALGIA","is_daily":false,"chose_seed":false,"campfire_upgraded":5,"win_rate":0.0,"timestamp":1609881246,"path_taken":["M","M","?","M","?","R","E","R","T","R","?","R","?","$","R","BOSS"],"items_purchased_type":["Relic","Relic"],"build_version":"2020-12-22","purchased_purges":0,"victory":false,"max_hp_per_floor":[68,68,68,68,68,68,68,68,68,68,70,70,70,70,70,70,70,70],"card_choices":[{"not_picked":["thethorton:FeelNoBrain","thethorton:ShoutAndRun"],"picked":"thethorton:PocketChange","floor":1},{"not_picked":["thethorton:CashBash","thethorton:SnowDay"],"picked":"thethorton:PocketChange","floor":2},{"not_picked":["thethorton:DoubleRun","thethorton:CashBash"],"picked":"thethorton:Investment","floor":4},{"not_picked":["thethorton:WhirlingBriefcase","thethorton:SheetShred"],"picked":"thethorton:PocketChange","floor":7},{"not_picked":["thethorton:CoinClash","thethorton:AngerMoment","thethorton:WhirlingBriefcase"],"picked":"Singing Bowl","floor":11}],"player_experience":336049,"relics_obtained":[{"floor":7,"key":"Potion Belt"},{"floor":9,"key":"Singing Bowl"},{"floor":13,"key":"aspiration:StickyExplosives"}],"event_choices":[{"damage_healed":0,"gold_gain":0,"player_choice":"Entered Light","damage_taken":14,"max_hp_gain":0,"max_hp_loss":0,"event_name":"Shining Light","floor":3,"gold_loss":0,"cards_upgraded":["thethorton:Strike","thethorton:Defend"]},{"cards_removed":["Normality"],"damage_healed":0,"gold_gain":0,"player_choice":"Offered Curse","damage_taken":0,"relics_obtained":["Spirit Poop"],"max_hp_gain":0,"max_hp_loss":0,"event_name":"Bonfire Elementals","floor":5,"gold_loss":0}],"is_beta":false,"boss_relics":[],"items_purged_floors":[],"is_endless":false,"potions_floor_spawned":[1,7,11],"killed_by":"Hexaghost","ascension_level":0}}