{"host":"e48gchmu8shm63ip","time":1609868548,"event":{"mods":["Abigail Mod","AchievementEnabler","Act Like it!","BaseMod","Better Match","Better Note","Better Vampires","CapriCore","DeckTracker","Exacting","Gensokyo","Googly Eyes","Hallownest","Hermit","HololiveMod","Infinite Spire","Jorbs\u0027s Wanderer Trilogy","Koishi","Marisa????????","Minty Spire (QoL Compilation)","Railgun Mod","Rare Cards Sparkle","Relic Filter","Relic Stats","Remilia??????","Robot Space Explorer","Shade Mod","StSLib","The Animator","The Caster","The Construct","The Dragon Tamer","The Forsaken","The Immortal","The Judge","The Marked","The Poker Player","The Servant 0.9.4","TheSwordswoman","Waifu the Spire"],"gold_per_floor":[132,147,147,174,189,189,63,63,63,83,83,98,109,143,143,143,143],"floor_reached":16,"playtime":1370,"items_purged":["theMarked:Strike"],"score":97,"play_id":"89064777-7912-4e63-87a2-440af76791c4","local_time":"20210105184228","is_ascension_mode":true,"campfire_choices":[{"floor":6,"key":"REST"},{"floor":15,"key":"REST"}],"circlet_count":0,"master_deck":["theMarked:Strike","theMarked:Strike","theMarked:Strike","theMarked:Defend","theMarked:Defend","theMarked:Defend","theMarked:SoldierOfQuellstein","theMarked:RepellingDischarge","theMarked:Parkour","theMarked:ShockingTouch","theMarked:Aftermath","theMarked:ChainLightning","theMarked:Electrocute"],"relics":["theMarked:ArtifactOfAir"],"acts_visited":["Exordium"],"potions_floor_usage":[],"damage_taken":[{"damage":8,"enemies":"Hallownest:monsterHuskGuard","floor":1,"turns":5},{"damage":7,"enemies":"Hallownest:monsterMarmu","floor":2,"turns":12},{"damage":6,"enemies":"Hallownest:2_Tiktiks_and_1_Crawlid","floor":4,"turns":5},{"damage":0,"enemies":"Hallownest:monsterHuskWarrior","floor":5,"turns":3},{"damage":0,"enemies":"Hallownest:monsterMossCharger","floor":10,"turns":3},{"damage":0,"enemies":"Hallownest:monsterAspidMother","floor":12,"turns":3},{"damage":10,"enemies":"Hallownest:monsterFoolEater","floor":13,"turns":4},{"damage":20,"enemies":"Hallownest:1_Ooma_and_2_Uuma","floor":14,"turns":8},{"damage":46,"enemies":"Hallownest:BossHornet","floor":16,"turns":14}],"seed_played":"2993137399157818779","potions_obtained":[{"floor":1,"key":"FearPotion"},{"floor":5,"key":"Fire Potion"},{"floor":10,"key":"BlessingOfTheForge"},{"floor":13,"key":"Regen Potion"}],"is_trial":false,"path_per_floor":["M","?","?","M","M","R","$","?","T","M","?","M","M","M","R","B"],"character_chosen":"THE_DEFAULT","items_purchased":["theMarked:Aftermath"],"campfire_rested":2,"item_purchase_floors":[7],"current_hp_per_floor":[62,55,55,49,49,70,70,70,70,70,70,70,60,40,61,15,15],"gold":143,"neow_bonus":"THREE_CARDS","is_daily":false,"chose_seed":false,"campfire_upgraded":0,"win_rate":0.0,"timestamp":1609868548,"path_taken":["M","?","?","M","M","R","$","?","T","M","?","M","?","M","R","BOSS"],"items_purchased_type":["Card"],"build_version":"2020-12-22","purchased_purges":1,"victory":false,"max_hp_per_floor":[70,70,70,70,70,70,70,70,70,70,70,70,70,70,70,70,70],"relic_stats":{"counters":[9,57],"obtain_stats":[{"theMarked:ArtifactOfAir":0},{"theMarked:ArtifactOfAir":0},{"theMarked:ArtifactOfAir":0}]},"card_choices":[{"not_picked":["theMarked:WardOff","theMarked:DeterminationOfTheMarked"],"picked":"theMarked:RepellingDischarge","floor":1},{"not_picked":["theMarked:TakeCover","theMarked:BanishingStrike"],"picked":"theMarked:Parkour","floor":4},{"not_picked":["theMarked:TwofoldDefense","theMarked:SwordAndMagic"],"picked":"theMarked:ShockingTouch","floor":5},{"not_picked":["theMarked:LightningStrikesTwice","theMarked:Frustration"],"picked":"theMarked:ChainLightning","floor":10},{"not_picked":["theMarked:Aftermath","theMarked:ResourceFulStrike","theMarked:MuscleMemory"],"picked":"SKIP","floor":12},{"not_picked":["theMarked:WastefulAttack","theMarked:TunnelVision","theMarked:Improvise"],"picked":"SKIP","floor":13},{"not_picked":["theMarked:Aftermath","theMarked:WardOff"],"picked":"theMarked:Electrocute","floor":14},{"not_picked":["theMarked:WastefulDefense","theMarked:RepellingDischarge","theMarked:Improvise"],"picked":"SKIP","floor":14}],"player_experience":663663,"relics_obtained":[],"event_choices":[],"is_beta":false,"boss_relics":[],"items_purged_floors":[7],"is_endless":false,"potions_floor_spawned":[1,5,10,13],"killed_by":"Hallownest:BossHornet","ascension_level":1}}