{"host":"sl4rf9j4s63ev6os","time":1609841520,"event":{"mods":["AchievementEnabler","BaseMod","Colored Map","Colored Powertips","DeckTracker","Minty Spire (QoL Compilation)","Relic Sorter"],"gold_per_floor":[119,131,131,144,69,97,115,115,139,159,159,171,190,190,190,288,288,299,299,311,331,151,176,186,186,186],"floor_reached":25,"playtime":1894,"items_purged":["Defend_R","Defend_R"],"score":263,"play_id":"f93a745e-b150-4b4d-927a-50b256fda6ed","local_time":"20210105201200","is_ascension_mode":true,"campfire_choices":[{"data":"Body Slam","floor":8,"key":"SMITH"},{"floor":15,"key":"RECALL"}],"circlet_count":0,"master_deck":["Strike_R+1","Strike_R","Strike_R","Strike_R","Defend_R","Bash+1","Shrug It Off","Body Slam+1","Shrug It Off","Shrug It Off","Metallicize","Shrug It Off","Body Slam","Shame","Inflame"],"relics":["Burning Blood","Happy Flower","Runic Pyramid","Boot","Regal Pillow"],"acts_visited":["Exordium","TheCity"],"potions_floor_usage":[11,16,16,16,20,21,21],"damage_taken":[{"damage":0,"enemies":"2 Louse","floor":1,"turns":3},{"damage":0,"enemies":"Small Slimes","floor":2,"turns":5},{"damage":2,"enemies":"Cultist","floor":4,"turns":4},{"damage":36,"enemies":"Gremlin Nob","floor":6,"turns":5},{"damage":7,"enemies":"2 Fungi Beasts","floor":7,"turns":4},{"damage":8,"enemies":"Large Slime","floor":10,"turns":6},{"damage":0,"enemies":"3 Louse","floor":12,"turns":3},{"damage":2,"enemies":"Exordium Thugs","floor":13,"turns":6},{"damage":2,"enemies":"The Guardian","floor":16,"turns":10},{"damage":0,"enemies":"Shell Parasite","floor":18,"turns":7},{"damage":16,"enemies":"2 Thieves","floor":20,"turns":4},{"damage":5,"enemies":"Sentry and Sphere","floor":21,"turns":8},{"damage":68,"enemies":"Book of Stabbing","floor":23,"turns":8},{"damage":1,"enemies":"Centurion and Healer","floor":24,"turns":9},{"damage":20,"enemies":"Gremlin Leader","floor":25,"turns":3}],"seed_played":"4575138790264619381","potions_obtained":[{"floor":1,"key":"Block Potion"},{"floor":2,"key":"BloodPotion"},{"floor":4,"key":"Dexterity Potion"},{"floor":13,"key":"DuplicationPotion"},{"floor":16,"key":"Weak Potion"},{"floor":18,"key":"Energy Potion"},{"floor":20,"key":"SteroidPotion"},{"floor":24,"key":"Explosive Potion"}],"is_trial":false,"path_per_floor":["M","M","?","M","$","E","M","R","T","M","?","M","M","?","R","B",null,"M","?","M","M","$","E","M","E"],"character_chosen":"IRONCLAD","items_purchased":["Inflame"],"campfire_rested":0,"item_purchase_floors":[22],"current_hp_per_floor":[62,68,73,77,77,47,46,46,46,44,61,67,71,54,54,58,85,85,85,75,76,76,14,19,0,0],"gold":186,"neow_bonus":"REMOVE_TWO","is_daily":false,"chose_seed":false,"campfire_upgraded":1,"win_rate":0.0,"timestamp":1609841520,"path_taken":["M","M","?","M","$","E","M","R","T","M","?","M","?","?","R","BOSS","M","?","M","M","$","E","M","E"],"items_purchased_type":["Card"],"build_version":"2020-12-22","purchased_purges":2,"victory":false,"max_hp_per_floor":[80,80,85,85,85,85,85,85,85,85,85,85,85,85,85,85,85,85,85,85,85,85,85,85,85,85],"card_choices":[{"not_picked":["Clash","Sword Boomerang"],"picked":"Shrug It Off","floor":1},{"not_picked":["Blood for Blood","Warcry"],"picked":"Body Slam","floor":2},{"not_picked":["Headbutt","Wild Strike"],"picked":"Shrug It Off","floor":4},{"not_picked":["Second Wind","Sword Boomerang","Bludgeon"],"picked":"SKIP","floor":6},{"not_picked":["Infernal Blade","Wild Strike","Sword Boomerang"],"picked":"SKIP","floor":7},{"not_picked":["Disarm","Hemokinesis"],"picked":"Shrug It Off","floor":10},{"not_picked":["Bloodletting","Sword Boomerang"],"picked":"Metallicize","floor":12},{"not_picked":["Disarm","Warcry"],"picked":"Shrug It Off","floor":13},{"not_picked":["Pommel Strike","Armaments+1"],"picked":"Body Slam","floor":18},{"not_picked":["Uppercut","Inflame","Havoc"],"picked":"SKIP","floor":20},{"not_picked":["Spot Weakness","Sword Boomerang","Shrug It Off"],"picked":"SKIP","floor":21},{"not_picked":["Anger","Battle Trance","Infernal Blade"],"picked":"SKIP","floor":23},{"not_picked":["Twin Strike","Wild Strike","Anger"],"picked":"SKIP","floor":24}],"player_experience":174323,"relics_obtained":[{"floor":6,"key":"Happy Flower"},{"floor":23,"key":"Regal Pillow"}],"event_choices":[{"damage_healed":0,"gold_gain":0,"player_choice":"Donut","damage_taken":0,"max_hp_gain":5,"max_hp_loss":0,"event_name":"Big Fish","floor":3,"gold_loss":0},{"damage_healed":0,"gold_gain":0,"player_choice":"Bought 0 Potions","damage_taken":0,"max_hp_gain":0,"max_hp_loss":0,"event_name":"The Woman in Blue","floor":11,"gold_loss":0},{"damage_healed":0,"gold_gain":0,"player_choice":"Entered Light","damage_taken":17,"max_hp_gain":0,"max_hp_loss":0,"event_name":"Shining Light","floor":14,"gold_loss":0,"cards_upgraded":["Bash","Strike_R"]},{"damage_healed":0,"gold_gain":0,"player_choice":"Stole Relic","damage_taken":0,"relics_obtained":["Boot"],"max_hp_gain":0,"max_hp_loss":0,"event_name":"Addict","floor":19,"gold_loss":0,"cards_obtained":["Shame"]}],"is_beta":false,"boss_relics":[{"not_picked":["Snecko Eye","Astrolabe"],"picked":"Runic Pyramid"}],"items_purged_floors":[5,22],"is_endless":false,"potions_floor_spawned":[1,2,4,13,16,18,20,24],"killed_by":"Gremlin Leader","ascension_level":1}}