{"host":"q6i9sla0vh0tmpvt","time":1609881479,"event":{"mods":["BaseMod","Minty Spire (QoL Compilation)","Prisma Mod","Quick Restart","RumiaBox-露米娅的神秘盒子","StSLib","The Bug Knight","The Druid"],"gold_per_floor":[112,112,112,25,25,58,77,87,134,134,167,167,181,9,9,114,114,132,149,149,163,163,163,193,47,47,47,47,63,13,25,25,125,175,188,200,200,249,267,267,295,295,295],"floor_reached":42,"playtime":6115,"items_purged":[],"score":605,"play_id":"5fbb1f8e-c07d-42aa-9c61-ed9eb703cd30","local_time":"20210106051759","is_ascension_mode":true,"campfire_choices":[{"floor":10.0,"key":"RECALL"},{"floor":12.0,"key":"REST"},{"data":"Brilliance","floor":15.0,"key":"SMITH"},{"floor":23.0,"key":"REST"},{"floor":28.0,"key":"REST"},{"floor":32.0,"key":"REST"},{"data":"Establishment","floor":40.0,"key":"SMITH"}],"circlet_count":0,"master_deck":["Strike_P","Strike_P","Strike_P","Defend_P","Defend_P","Defend_P","Defend_P","Eruption","Vigilance","SashWhip","Crescendo","SandsOfTime","EmptyBody","BattleHymn","Prostrate","WindmillStrike","TalkToTheHand","EmptyBody+1","Devotion","LikeWater+1","CrushJoints+1","Brilliance+1","Adaptation+1","Pray","BowlingBash+1","FlurryOfBlows","Meditate","Establishment+1","FlyingSleeves+1","EmptyFist+1","Protect+1","Wallop+1","ClearTheMind","FollowUp+1"],"relics":["HolyWater","NeowsBlessing","Ancient Tea Set","Toy Ornithopter","Lee\u0027s Waffle","Pantograph","White Beast Statue","Strawberry","Ornamental Fan","Bag of Marbles","Tiny House","TeardropLocket","StoneCalendar","Anchor"],"acts_visited":[],"potions_floor_usage":[],"damage_taken":[{"damage":0.0,"enemies":"2 Louse","floor":1.0,"turns":1.0},{"damage":0.0,"enemies":"Gremlin Nob","floor":6.0,"turns":1.0},{"damage":0.0,"enemies":"Small Slimes","floor":7.0,"turns":2.0},{"damage":0.0,"enemies":"Jaw Worm","floor":8.0,"turns":2.0},{"damage":32.0,"enemies":"3 Sentries","floor":11.0,"turns":4.0},{"damage":0.0,"enemies":"Blue Slaver","floor":13.0,"turns":4.0},{"damage":37.0,"enemies":"The Guardian","floor":16.0,"turns":9.0},{"damage":0.0,"enemies":"Chosen","floor":18.0,"turns":3.0},{"damage":42.0,"enemies":"3 Cultists","floor":19.0,"turns":7.0},{"damage":27.0,"enemies":"Centurion and Healer","floor":21.0,"turns":5.0},{"damage":38.0,"enemies":"Gremlin Leader","floor":24.0,"turns":6.0},{"damage":14.0,"enemies":"Shelled Parasite and Fungi","floor":29.0,"turns":6.0},{"damage":0.0,"enemies":"Sentry and Sphere","floor":31.0,"turns":2.0},{"damage":41.0,"enemies":"Champ","floor":33.0,"turns":9.0},{"damage":23.0,"enemies":"Orb Walker","floor":35.0,"turns":3.0},{"damage":3.0,"enemies":"3 Darklings","floor":36.0,"turns":5.0},{"damage":18.0,"enemies":"2 Orb Walkers","floor":38.0,"turns":3.0},{"damage":0.0,"enemies":"Spire Growth","floor":39.0,"turns":3.0},{"damage":71.0,"enemies":"Nemesis","floor":41.0,"turns":5.0},{"damage":15,"enemies":"4 Shapes","floor":42,"turns":2}],"seed_played":"5345807087999809154","potions_obtained":[{"floor":1.0,"key":"Swift Potion"},{"floor":8.0,"key":"FearPotion"},{"floor":11.0,"key":"Energy Potion"},{"floor":16.0,"key":"Block Potion"},{"floor":29.0,"key":"Strength Potion"},{"floor":31.0,"key":"Block Potion"},{"floor":33.0,"key":"SneckoOil"},{"floor":34.0,"key":"BottledMiracle"},{"floor":35.0,"key":"DistilledChaos"},{"floor":36.0,"key":"LiquidMemories"},{"floor":38.0,"key":"StancePotion"},{"floor":39.0,"key":"Dexterity Potion"},{"floor":41.0,"key":"Regen Potion"}],"is_trial":false,"path_per_floor":["M","?","?","$","?","E","M","M","T","R","E","R","M","$","R","B",null,"M","M","?","M","T","R","E","$","T","?","R","M","$","M","R","B",null,"M","M","T","?","M","R","E","M"],"character_chosen":"WATCHER","items_purchased":["SandsOfTime","EmptyBody","Lee\u0027s Waffle","EmptyBody","Strawberry","FlurryOfBlows"],"campfire_rested":4,"item_purchase_floors":[4,4,14,14,25,30],"current_hp_per_floor":[72,72,72,72,77,77,77,77,77,77,45,68,68,84,84,52,84,84,42,42,15,15,40,2,9,9,9,36,22,22,27,54,43,96,73,80,80,72,72,72,11,0,0],"gold":295,"neow_bonus":"THREE_ENEMY_KILL","is_daily":false,"chose_seed":false,"campfire_upgraded":2,"win_rate":0.0,"timestamp":1609881479,"path_taken":["M","?","?","$","?","E","M","M","T","R","E","R","M","?","R","BOSS","M","M","?","?","?","R","E","$","T","?","R","M","$","M","R","BOSS","M","M","?","?","M","R","E","M"],"items_purchased_type":["Card","Card","Relic","Card","Relic","Card"],"build_version":"2020-12-22","purchased_purges":0,"victory":false,"max_hp_per_floor":[72,72,72,72,77,77,77,77,77,77,77,77,77,84,84,84,84,84,84,84,84,84,84,84,91,91,91,91,91,91,91,91,91,96,96,96,96,96,96,96,96,96,96],"card_choices":[{"not_picked":["Evaluate","ThirdEye"],"picked":"SashWhip","floor":1.0},{"not_picked":["Protect","ClearTheMind"],"picked":"BattleHymn","floor":6.0},{"not_picked":["EmptyFist","ThirdEye"],"picked":"Prostrate","floor":7.0},{"not_picked":["Sanctity","SashWhip"],"picked":"WindmillStrike","floor":8.0},{"not_picked":["ThirdEye","PathToVictory"],"picked":"TalkToTheHand","floor":11.0},{"not_picked":["WaveOfTheHand","FollowUp"],"picked":"Brilliance","floor":13.0},{"not_picked":["Wish","ConjureBlade"],"picked":"Devotion","floor":16.0},{"not_picked":["Perseverance","JustLucky"],"picked":"LikeWater+1","floor":18.0},{"not_picked":["SashWhip","JustLucky+1"],"picked":"CrushJoints+1","floor":19.0},{"not_picked":["CrushJoints","ClearTheMind"],"picked":"Adaptation+1","floor":21.0},{"not_picked":["WheelKick","ForeignInfluence"],"picked":"Pray","floor":24.0},{"not_picked":["FlyingSleeves","Perseverance"],"picked":"BowlingBash+1","floor":29.0},{"not_picked":["Conclude+1","WreathOfFlame"],"picked":"Meditate","floor":31.0},{"not_picked":["Ragnarok","MasterReality"],"picked":"Establishment","floor":33.0},{"not_picked":["Prostrate","Wallop"],"picked":"FlyingSleeves+1","floor":34.0},{"not_picked":["FollowUp+1","LikeWater+1"],"picked":"EmptyFist+1","floor":35.0},{"not_picked":["Meditate","FollowUp"],"picked":"Protect+1","floor":36.0},{"not_picked":["Crescendo+1","EmptyFist"],"picked":"Wallop+1","floor":38.0},{"not_picked":["ThirdEye","EmptyBody"],"picked":"ClearTheMind","floor":39.0},{"not_picked":["ClearTheMind","Evaluate+1"],"picked":"FollowUp+1","floor":41.0}],"player_experience":378875,"relics_obtained":[{"floor":6.0,"key":"Ancient Tea Set"},{"floor":11.0,"key":"Toy Ornithopter"},{"floor":22.0,"key":"Pantograph"},{"floor":24.0,"key":"White Beast Statue"},{"floor":26.0,"key":"Ornamental Fan"},{"floor":37.0,"key":"TeardropLocket"},{"floor":38.0,"key":"StoneCalendar"},{"floor":41.0,"key":"Anchor"}],"event_choices":[{"damage_healed":0.0,"max_hp_gain":0.0,"max_hp_loss":0.0,"gold_gain":0.0,"cards_transformed":["Strike_P"],"event_name":"Living Wall","player_choice":"Change","floor":2.0,"gold_loss":0.0,"damage_taken":0.0,"cards_obtained":["Crescendo"]},{"damage_healed":0.0,"max_hp_gain":0.0,"max_hp_loss":0.0,"gold_gain":0.0,"event_name":"Golden Wing","player_choice":"Ignored","floor":3.0,"gold_loss":0.0,"damage_taken":0.0},{"damage_healed":0.0,"max_hp_gain":5.0,"max_hp_loss":0.0,"gold_gain":0.0,"event_name":"Big Fish","player_choice":"Donut","floor":5.0,"gold_loss":0.0,"damage_taken":0.0},{"damage_healed":0.0,"max_hp_gain":0.0,"max_hp_loss":0.0,"gold_gain":0.0,"event_name":"Duplicator","player_choice":"Copied","floor":20.0,"gold_loss":0.0,"damage_taken":0.0,"cards_obtained":["Brilliance"]},{"cards_removed":["Brilliance"],"damage_healed":0.0,"max_hp_gain":0.0,"max_hp_loss":0.0,"gold_gain":0.0,"event_name":"WeMeetAgain","player_choice":"Gave Card","floor":27.0,"gold_loss":0.0,"damage_taken":0.0,"relics_obtained":["Bag of Marbles"]},{"damage_healed":0.0,"max_hp_gain":0.0,"max_hp_loss":0.0,"gold_gain":0.0,"event_name":"Mysterious Sphere","player_choice":"Fight","floor":38.0,"gold_loss":0.0,"damage_taken":0.0}],"is_beta":false,"boss_relics":[{"not_picked":["Philosopher\u0027s Stone","Velvet Choker"],"picked":"HolyWater"},{"not_picked":["Fusion Hammer","Calling Bell"],"picked":"Tiny House"}],"items_purged_floors":[],"is_endless":false,"potions_floor_spawned":[1,8,11,16,29,31,33,35,36,38,39,41],"killed_by":"4 Shapes","ascension_level":3}}