{"host":"3b5lda25ezqra65h","time":1609847579,"event":{"mods":["BaseMod","BetterRewards","Colored Map","Minty Spire (QoL Compilation)","The Disciple"],"gold_per_floor":[111,60,60,11,30,30,58,58,58,84,259,278,278,303,315,327,327],"floor_reached":16,"playtime":393,"items_purged":[],"score":146,"play_id":"4f35281c-037d-45d1-9060-6a4f59ebed0c","local_time":"20210105125259","is_ascension_mode":true,"campfire_choices":[{"floor":6,"key":"RECALL"},{"data":"Bash","floor":8,"key":"SMITH"},{"floor":15,"key":"REST"}],"circlet_count":0,"master_deck":["Strike_R","Strike_R","Strike_R","Strike_R+1","Strike_R+1","Defend_R","Defend_R","Defend_R","Defend_R","Bash+1","Doubt"],"relics":["Burning Blood","NeowsBlessing","Du-Vu Doll","Lantern","MawBank"],"acts_visited":["Exordium"],"potions_floor_usage":[10,10,14],"damage_taken":[{"damage":0,"enemies":"2 Louse","floor":1,"turns":1},{"damage":0,"enemies":"Jaw Worm","floor":5,"turns":1},{"damage":0,"enemies":"Lagavulin","floor":7,"turns":1},{"damage":49,"enemies":"3 Sentries","floor":10,"turns":7},{"damage":0,"enemies":"Small Slimes","floor":12,"turns":2},{"damage":6,"enemies":"Exordium Thugs","floor":14,"turns":4},{"damage":0,"enemies":"Hexaghost","floor":16,"turns":1}],"seed_played":"6962140578910766694","potions_obtained":[{"floor":5,"key":"SteroidPotion"}],"is_trial":false,"path_per_floor":["M","$","?","$","M","R","E","R","T","E","?","M","T","M","R","B"],"character_chosen":"IRONCLAD","items_purchased":["PowerPotion","Fire Potion"],"campfire_rested":1,"item_purchase_floors":[2,4],"current_hp_per_floor":[80,80,64,64,70,70,76,76,76,33,33,39,39,39,63,63,63],"gold":327,"neow_bonus":"THREE_ENEMY_KILL","is_daily":false,"chose_seed":false,"campfire_upgraded":1,"win_rate":0.0,"timestamp":1609847579,"path_taken":["M","$","?","$","M","R","E","R","T","E","?","M","?","M","R","BOSS"],"items_purchased_type":["Potion","Potion"],"build_version":"2020-12-22","purchased_purges":0,"victory":false,"max_hp_per_floor":[80,80,80,80,80,80,80,80,80,80,80,80,80,80,80,80,80],"card_choices":[{"not_picked":["Havoc","Armaments","Sword Boomerang"],"picked":"SKIP","floor":1},{"not_picked":["Havoc","Heavy Blade","Entrench"],"picked":"SKIP","floor":5},{"not_picked":["Clash","Battle Trance","Pommel Strike"],"picked":"SKIP","floor":7},{"not_picked":["Armaments","Power Through","Clash"],"picked":"SKIP","floor":10},{"not_picked":["Shrug It Off","Warcry","Twin Strike"],"picked":"SKIP","floor":12},{"not_picked":["Brutality","Blood for Blood","Dark Embrace"],"picked":"SKIP","floor":14}],"player_experience":223380,"relics_obtained":[{"floor":7,"key":"Du-Vu Doll"},{"floor":10,"key":"Lantern"},{"floor":13,"key":"MawBank"}],"event_choices":[{"damage_healed":0,"gold_gain":0,"player_choice":"Entered Light","damage_taken":16,"max_hp_gain":0,"max_hp_loss":0,"event_name":"Shining Light","floor":3,"gold_loss":0,"cards_upgraded":["Strike_R","Strike_R"]},{"damage_healed":0,"gold_gain":175,"player_choice":"AGREE","damage_taken":0,"max_hp_gain":0,"max_hp_loss":0,"event_name":"Liars Game","floor":11,"gold_loss":0,"cards_obtained":["Doubt"]}],"is_beta":false,"boss_relics":[],"items_purged_floors":[],"is_endless":false,"potions_floor_spawned":[5,7],"killed_by":"Hexaghost","ascension_level":2}}