{"host":"m77rrhbqzv44va4v","time":1609867852,"event":{"mods":["AchievementEnabler","BaseMod","Colored Map","DeckTracker","Keyboard Shortcuts","Minty Spire (QoL Compilation)","StSLib","SuperFastMode","everything is the same but u backflip on backflip"],"gold_per_floor":[110,120,132,149,160,195,195,224,248,248,262,318,334,409,409,485,485,505,234,245,264,189,219,235,235,260,260,260,274,274,274],"floor_reached":30,"playtime":1544,"items_purged":["Strike_B"],"score":436,"play_id":"169bfca2-cf93-4c52-bdcb-bfb7bd5e76ea","local_time":"20210106023052","is_ascension_mode":true,"campfire_choices":[{"floor":7,"key":"REST"},{"data":"Fusion","floor":10,"key":"SMITH"},{"floor":15,"key":"REST"},{"data":"Fission","floor":25,"key":"SMITH"},{"floor":27,"key":"REST"}],"circlet_count":0,"master_deck":["AscendersBane","Strike_B","Strike_B","Defend_B","Defend_B","Defend_B","Defend_B","Zap","Dualcast","Compile Driver","Turbo","Fusion+1","Glacier","Beam Cell","Electrodynamics","Ball Lightning","Capacitor","Conserve Battery","Fission+1","Coolheaded","Creative AI","Coolheaded","Self Repair"],"relics":["Cracked Core","PreservedInsect","Mercury Hourglass","Ancient Tea Set","Omamori","Orichalcum","Sozu","Smiling Mask","Vajra"],"acts_visited":["Exordium","TheCity"],"potions_floor_usage":[6,6,12,13],"damage_taken":[{"damage":2,"enemies":"2 Louse","floor":1,"turns":3},{"damage":11,"enemies":"Jaw Worm","floor":2,"turns":4},{"damage":1,"enemies":"Cultist","floor":3,"turns":3},{"damage":9,"enemies":"Blue Slaver","floor":4,"turns":4},{"damage":14,"enemies":"Red Slaver","floor":5,"turns":3},{"damage":12,"enemies":"3 Sentries","floor":6,"turns":6},{"damage":15,"enemies":"Lagavulin","floor":8,"turns":6},{"damage":7,"enemies":"Exordium Wildlife","floor":11,"turns":2},{"damage":0,"enemies":"Gremlin Nob","floor":12,"turns":2},{"damage":3,"enemies":"2 Fungi Beasts","floor":13,"turns":2},{"damage":10,"enemies":"The Guardian","floor":16,"turns":12},{"damage":10,"enemies":"Spheric Guardian","floor":18,"turns":5},{"damage":5,"enemies":"Shell Parasite","floor":20,"turns":7},{"damage":24,"enemies":"Centurion and Healer","floor":21,"turns":8},{"damage":14,"enemies":"Slavers","floor":23,"turns":2},{"damage":4,"enemies":"Snecko","floor":24,"turns":5},{"damage":27,"enemies":"Snake Plant","floor":29,"turns":4},{"damage":7,"enemies":"Chosen and Byrds","floor":30,"turns":5}],"seed_played":"6222968779009215913","potions_obtained":[{"floor":2,"key":"SneckoOil"},{"floor":5,"key":"FocusPotion"},{"floor":6,"key":"Explosive Potion"},{"floor":11,"key":"Energy Potion"},{"floor":12,"key":"Dexterity Potion"},{"floor":13,"key":"FearPotion"}],"is_trial":false,"path_per_floor":["M","M","M","M","M","E","R","E","T","R","M","?","M","?","R","B",null,"M","$","M","M","?","E","M","R","T","R","?","M","M"],"character_chosen":"DEFECT","items_purchased":["Creative AI","Coolheaded"],"campfire_rested":3,"item_purchase_floors":[19,19],"current_hp_per_floor":[66,55,54,45,31,19,41,26,26,26,19,19,16,9,31,21,62,52,52,47,23,23,9,12,12,12,34,34,14,7,7],"gold":274,"neow_bonus":"RANDOM_COMMON_RELIC","is_daily":false,"chose_seed":false,"campfire_upgraded":2,"win_rate":0.0,"timestamp":1609867852,"path_taken":["M","M","M","M","M","E","R","E","T","R","M","?","M","?","R","BOSS","M","$","M","?","?","E","M","R","T","R","?","?","M"],"items_purchased_type":["Card","Card"],"build_version":"2020-12-22","purchased_purges":1,"victory":false,"max_hp_per_floor":[75,75,75,75,75,75,75,75,75,75,75,75,75,75,75,75,75,75,75,75,75,75,75,75,75,75,75,75,75,75,75],"card_choices":[{"not_picked":["Gash","Streamline"],"picked":"Compile Driver","floor":1},{"not_picked":["Hologram","Double Energy"],"picked":"Turbo","floor":2},{"not_picked":["Reinforced Body","Lockon"],"picked":"Fusion","floor":3},{"not_picked":["Consume","Conserve Battery"],"picked":"Glacier","floor":4},{"not_picked":["Stack","Compile Driver"],"picked":"Beam Cell","floor":5},{"not_picked":["Force Field","Storm"],"picked":"Electrodynamics","floor":6},{"not_picked":["Turbo","Go for the Eyes"],"picked":"Ball Lightning","floor":8},{"not_picked":["Sweeping Beam","Conserve Battery"],"picked":"Capacitor","floor":11},{"not_picked":["Gash","Beam Cell"],"picked":"Conserve Battery","floor":12},{"not_picked":["Double Energy","Turbo","Storm"],"picked":"SKIP","floor":13},{"not_picked":["Reboot","Meteor Strike"],"picked":"Fission","floor":16},{"not_picked":["Heatsinks","Auto Shields"],"picked":"Coolheaded","floor":18},{"not_picked":["Stack","Redo","Glacier"],"picked":"SKIP","floor":20},{"not_picked":["Streamline","Turbo","Coolheaded"],"picked":"SKIP","floor":21},{"not_picked":["Gash","Meteor Strike"],"picked":"Self Repair","floor":23},{"not_picked":["Beam Cell","Storm","Go for the Eyes"],"picked":"SKIP","floor":24},{"not_picked":["Melter+1","Rebound","Creative AI"],"picked":"SKIP","floor":29}],"player_experience":904803,"relics_obtained":[{"floor":6,"key":"Mercury Hourglass"},{"floor":8,"key":"Ancient Tea Set"},{"floor":9,"key":"Omamori"},{"floor":12,"key":"Orichalcum"},{"floor":23,"key":"Smiling Mask"},{"floor":26,"key":"Vajra"}],"event_choices":[{"damage_healed":0,"gold_gain":0,"player_choice":"Searched \u00271\u0027 times","damage_taken":0,"max_hp_gain":0,"max_hp_loss":0,"event_name":"Dead Adventurer","floor":12,"gold_loss":0},{"damage_healed":0,"gold_gain":75,"player_choice":"Touch","damage_taken":7,"max_hp_gain":0,"max_hp_loss":0,"event_name":"FaceTrader","floor":14,"gold_loss":0},{"cards_removed":["Strike_B"],"damage_healed":0,"gold_gain":0,"player_choice":"Gave Gold","damage_taken":0,"max_hp_gain":0,"max_hp_loss":0,"event_name":"Beggar","floor":22,"gold_loss":75},{"damage_healed":0,"gold_gain":0,"player_choice":"0 cards matched","damage_taken":0,"max_hp_gain":0,"max_hp_loss":0,"event_name":"Match and Keep!","floor":28,"gold_loss":0,"cards_obtained":[]}],"is_beta":false,"boss_relics":[{"not_picked":["Empty Cage","Runic Dome"],"picked":"Sozu"}],"items_purged_floors":[19],"is_endless":false,"potions_floor_spawned":[2,5,6,11,12,13,29],"killed_by":"Chosen and Byrds","ascension_level":13}}