{"host":"6pgtslebjnyv5xmi","time":1609861560,"event":{"mods":["AchievementEnabler","BaseMod","Colored Map","Minty Spire (QoL Compilation)","Rare Cards Sparkle","StSLib","SuperFastMode","Td1madao Mod","everything is the same but u backflip on backflip"],"gold_per_floor":[118,133,151,40,40,40,66,66,66,85,100,116,19,31,31,153,153,163,262,262,273,285,285,313,313,360,360,360],"floor_reached":27,"playtime":1057,"items_purged":[],"score":371,"play_id":"e7297b43-9994-42ed-9a6f-ebea6f4a0761","local_time":"20210106004600","is_ascension_mode":true,"campfire_choices":[{"data":"Zap","floor":6.0,"key":"SMITH"},{"floor":15,"key":"REST"},{"floor":23,"key":"REST"}],"circlet_count":0,"master_deck":["Strike_B","Strike_B","Strike_B+1","Strike_B","Defend_B","Defend_B","Defend_B","Defend_B","Zap+1","Dualcast","Cold Snap","Storm","Cold Snap","Static Discharge+1","Chill","Biased Cognition","Hologram","Ball Lightning","Reinforced Body","Panacea","Barrage","Multi-Cast","Consume","Panacea","Glacier+1","Pain"],"relics":["Cracked Core","NeowsBlessing","Ancient Tea Set","Mercury Hourglass","Bottled Tornado","Velvet Choker","Happy Flower","WarpedTongs","Omamori"],"acts_visited":["Exordium","TheCity"],"potions_floor_usage":[14,16,21,24],"damage_taken":[{"damage":0.0,"enemies":"Cultist","floor":1.0,"turns":1.0},{"damage":0.0,"enemies":"Small Slimes","floor":2.0,"turns":1.0},{"damage":0.0,"enemies":"2 Louse","floor":3.0,"turns":1.0},{"damage":31.0,"enemies":"Gremlin Nob","floor":7.0,"turns":4.0},{"damage":7.0,"enemies":"Blue Slaver","floor":10.0,"turns":2.0},{"damage":4.0,"enemies":"Gremlin Gang","floor":11.0,"turns":3.0},{"damage":6.0,"enemies":"2 Fungi Beasts","floor":12.0,"turns":2.0},{"damage":0,"enemies":"Exordium Wildlife","floor":14,"turns":2},{"damage":0,"enemies":"Hexaghost","floor":16,"turns":7},{"damage":12,"enemies":"Spheric Guardian","floor":18,"turns":4},{"damage":14,"enemies":"Shell Parasite","floor":21,"turns":3},{"damage":25,"enemies":"Centurion and Healer","floor":22,"turns":8},{"damage":21,"enemies":"Slavers","floor":24,"turns":4},{"damage":17,"enemies":"Snake Plant","floor":27,"turns":1}],"seed_played":"7113980720331146839","potions_obtained":[{"floor":7.0,"key":"DistilledChaos"},{"floor":11.0,"key":"SpeedPotion"},{"floor":14,"key":"ColorlessPotion"},{"floor":18,"key":"AttackPotion"},{"floor":22,"key":"ColorlessPotion"}],"is_trial":false,"path_per_floor":["M","M","M","$","?","R","E","?","T","M","M","M","$","M","R","B",null,"M","?","?","M","M","R","E","?","T","M"],"character_chosen":"DEFECT","items_purchased":["Static Discharge","Chill","Panacea"],"campfire_rested":2,"item_purchase_floors":[4,4,13],"current_hp_per_floor":[68,68,68,68,65,65,34,19,19,12,8,2,2,2,24,24,62,50,50,50,36,11,33,12,12,12,0,0],"gold":360,"neow_bonus":"THREE_ENEMY_KILL","is_daily":false,"chose_seed":false,"campfire_upgraded":1,"win_rate":0.0,"timestamp":1609861560,"path_taken":["M","M","?","$","?","R","E","?","T","M","M","M","?","?","R","BOSS","M","?","?","?","M","R","E","?","T","M"],"items_purchased_type":["Card","Card","Card"],"build_version":"2020-12-22","purchased_purges":0,"victory":false,"max_hp_per_floor":[75,75,75,75,75,75,75,75,75,75,75,75,75,75,75,75,75,75,75,75,75,75,75,75,75,75,75,75],"card_choices":[{"not_picked":["Stack","Steam"],"picked":"Cold Snap","floor":1.0},{"not_picked":["Coolheaded","Rebound"],"picked":"Storm","floor":2.0},{"not_picked":["Go for the Eyes","Compile Driver"],"picked":"Cold Snap","floor":3.0},{"not_picked":["Hello World","Doom and Gloom"],"picked":"Biased Cognition","floor":7.0},{"not_picked":["Streamline","Turbo"],"picked":"Hologram","floor":10.0},{"not_picked":["Barrage","Redo"],"picked":"Ball Lightning","floor":11.0},{"not_picked":["Turbo","Coolheaded"],"picked":"Reinforced Body","floor":12.0},{"not_picked":["Compile Driver","Stack"],"picked":"Barrage","floor":14},{"not_picked":["Fission","Amplify"],"picked":"Multi-Cast","floor":16},{"not_picked":["Beam Cell","Leap"],"picked":"Consume","floor":18},{"not_picked":["Coolheaded","Redo","Chill"],"picked":"SKIP","floor":21},{"not_picked":["Conserve Battery","Streamline","Gash+1"],"picked":"SKIP","floor":22},{"not_picked":["Steam","Ball Lightning"],"picked":"Glacier+1","floor":24}],"player_experience":736511,"relics_obtained":[{"floor":7.0,"key":"Mercury Hourglass"},{"floor":9.0,"key":"Bottled Tornado"},{"floor":24,"key":"Happy Flower"},{"floor":26,"key":"Omamori"}],"event_choices":[{"damage_healed":0.0,"max_hp_gain":0.0,"max_hp_loss":0.0,"gold_gain":0.0,"event_name":"Scrap Ooze","player_choice":"Success","floor":5.0,"gold_loss":0.0,"damage_taken":3.0,"relics_obtained":["Ancient Tea Set"]},{"damage_healed":0.0,"max_hp_gain":0.0,"max_hp_loss":0.0,"gold_gain":0.0,"event_name":"Shining Light","player_choice":"Entered Light","floor":8.0,"gold_loss":0.0,"damage_taken":15.0,"cards_upgraded":["Static Discharge","Strike_B"]},{"damage_healed":0,"gold_gain":99,"player_choice":"Stole From Cult","damage_taken":0,"max_hp_gain":0,"max_hp_loss":0,"event_name":"Nest","floor":19,"gold_loss":0},{"damage_healed":0,"gold_gain":0,"player_choice":"Copied","damage_taken":0,"max_hp_gain":0,"max_hp_loss":0,"event_name":"Duplicator","floor":20,"gold_loss":0,"cards_obtained":["Panacea"]},{"damage_healed":0,"gold_gain":0,"player_choice":"Rummage","damage_taken":0,"relics_obtained":["WarpedTongs"],"max_hp_gain":0,"max_hp_loss":0,"event_name":"Accursed Blacksmith","floor":25,"gold_loss":0,"cards_obtained":["Pain"]}],"is_beta":false,"boss_relics":[{"not_picked":["Busted Crown","Sozu"],"picked":"Velvet Choker"}],"items_purged_floors":[],"is_endless":false,"potions_floor_spawned":[7,11,14,18,22],"killed_by":"Snake Plant","ascension_level":6}}