{"host":"zdcz0a6aak4rnx0s","time":1609888245,"event":{"mods":["AchievementEnabler","BaseMod","Colored Map","Colored Powertips","Minty Spire (QoL Compilation)","StSLib"],"gold_per_floor":[113,113,127,127,72,72,107,107,107,107,120,138,138,152,152,247,247,263,0,0,21,21,21],"floor_reached":22,"playtime":1128,"items_purged":[],"score":350,"play_id":"4d29bc0c-1832-4265-add9-9eaa3235823a","local_time":"20210105171045","is_ascension_mode":true,"campfire_choices":[{"data":"Armaments","floor":6.0,"key":"SMITH"},{"data":"Body Slam","floor":8.0,"key":"SMITH"},{"floor":10.0,"key":"REST"},{"floor":15.0,"key":"REST"}],"circlet_count":0,"master_deck":["AscendersBane","Strike_R","Strike_R","Strike_R","Defend_R","Defend_R","Defend_R","Defend_R","Bash","Offering","Body Slam+1","Bloodletting","Disarm","Armaments+1","Ghostly Armor","Fire Breathing","Barricade","True Grit","Metallicize"],"relics":["Burning Blood","PreservedInsect","Blood Vial","Bottled Lightning","Golden Idol","Sozu"],"acts_visited":["Exordium","TheCity"],"potions_floor_usage":[],"damage_taken":[{"damage":8.0,"enemies":"Jaw Worm","floor":1.0,"turns":2.0},{"damage":8.0,"enemies":"Cultist","floor":3.0,"turns":4.0},{"damage":25.0,"enemies":"Lagavulin","floor":7.0,"turns":5.0},{"damage":0.0,"enemies":"2 Louse","floor":11.0,"turns":3.0},{"damage":24.0,"enemies":"Exordium Thugs","floor":12.0,"turns":6.0},{"damage":12.0,"enemies":"2 Fungi Beasts","floor":14.0,"turns":5.0},{"damage":45.0,"enemies":"Slime Boss","floor":16.0,"turns":7.0},{"damage":23.0,"enemies":"Chosen","floor":18.0,"turns":4.0},{"damage":34,"enemies":"Spheric Guardian","floor":21,"turns":12},{"damage":25,"enemies":"3 Cultists","floor":22,"turns":3}],"seed_played":"5426292677816338152","potions_obtained":[{"floor":1.0,"key":"PowerPotion"},{"floor":11.0,"key":"Fruit Juice"}],"is_trial":false,"path_per_floor":["M","?","M","?","$","R","E","R","T","R","M","M","?","M","R","B",null,"M","?","?","M","M"],"character_chosen":"IRONCLAD","items_purchased":["Armaments"],"campfire_rested":2,"item_purchase_floors":[5],"current_hp_per_floor":[66,66,64,38,38,38,19,19,19,41,54,38,38,34,55,18,59,44,44,44,18,0,0],"gold":21,"neow_bonus":"ONE_RANDOM_RARE_CARD","is_daily":false,"chose_seed":false,"campfire_upgraded":2,"win_rate":0.0,"timestamp":1609888245,"path_taken":["M","?","?","?","?","R","E","R","T","R","?","M","?","M","R","BOSS","M","?","?","M","?"],"items_purchased_type":["Card"],"build_version":"2020-12-22","purchased_purges":0,"victory":false,"max_hp_per_floor":[75,75,75,75,75,75,75,75,75,75,80,80,72,72,72,72,72,72,72,72,72,72,72],"card_choices":[{"not_picked":["Feel No Pain","Headbutt"],"picked":"Body Slam","floor":1.0},{"not_picked":["Dropkick","Pummel"],"picked":"Disarm","floor":3.0},{"not_picked":["Sword Boomerang","Cleave"],"picked":"Ghostly Armor","floor":7.0},{"not_picked":["Anger","Wild Strike","Flex"],"picked":"SKIP","floor":11.0},{"not_picked":["Spot Weakness","Wild Strike"],"picked":"Fire Breathing","floor":12.0},{"not_picked":["Iron Wave","Havoc","Limit Break"],"picked":"SKIP","floor":14.0},{"not_picked":["Feed","Berserk"],"picked":"Barricade","floor":16.0},{"not_picked":["Thunderclap","Bloodletting"],"picked":"True Grit","floor":18.0},{"not_picked":["Clothesline","Armaments"],"picked":"Metallicize","floor":21}],"player_experience":1003551,"relics_obtained":[{"floor":7.0,"key":"Blood Vial"},{"floor":9.0,"key":"Bottled Lightning"}],"event_choices":[{"damage_healed":0.0,"max_hp_gain":0.0,"max_hp_loss":0.0,"gold_gain":0.0,"cards_transformed":["Strike_R"],"event_name":"Transmorgrifier","player_choice":"Transformed","floor":2.0,"gold_loss":0.0,"damage_taken":0.0,"cards_obtained":["Bloodletting"]},{"damage_healed":0.0,"max_hp_gain":0.0,"max_hp_loss":0.0,"gold_gain":0.0,"event_name":"Scrap Ooze","player_choice":"Success","floor":4.0,"gold_loss":0.0,"damage_taken":26.0,"relics_obtained":["PreservedInsect"]},{"damage_healed":0.0,"max_hp_gain":0.0,"max_hp_loss":8.0,"gold_gain":0.0,"event_name":"Golden Idol","player_choice":"Lose Max HP","floor":13.0,"gold_loss":0.0,"damage_taken":0.0,"relics_obtained":["Golden Idol"]},{"damage_healed":0,"gold_gain":0,"player_choice":"Paid Fearfully","damage_taken":0,"max_hp_gain":0,"max_hp_loss":0,"event_name":"Masked Bandits","floor":19,"gold_loss":263},{"cards_removed":["Strike_R"],"damage_healed":0,"gold_gain":0,"player_choice":"Elegance","damage_taken":0,"max_hp_gain":0,"max_hp_loss":0,"event_name":"Back to Basics","floor":20,"gold_loss":0}],"is_beta":false,"boss_relics":[{"not_picked":["Astrolabe","Pandora\u0027s Box"],"picked":"Sozu"}],"items_purged_floors":[],"is_endless":false,"potions_floor_spawned":[1,11,21],"killed_by":"3 Cultists","ascension_level":18}}