{"host":"vumwfieg2b2mnrfl","time":1609809598,"event":{"mods":["AchievementEnabler","BaseMod","Minty Spire (QoL Compilation)","Rare Cards Sparkle","Relic Stats"],"gold_per_floor":[12,12,24,24,35,62,74,108,185,213,213,240,240,265,265,361,361,377,389,389,389,389,245,256,256,256,282,297,315,315,347,347,461,488,515,534,547,447,464,499,499,510,510,569,569,587,625,302,302,302,302],"floor_reached":50,"playtime":2361,"items_purged":["Writhe","Defend_P","Judgement"],"score":721,"play_id":"fb429857-e48c-460f-a7e1-994104cf077c","local_time":"20210104191958","is_ascension_mode":true,"campfire_choices":[{"floor":13,"key":"REST"},{"data":"Eruption","floor":15,"key":"SMITH"},{"data":"MentalFortress","floor":25,"key":"SMITH"},{"data":"TalkToTheHand","floor":30,"key":"SMITH"},{"data":"Wallop","floor":32,"key":"SMITH"},{"data":"FlurryOfBlows","floor":41,"key":"SMITH"},{"floor":45,"key":"RECALL"},{"data":"Ragnarok","floor":49,"key":"SMITH"}],"circlet_count":0,"master_deck":["Strike_P+1","Defend_P","Eruption+1","Vigilance","FlurryOfBlows+1","CarveReality","Meditate","CrushJoints+1","Conclude","TalkToTheHand+1","Evaluate+1","Swivel+1","ConjureBlade+1","Vault+1","Vault+1","Meditate+1","MentalFortress+1","Crescendo+1","Wallop+1","Vault+1","Crescendo+1","FearNoEvil+1","ForeignInfluence+1","Evaluate+1","FlurryOfBlows+1","Vault+1","Ragnarok+1","Vengeance+1","Secret Technique+1"],"relics":["PureWater","Toxic Egg 2","Torii","Question Card","Oddly Smooth Stone","Dream Catcher","Eternal Feather","Philosopher\u0027s Stone","HornCleat","Mercury Hourglass","MealTicket","CeramicFish","Astrolabe","Whetstone","StoneCalendar","Damaru"],"acts_visited":["Exordium","TheCity","TheBeyond"],"potions_floor_usage":[8,10,14,27,33,40,42,50],"damage_taken":[{"damage":0.0,"enemies":"Jaw Worm","floor":1.0,"turns":2.0},{"damage":0.0,"enemies":"2 Louse","floor":3.0,"turns":2.0},{"damage":0.0,"enemies":"Small Slimes","floor":5.0,"turns":1.0},{"damage":7,"enemies":"3 Sentries","floor":6,"turns":3},{"damage":0,"enemies":"Blue Slaver","floor":7,"turns":1},{"damage":36,"enemies":"Gremlin Nob","floor":8,"turns":4},{"damage":1,"enemies":"3 Sentries","floor":10,"turns":4},{"damage":9,"enemies":"Gremlin Nob","floor":12,"turns":3},{"damage":1,"enemies":"3 Sentries","floor":14,"turns":4},{"damage":11,"enemies":"Hexaghost","floor":16,"turns":8},{"damage":1,"enemies":"2 Thieves","floor":18,"turns":5},{"damage":1,"enemies":"Chosen","floor":19,"turns":4},{"damage":0,"enemies":"Centurion and Healer","floor":24,"turns":3},{"damage":1,"enemies":"Slavers","floor":27,"turns":5},{"damage":29,"enemies":"Snake Plant","floor":28,"turns":4},{"damage":8,"enemies":"Chosen and Byrds","floor":29,"turns":5},{"damage":14,"enemies":"Book of Stabbing","floor":31,"turns":7},{"damage":21,"enemies":"Automaton","floor":33,"turns":8},{"damage":0,"enemies":"Orb Walker","floor":35,"turns":3},{"damage":2,"enemies":"3 Darklings","floor":36,"turns":6},{"damage":0,"enemies":"Jaw Worm Horde","floor":37,"turns":5},{"damage":0,"enemies":"4 Shapes","floor":39,"turns":9},{"damage":1,"enemies":"Reptomancer","floor":40,"turns":5},{"damage":16,"enemies":"Maw","floor":42,"turns":7},{"damage":0,"enemies":"Mind Bloom Boss Battle","floor":44,"turns":5},{"damage":1,"enemies":"3 Darklings","floor":46,"turns":4},{"damage":28,"enemies":"Nemesis","floor":47,"turns":5},{"damage":114,"enemies":"Awakened One","floor":50,"turns":13}],"seed_played":"5485810039278710424","potions_obtained":[{"floor":1.0,"key":"SkillPotion"},{"floor":6,"key":"Dexterity Potion"},{"floor":7,"key":"Fruit Juice"},{"floor":12,"key":"BlessingOfTheForge"},{"floor":16,"key":"GamblersBrew"},{"floor":19,"key":"StancePotion"},{"floor":24,"key":"FairyPotion"},{"floor":28,"key":"ColorlessPotion"},{"floor":36,"key":"Weak Potion"},{"floor":40,"key":"Weak Potion"},{"floor":42,"key":"PowerPotion"}],"is_trial":false,"path_per_floor":["M","?","M","$","M","E","M","E","T","E","?","E","R","E","R","B",null,"M","M","?","?","?","$","M","R","T","E","M","M","R","E","R","B",null,"M","M","M","$","M","E","R","M","T","?","R","M","E","$","R","B"],"character_chosen":"WATCHER","items_purchased":["MentalFortress","Vengeance+1","Secret Technique+1"],"campfire_rested":1,"item_purchase_floors":[23,48,48],"current_hp_per_floor":[72,72,72,72,72,65,65,34,34,33,33,24,47,46,58,47,77,76,75,75,75,75,75,75,77,77,76,47,39,51,37,49,28,77,77,75,75,77,77,76,77,61,61,61,76,75,47,62,77,0,0],"gold":302,"neow_bonus":"THREE_RARE_CARDS","is_daily":false,"chose_seed":false,"campfire_upgraded":6,"win_rate":0.0,"timestamp":1609809598,"path_taken":["M","?","M","$","M","E","M","E","T","E","?","E","R","E","R","BOSS","M","M","?","?","?","?","M","R","T","E","?","M","R","E","R","BOSS","M","M","M","$","?","E","R","M","T","?","R","M","E","$","R","BOSS"],"items_purchased_type":["Card","Card","Card"],"build_version":"2020-12-22","purchased_purges":3,"victory":false,"max_hp_per_floor":[72,72,72,72,72,72,72,77,77,77,77,77,77,77,77,77,77,77,77,77,77,77,77,77,77,77,77,77,77,77,77,77,77,77,77,77,77,77,77,77,77,77,77,77,77,77,77,77,77,77,77],"relic_stats":{"Dream Catcher":1,"Torii":45,"counters":[28,134],"CeramicFish":90,"Astrolabe":["Crescendo","FearNoEvil","ForeignInfluence"],"Eternal Feather":69,"MealTicket":17,"StoneCalendar":[0],"Whetstone":["Strike_P","CrushJoints"],"Question Card":22,"obtain_stats":[{"Torii":8,"CeramicFish":31,"Astrolabe":34,"Oddly Smooth Stone":10,"Damaru":47,"Eternal Feather":14,"StoneCalendar":44,"Whetstone":40,"Question Card":9,"Mercury Hourglass":26,"Dream Catcher":12,"HornCleat":21,"Philosopher\u0027s Stone":17,"MealTicket":27,"PureWater":0,"Toxic Egg 2":6},{"Torii":6,"CeramicFish":17,"Astrolabe":18,"Oddly Smooth Stone":7,"Damaru":27,"Eternal Feather":9,"StoneCalendar":25,"Whetstone":23,"Question Card":6,"Mercury Hourglass":13,"Dream Catcher":8,"HornCleat":12,"Philosopher\u0027s Stone":10,"MealTicket":14,"PureWater":0,"Toxic Egg 2":4},{"Torii":13,"CeramicFish":65,"Astrolabe":73,"Oddly Smooth Stone":17,"Damaru":121,"Eternal Feather":24,"StoneCalendar":113,"Whetstone":101,"Question Card":13,"Mercury Hourglass":44,"Dream Catcher":20,"HornCleat":41,"Philosopher\u0027s Stone":32,"MealTicket":49,"PureWater":0,"Toxic Egg 2":8}],"Mercury Hourglass":[393]},"card_choices":[{"not_picked":["Wish","Blasphemy"],"picked":"Judgement","floor":0.0},{"not_picked":["Crescendo","CrushJoints"],"picked":"FlurryOfBlows","floor":1.0},{"not_picked":["EmptyFist","InnerPeace"],"picked":"Meditate","floor":3.0},{"not_picked":["Meditate","ClearTheMind","FlurryOfBlows"],"picked":"SKIP","floor":5.0},{"not_picked":["Crescendo+1","SashWhip","CrushJoints"],"picked":"SKIP","floor":6},{"not_picked":["Crescendo+1","SashWhip"],"picked":"CrushJoints","floor":6},{"not_picked":["ClearTheMind+1","Protect+1"],"picked":"Conclude","floor":7},{"not_picked":["WreathOfFlame+1","Ragnarok"],"picked":"TalkToTheHand","floor":8},{"not_picked":["SashWhip","BowlingBash","Collect+1"],"picked":"Evaluate+1","floor":10},{"not_picked":["WaveOfTheHand+1","BowlingBash","LikeWater"],"picked":"Swivel+1","floor":12},{"not_picked":["WindmillStrike","Indignation+1","Worship+1"],"picked":"ConjureBlade+1","floor":13},{"not_picked":["BowlingBash","Sanctity+1","Adaptation"],"picked":"Vault+1","floor":14},{"not_picked":["Blasphemy+1","Judgement+1","ConjureBlade+1"],"picked":"Vault+1","floor":16},{"not_picked":["CrushJoints","Halt+1","Protect+1","SashWhip"],"picked":"SKIP","floor":18},{"not_picked":["FlyingSleeves+1","SandsOfTime+1","JustLucky+1"],"picked":"Meditate+1","floor":19},{"not_picked":["ReachHeaven+1","WreathOfFlame+1","SignatureMove+1","CrushJoints"],"picked":"SKIP","floor":24},{"not_picked":["EmptyFist","ForeignInfluence+1","Wallop"],"picked":"Crescendo+1","floor":27},{"not_picked":["EmptyBody+1","Crescendo+1","Adaptation"],"picked":"Wallop","floor":28},{"not_picked":["EmptyFist","JustLucky","FollowUp+1","Crescendo+1"],"picked":"SKIP","floor":29},{"not_picked":["SpiritShield+1","Wallop","Adaptation","DevaForm"],"picked":"SKIP","floor":31},{"not_picked":["MasterReality","DevaForm","Blasphemy+1"],"picked":"Vault+1","floor":33},{"not_picked":["FollowUp+1","SashWhip","JustLucky+1"],"picked":"Evaluate+1","floor":35},{"not_picked":["Protect+1","Halt+1","Swivel+1","SandsOfTime"],"picked":"SKIP","floor":36},{"not_picked":["ForeignInfluence+1","EmptyFist","Protect+1","Wallop+1"],"picked":"SKIP","floor":37},{"not_picked":["WreathOfFlame+1","FlurryOfBlows","JustLucky+1","BowlingBash"],"picked":"SKIP","floor":39},{"not_picked":["JustLucky","Prostrate+1","PathToVictory+1"],"picked":"FlurryOfBlows+1","floor":40},{"not_picked":["CutThroughFate+1","JustLucky+1","Study","PathToVictory+1"],"picked":"SKIP","floor":42},{"not_picked":["EmptyFist","JustLucky","ForeignInfluence+1"],"picked":"Vault+1","floor":44},{"not_picked":["CutThroughFate","WreathOfFlame+1","FlyingSleeves+1","Nirvana"],"picked":"SKIP","floor":46},{"not_picked":["Prostrate+1","Fasting2+1","LikeWater"],"picked":"Ragnarok","floor":47}],"player_experience":363971,"relics_obtained":[{"floor":6,"key":"Toxic Egg 2"},{"floor":8,"key":"Torii"},{"floor":9,"key":"Question Card"},{"floor":10,"key":"Oddly Smooth Stone"},{"floor":12,"key":"Dream Catcher"},{"floor":14,"key":"Eternal Feather"},{"floor":26,"key":"Mercury Hourglass"},{"floor":27,"key":"MealTicket"},{"floor":31,"key":"CeramicFish"},{"floor":40,"key":"Whetstone"},{"floor":44,"key":"StoneCalendar"},{"floor":47,"key":"Damaru"}],"event_choices":[{"damage_healed":0.0,"max_hp_gain":0.0,"max_hp_loss":0.0,"gold_gain":0.0,"cards_transformed":["Strike_P"],"event_name":"Living Wall","player_choice":"Change","floor":2.0,"gold_loss":0.0,"damage_taken":0.0,"cards_obtained":["CarveReality"]},{"damage_healed":0,"gold_gain":0,"player_choice":"Ignored","damage_taken":0,"max_hp_gain":0,"max_hp_loss":0,"event_name":"Shining Light","floor":11,"gold_loss":0},{"cards_removed":["Defend_P"],"damage_healed":0,"gold_gain":0,"player_choice":"Elegance","damage_taken":0,"max_hp_gain":0,"max_hp_loss":0,"event_name":"Back to Basics","floor":20,"gold_loss":0},{"damage_healed":0,"gold_gain":0,"player_choice":"Opened","damage_taken":0,"relics_obtained":["HornCleat"],"max_hp_gain":0,"max_hp_loss":0,"event_name":"The Mausoleum","floor":21,"gold_loss":0,"cards_obtained":["Writhe"]},{"damage_healed":0,"gold_gain":0,"player_choice":"Ignored","damage_taken":0,"max_hp_gain":0,"max_hp_loss":0,"event_name":"Vampires","floor":22,"gold_loss":0},{"damage_healed":0,"gold_gain":0,"player_choice":"Fight","damage_taken":0,"max_hp_gain":0,"max_hp_loss":0,"event_name":"MindBloom","floor":44,"gold_loss":0}],"is_beta":false,"boss_relics":[{"not_picked":["Fusion Hammer","Calling Bell"],"picked":"Philosopher\u0027s Stone"},{"not_picked":["Runic Pyramid","SacredBark"],"picked":"Astrolabe"}],"items_purged_floors":[23,38,48],"is_endless":false,"potions_floor_spawned":[1,6,7,12,16,19,24,28,29,36,39,40,42,46],"killed_by":"Awakened One","ascension_level":4}}