{"host":"njb27ds59h4j3ikk","time":1609808177,"event":{"mods":["AchievementEnabler","BaseMod","Better Altar","Better Match","Better Note","Better Sensory Stone","Better Skull","Better Third Choice","BetterRewards","Downfall","Hermit","Hubris","Minty Spire (QoL Compilation)","Permanent Neow","Quarter Circle Forward PUNCH!","Quick Restart","Rare Cards Sparkle","Replay The Spire","Shop Mod","StSLib","Trackpad","Transform Curses"],"gold_per_floor":[109,109,123,138,158,158,185,195,221,221,254,268,280,311,311,410,410,429,446,47,62,79,79,110,110,110,138,188,188,102,116,116,219,219,232,232,232,283,283,283,283,283,283],"floor_reached":41,"playtime":2865,"items_purged":[],"score":577,"play_id":"c20e4c58-122c-4a8e-9018-ada920e578b1","local_time":"20210104195617","is_ascension_mode":true,"campfire_choices":[{"data":"champ:Backstep","floor":6.0,"key":"SMITH"},{"data":"champ:TornadoPunch","floor":10.0,"key":"SMITH"},{"floor":15.0,"key":"REST"},{"data":"champ:Taunt","floor":23.0,"key":"SMITH"},{"floor":25,"key":"REST"},{"floor":32,"key":"REST"},{"data":"Discovery","floor":40,"key":"SMITH"}],"circlet_count":0,"master_deck":["champ:Strike","champ:Strike","champ:Strike","champ:Strike","champ:Defend","champ:Execute","champ:Taunt+1","champ:FaceSlap","champ:BringItOn","champ:Haymaker","champ:CalledShot","champ:TornadoPunch+1","champ:ShieldSigil","champ:Backstep+1","champ:IronFortress","champ:CrookedStrike","champ:ArenaPreparation","champ:Circumvent","champ:FlashCut","champ:GladiatorStyle","champ:CrownThrow","champ:BringItOn+1","champ:PerfectForm+1","champ:Improvising+1","champ:AdrenalArmor","champ:FanOfKnives+1","champ:BladeFlurry+1","champ:FocusedDefense+1","champ:EnchantShield","champ:EnchantShield","champ:Encircle","champ:StanceDance","champ:FocusedGladiator","champ:EnGarde+1","champ:Riposte","champ:VampiricStrike+1","Discovery+1","champ:EnchantSword","champ:ArenaPreparation+1","Writhe","Madness+1"],"relics":["champ:ChampionCrown","WarpedTongs","StoneCalendar","Potion Belt","hubris:GlazedTorus","Prayer Wheel","Astrolabe","Letter Opener","qcfpunch:Necklace_of_Skulls","Sundial","Singing Bowl","hubris:TerracottaHorce","Durian","hubris:Icosahedron"],"acts_visited":["Exordium","TheCity","TheBeyond"],"potions_floor_usage":[24],"damage_taken":[{"damage":0.0,"enemies":"Cultist","floor":1.0,"turns":3.0},{"damage":0.0,"enemies":"2 Louse","floor":3.0,"turns":2.0},{"damage":4.0,"enemies":"Small Slimes","floor":4.0,"turns":3.0},{"damage":20.0,"enemies":"Exordium Wildlife","floor":5.0,"turns":4.0},{"damage":15.0,"enemies":"Lagavulin","floor":7.0,"turns":5.0},{"damage":0.0,"enemies":"3 Louse","floor":8.0,"turns":3.0},{"damage":10.0,"enemies":"3 Sentries","floor":11.0,"turns":6.0},{"damage":34.0,"enemies":"Large Slime","floor":12.0,"turns":5.0},{"damage":11.0,"enemies":"Looter","floor":13.0,"turns":2.0},{"damage":9.0,"enemies":"Replay:BlueRogue","floor":14.0,"turns":4.0},{"damage":47.0,"enemies":"Fading Forest","floor":16.0,"turns":11.0},{"damage":21.0,"enemies":"Chosen","floor":18.0,"turns":4.0},{"damage":15.0,"enemies":"Spheric Guardian","floor":19.0,"turns":3.0},{"damage":20.0,"enemies":"Centurion and Healer","floor":21.0,"turns":6.0},{"damage":41.0,"enemies":"Snake Plant","floor":22.0,"turns":4.0},{"damage":29,"enemies":"Book of Stabbing","floor":24,"turns":4},{"damage":18,"enemies":"Replay:Snechameleon","floor":27,"turns":4},{"damage":29,"enemies":"3 Cultists","floor":31,"turns":3},{"damage":83,"enemies":"Champ","floor":33,"turns":11},{"damage":28,"enemies":"Orb Walker","floor":35,"turns":3},{"damage":76,"enemies":"2 Orb Walkers","floor":38,"turns":4},{"damage":68,"enemies":"Giant Head","floor":41,"turns":5}],"seed_played":"-3096318940622243122","potions_obtained":[{"floor":4.0,"key":"Flashbang"},{"floor":5.0,"key":"champ:UltimateStancePotion"},{"floor":13.0,"key":"BlessingOfTheForge"},{"floor":14.0,"key":"GamblersBrew"},{"floor":24,"key":"Ancient Potion"},{"floor":27,"key":"FearPotion"},{"floor":35,"key":"champ:UltimateStancePotion"}],"is_trial":false,"path_per_floor":["M","?","M","M","M","R","E","M","T","R","E","M","M","E","R","B",null,"M","M","$","M","M","R","E","R","T","E","?","?","$","M","R","B",null,"M","?","?","?","?","R","E"],"character_chosen":"THE_CHAMP","items_purchased":["champ:FaceSlap","champ:Haymaker","Letter Opener","champ:EnchantShield","PowerPotion","Discovery"],"campfire_rested":3,"item_purchase_floors":[0,0,20,20,20,30],"current_hp_per_floor":[90,90,90,86,75,75,60,60,60,60,50,33,27,23,50,65,90,80,72,72,65,40,40,19,46,46,33,33,33,33,25,53,35,79,73,96,77,45,45,45,0,0,0],"gold":283,"neow_bonus":"","is_daily":false,"chose_seed":false,"campfire_upgraded":4,"win_rate":0.0,"timestamp":1609808177,"path_taken":["M","?","M","M","M","R","E","M","T","R","E","M","?","E","R","BOSS","M","M","$","M","M","R","E","R","T","E","?","?","?","M","R","BOSS","M","?","?","?","?","R","E"],"items_purchased_type":["Card","Card","Relic","Card","Potion","Card"],"build_version":"2020-12-22","purchased_purges":0,"victory":false,"max_hp_per_floor":[90,90,90,90,90,90,90,90,90,90,90,90,90,90,90,90,90,90,90,90,90,90,90,90,90,90,90,90,90,90,94,94,94,94,96,96,96,103,103,103,103,103,103],"card_choices":[{"not_picked":["champ:PerfectedStrike","champ:BladeFlurry"],"picked":"champ:CalledShot","floor":1.0},{"not_picked":["champ:Control","champ:CrookedStrike"],"picked":"champ:TornadoPunch","floor":3.0},{"not_picked":["champ:RageSigil","champ:Haymaker"],"picked":"champ:ShieldSigil","floor":4.0},{"not_picked":["champ:EndlessRage","champ:BringItOn"],"picked":"champ:Backstep","floor":5.0},{"not_picked":["champ:ShieldSlam","champ:CrookedStrike"],"picked":"champ:IronFortress","floor":7.0},{"not_picked":["champ:Haymaker","champ:BringItOn"],"picked":"champ:CrookedStrike","floor":8.0},{"not_picked":["champ:TornadoPunch","champ:Riposte"],"picked":"champ:ArenaPreparation","floor":11.0},{"not_picked":["champ:TornadoPunch","champ:DefensiveShout"],"picked":"champ:Circumvent","floor":12.0},{"not_picked":["champ:CrookedStrike","champ:PerfectedStrike"],"picked":"champ:FlashCut","floor":13.0},{"not_picked":["champ:Aggression","champ:Circumvent"],"picked":"champ:GladiatorStyle","floor":14.0},{"not_picked":["champ:SwordThrow","champ:ShieldThrow"],"picked":"champ:CrownThrow","floor":16.0},{"not_picked":["champ:DefensiveShout","champ:GutPunch"],"picked":"champ:AdrenalArmor","floor":18.0},{"not_picked":["champ:SwordSigil","champ:RageSigil"],"picked":"champ:FanOfKnives+1","floor":18.0},{"not_picked":["champ:ShieldSigil+1","champ:Backstep+1"],"picked":"champ:BladeFlurry+1","floor":19.0},{"not_picked":["champ:Duel","champ:GladiatorStyle"],"picked":"champ:FocusedDefense+1","floor":19.0},{"not_picked":["champ:ArenaPreparation","champ:Circumvent"],"picked":"champ:Encircle","floor":21.0},{"not_picked":["champ:Backstep+1","champ:IronFortress","champ:EndlessRage"],"picked":"SKIP","floor":21.0},{"not_picked":["champ:FocusedDefense","champ:FanOfKnives"],"picked":"champ:StanceDance","floor":22.0},{"not_picked":["champ:AdrenalArmor","champ:CrookedStrike+1"],"picked":"champ:FocusedGladiator","floor":22.0},{"not_picked":["champ:Devastate","champ:GutPunch"],"picked":"champ:EnGarde+1","floor":24},{"not_picked":["champ:Backstep+1","champ:HeartStrike"],"picked":"champ:Riposte","floor":27},{"not_picked":["champ:RisingSlash","champ:RageSigil","champ:FanOfKnives"],"picked":"Singing Bowl","floor":31},{"not_picked":["champ:GutPunch","champ:RageSigil","champ:FanOfKnives"],"picked":"Singing Bowl","floor":31},{"not_picked":["champ:MurderStrike","champ:LastStand"],"picked":"champ:EnchantSword","floor":33},{"not_picked":["champ:GutPunch","champ:Backstep+1","champ:RageSigil+1"],"picked":"Singing Bowl","floor":35},{"not_picked":["champ:FanOfKnives+1","champ:SwordSigil"],"picked":"champ:ArenaPreparation+1","floor":35},{"not_picked":["champ:GladiatorsShout","champ:PreciseThrust","champ:GutPunch"],"picked":"Singing Bowl","floor":38}],"player_experience":1210100,"relics_obtained":[{"floor":7.0,"key":"StoneCalendar"},{"floor":9.0,"key":"Potion Belt"},{"floor":11.0,"key":"hubris:GlazedTorus"},{"floor":14.0,"key":"Prayer Wheel"},{"floor":24,"key":"qcfpunch:Necklace_of_Skulls"},{"floor":26,"key":"Sundial"},{"floor":27,"key":"Singing Bowl"},{"floor":38,"key":"Durian"}],"event_choices":[{"damage_healed":0.0,"max_hp_gain":0.0,"max_hp_loss":0.0,"gold_gain":0.0,"event_name":"Accursed Blacksmith","player_choice":"Rummage","floor":2.0,"gold_loss":0.0,"damage_taken":0.0,"relics_obtained":["WarpedTongs"],"cards_obtained":["Pain"]},{"damage_healed":0,"gold_gain":100,"player_choice":"Bet on Murderer","damage_taken":0,"max_hp_gain":0,"max_hp_loss":0,"event_name":"The Joust","floor":28,"gold_loss":50},{"cards_removed":["champ:TornadoPunch"],"damage_healed":0,"gold_gain":0,"player_choice":"Take \u0026 Give","damage_taken":0,"max_hp_gain":0,"max_hp_loss":0,"event_name":"betterNote:BetterNote","floor":29,"gold_loss":0,"cards_obtained":["champ:VampiricStrike"]},{"damage_healed":24,"gold_gain":0,"player_choice":"Writhe","damage_taken":0,"max_hp_gain":0,"max_hp_loss":0,"event_name":"Winding Halls","floor":36,"gold_loss":0,"cards_obtained":["Writhe"]},{"damage_healed":0,"gold_gain":3,"player_choice":"2","damage_taken":0,"max_hp_gain":0,"max_hp_loss":19,"event_name":"betterStone:BetterStone","floor":37,"gold_loss":0},{"damage_healed":0,"gold_gain":0,"player_choice":"Fight","damage_taken":0,"max_hp_gain":0,"max_hp_loss":0,"event_name":"Mysterious Sphere","floor":38,"gold_loss":0}],"is_beta":false,"boss_relics":[{"not_picked":["Empty Cage","Runic Pyramid"],"picked":"Astrolabe"},{"not_picked":["hubris:HollowSoul","ReplayTheSpireMod:DimensionalGlitch"],"picked":"hubris:TerracottaHorce"}],"items_purged_floors":[],"is_endless":false,"potions_floor_spawned":[4,5,13,14,24,27,35],"killed_by":"Giant Head","ascension_level":1}}