{"host":"vsdszi3rnxsdp24p","time":1609880579,"event":{"mods":["AchievementEnabler","BaseMod","Bestiary","Colored Map","Colored Powertips","Curses Come First","DeckTracker","Hermit","Highlight Path","Ironclad Rager","Minty Spire (QoL Compilation)","Quick Restart","Relic Sorter","Relic Stats","StSLib","SuperFastMode","Synergy Search","The Cursed","The Mystic"],"gold_per_floor":[114,129,51,66,66,66,241,241,241,260,260,335,335,354,354,479,542,516,516,516,535,535,535,554,554,554],"floor_reached":25,"playtime":1124,"items_purged":[],"score":266,"play_id":"f18f76ee-a0a3-4911-a157-9b86fb430661","local_time":"20210105220259","daily_mods":["Shiny","Colorless Cards","Night Terrors"],"is_ascension_mode":false,"campfire_choices":[{"data":"TheCursedMod:ManaCirculation","floor":6,"key":"SMITH"},{"data":"TheCursedMod:CollectTribute","floor":8,"key":"SMITH"},{"floor":11,"key":"REST"},{"floor":15,"key":"REST"},{"data":"TheCursedMod:VoidForm","floor":23,"key":"SMITH"}],"circlet_count":0,"master_deck":["TheCursedMod:CircleOfAbyss","TheCursedMod:CollectTribute+1","TheCursedMod:ShockAndAwe","TheCursedMod:ParallelWorld","TheCursedMod:UltimatePain","TheCursedMod:OutForBlood","TheCursedMod:StunningStrike","TheCursedMod:DarkBarrier+1","TheCursedMod:AntiAging","TheCursedMod:ForbiddenAlchemy","TheCursedMod:DemonSword","TheCursedMod:ManaCirculation+1","TheCursedMod:Neurasthenia","TheCursedMod:VoidForm+1","TheCursedMod:CursedRelics","TheCursedMod:DemonicPact","TheCursedMod:NeowsMight","Thinking Ahead","Metamorphosis","Master of Strategy","Magnetism","Chrysalis","Mayhem","Sadistic Nature","Transmutation","HandOfGreed","Apotheosis","Panache","Violence","Secret Technique","The Bomb","TheCursedMod:CursedAmulet","TheCursedMod:ReleasedKnowledge","TheCursedMod:HellsGateOpen","TheCursedMod:CursedShiv","Injury","Doubt","TheCursedMod:Obscuration","TheCursedMod:VoidForm","TheCursedMod:CursedBlade","TheCursedMod:Stretching","Trip","TheCursedMod:AbyssShockwave+1"],"relics":["TheCursedMod:BlackMagic101","Golden Idol","Kunai","Ornamental Fan","Tiny House"],"acts_visited":["Exordium","TheCity"],"potions_floor_usage":[14,14,14,14,16,16,16,25,25],"damage_taken":[{"damage":5,"enemies":"Small Slimes","floor":1,"turns":2},{"damage":11,"enemies":"Jaw Worm","floor":2,"turns":2},{"damage":11,"enemies":"2 Louse","floor":4,"turns":3},{"damage":35,"enemies":"Exordium Wildlife","floor":10,"turns":4},{"damage":28,"enemies":"3 Louse","floor":14,"turns":4},{"damage":15,"enemies":"Slime Boss","floor":16,"turns":5},{"damage":18,"enemies":"2 Thieves","floor":18,"turns":5},{"damage":30,"enemies":"Shell Parasite","floor":21,"turns":7},{"damage":18,"enemies":"Cultist and Chosen","floor":24,"turns":5},{"damage":26,"enemies":"Centurion and Healer","floor":25,"turns":4}],"seed_played":"-8136925521176778862","potions_obtained":[{"floor":14,"key":"BlessingOfTheForge"},{"floor":16,"key":"Ancient Potion"},{"floor":17,"key":"DuplicationPotion"},{"floor":21,"key":"Weak Potion"}],"is_trial":false,"path_per_floor":["M","M","$","M","?","R","?","R","T","M","R","T","?","M","R","B",null,"M","?","?","M","?","R","M","M"],"character_chosen":"THE_CURSED","items_purchased":["TheCursedMod:HellsGateOpen"],"campfire_rested":2,"item_purchase_floors":[3],"current_hp_per_floor":[70,59,59,48,48,48,48,48,48,16,73,73,73,45,68,57,73,55,73,73,43,43,43,25,0,0],"gold":554,"neow_bonus":"","is_daily":true,"chose_seed":false,"campfire_upgraded":3,"win_rate":0.0,"timestamp":1609880579,"path_taken":["M","M","$","M","?","R","?","R","T","M","R","?","?","M","R","BOSS","M","?","?","M","?","R","?","M"],"items_purchased_type":["Card"],"build_version":"2020-12-22","purchased_purges":0,"victory":false,"max_hp_per_floor":[75,75,75,75,75,75,75,75,75,78,73,73,73,73,68,68,73,73,73,73,73,73,73,73,73,73],"relic_stats":{"counters":[10,41],"Golden Idol":58,"Ornamental Fan":[12],"Kunai":[3],"obtain_stats":[{"TheCursedMod:BlackMagic101":0,"Tiny House":17,"Golden Idol":5,"Ornamental Fan":12,"Kunai":9},{"TheCursedMod:BlackMagic101":0,"Tiny House":6,"Golden Idol":3,"Ornamental Fan":4,"Kunai":3},{"TheCursedMod:BlackMagic101":0,"Tiny House":20,"Golden Idol":7,"Ornamental Fan":11,"Kunai":7}]},"card_choices":[{"not_picked":["TheCursedMod:FleshFromBone","TheCursedMod:VitalStrike"],"picked":"TheCursedMod:CursedAmulet","floor":1},{"not_picked":["TheCursedMod:SoulReap","TheCursedMod:SmokeScreen"],"picked":"TheCursedMod:ReleasedKnowledge","floor":2},{"not_picked":["TheCursedMod:CursedAmulet","TheCursedMod:Stigma"],"picked":"TheCursedMod:CursedShiv","floor":4},{"not_picked":["TheCursedMod:ManaBullet","TheCursedMod:RapidMovement","TheCursedMod:CursedBlade"],"picked":"SKIP","floor":10},{"not_picked":["TheCursedMod:AntiAging","TheCursedMod:RavingStaff"],"picked":"TheCursedMod:Obscuration","floor":14},{"not_picked":["Master of Strategy","Secret Weapon"],"picked":"TheCursedMod:VoidForm","floor":16},{"not_picked":["TheCursedMod:FleshFromBone","TheCursedMod:RavingStaff"],"picked":"TheCursedMod:CursedBlade","floor":17},{"not_picked":["TheCursedMod:TacticalStrike","TheCursedMod:SpitefulStrike"],"picked":"TheCursedMod:Stretching","floor":18},{"not_picked":["TheCursedMod:CursedBlade","TheCursedMod:CursedAmulet","TheCursedMod:Obscuration"],"picked":"SKIP","floor":21},{"not_picked":["Discovery","TheCursedMod:Wield"],"picked":"TheCursedMod:AbyssShockwave+1","floor":24}],"player_experience":146486,"relics_obtained":[{"floor":9,"key":"Kunai"},{"floor":12,"key":"Ornamental Fan"}],"event_choices":[{"damage_healed":0,"gold_gain":0,"player_choice":"Take Wound","damage_taken":0,"relics_obtained":["Golden Idol"],"max_hp_gain":0,"max_hp_loss":0,"event_name":"Golden Idol","floor":5,"gold_loss":0,"cards_obtained":["Injury"]},{"damage_healed":0,"gold_gain":175,"player_choice":"AGREE","damage_taken":0,"max_hp_gain":0,"max_hp_loss":0,"event_name":"Liars Game","floor":7,"gold_loss":0,"cards_obtained":["Doubt"]},{"damage_healed":0,"gold_gain":0,"player_choice":"Leave","damage_taken":0,"max_hp_gain":0,"max_hp_loss":0,"event_name":"The Cleric","floor":13,"gold_loss":0},{"damage_healed":24,"gold_gain":0,"player_choice":"Heal","damage_taken":0,"max_hp_gain":0,"max_hp_loss":0,"event_name":"The Library","floor":19,"gold_loss":0},{"damage_healed":0,"gold_gain":0,"player_choice":"Ignored","damage_taken":0,"max_hp_gain":0,"max_hp_loss":0,"event_name":"Ghosts","floor":20,"gold_loss":0},{"damage_healed":0,"gold_gain":0,"cards_transformed":["Secret Weapon"],"player_choice":"Transformed","damage_taken":0,"max_hp_gain":0,"max_hp_loss":0,"event_name":"Transmorgrifier","floor":22,"gold_loss":0,"cards_obtained":["Trip"]}],"is_beta":false,"boss_relics":[{"not_picked":["Sozu","Astrolabe"],"picked":"Tiny House"}],"items_purged_floors":[],"is_endless":false,"potions_floor_spawned":[14,16,21],"killed_by":"Centurion and Healer","ascension_level":0}}