{"host":"sav7uxregyirlf69","time":1609850796,"event":{"mods":["AchievementEnabler","BaseMod","Colored Map","DeckTracker","Keyboard Shortcuts","Minty Spire (QoL Compilation)","READ ME - Guardian Mod","StSLib","SuperFastMode"],"gold_per_floor":[111,111,126,126,201,201,52,81,81,81,94,126,144,154,154,254,254,268,367,282,299,317,317,352,352,375,391,391,407,424,440,440,539,539,559,834,854,163,178,191,222,239,239,272,322,322,355,378,378,378,378,378,44,72,72],"floor_reached":56,"playtime":1386,"items_purged":["Strike_B","Regret","Strike_B"],"score":1370,"play_id":"4d988f0e-6a8d-4b68-896d-dac20d900ff9","local_time":"20210105214636","daily_mods":["Heirloom"],"is_ascension_mode":true,"campfire_choices":[{"data":"1","floor":6.0,"key":"LIFT"},{"data":"2","floor":10.0,"key":"LIFT"},{"data":"3","floor":15.0,"key":"LIFT"},{"data":"Go for the Eyes","floor":23.0,"key":"SMITH"},{"data":"Zap","floor":25.0,"key":"SMITH"},{"data":"Coolheaded","floor":28.0,"key":"SMITH"},{"data":"Aggregate","floor":32.0,"key":"SMITH"},{"data":"Defragment","floor":46.0,"key":"SMITH"},{"floor":49,"key":"RECALL"},{"data":"Seek","floor":52,"key":"SMITH"}],"circlet_count":0,"master_deck":["Strike_B","Strike_B","Defend_B","Defend_B","Defend_B+1","Defend_B+1","Zap+1","Dualcast","Rip and Tear","Go for the Eyes+1","BootSequence","Beam Cell","Lockon","Barrage","Coolheaded+1","Ball Lightning","Core Surge","Gash+1","Glacier","Undo+1","Compile Driver+1","Sunder+1","Aggregate+1","Seek+1","Hologram+1","Defragment+1","Chill","Turbo+1","Core Surge"],"relics":["Cracked Core","Girya","Blood Vial","Matryoshka","Pocketwatch","Inserter","Sundial","Potion Belt","Anchor","Strawberry","Coffee Dripper","Runic Capacitor","Lantern","Art of War","Boot","Pear","Blue Candle","Bird Faced Urn","CeramicFish","Happy Flower"],"acts_visited":["Exordium","TheCity","TheBeyond","TheEnding"],"potions_floor_usage":[55,55,55,55,55],"damage_taken":[{"damage":1.0,"enemies":"2 Louse","floor":1.0,"turns":3.0},{"damage":0.0,"enemies":"Small Slimes","floor":3.0,"turns":2.0},{"damage":4.0,"enemies":"Gremlin Nob","floor":8.0,"turns":4.0},{"damage":0.0,"enemies":"Jaw Worm","floor":11.0,"turns":2.0},{"damage":10.0,"enemies":"Lagavulin","floor":12.0,"turns":4.0},{"damage":0.0,"enemies":"Blue Slaver","floor":13.0,"turns":2.0},{"damage":1.0,"enemies":"Red Slaver","floor":14.0,"turns":2.0},{"damage":3.0,"enemies":"Slime Boss","floor":16.0,"turns":5.0},{"damage":5.0,"enemies":"Shell Parasite","floor":18.0,"turns":3.0},{"damage":0.0,"enemies":"Chosen","floor":21.0,"turns":2.0},{"damage":8.0,"enemies":"Snecko","floor":22.0,"turns":3.0},{"damage":13.0,"enemies":"Slavers","floor":24.0,"turns":5.0},{"damage":5.0,"enemies":"Sentry and Sphere","floor":27.0,"turns":4.0},{"damage":11.0,"enemies":"Snake Plant","floor":29.0,"turns":4.0},{"damage":0.0,"enemies":"Shelled Parasite and Fungi","floor":30.0,"turns":3.0},{"damage":0.0,"enemies":"Snecko","floor":31.0,"turns":4.0},{"damage":29.0,"enemies":"Collector","floor":33.0,"turns":8.0},{"damage":0.0,"enemies":"Orb Walker","floor":35.0,"turns":2.0},{"damage":5.0,"enemies":"3 Shapes","floor":37.0,"turns":6.0},{"damage":0.0,"enemies":"Transient","floor":39.0,"turns":5.0},{"damage":16.0,"enemies":"Maw","floor":40.0,"turns":7.0},{"damage":5.0,"enemies":"Reptomancer","floor":41.0,"turns":6.0},{"damage":0.0,"enemies":"Sphere and 2 Shapes","floor":42.0,"turns":4.0},{"damage":0.0,"enemies":"Giant Head","floor":44.0,"turns":7.0},{"damage":4.0,"enemies":"Mind Bloom Boss Battle","floor":45.0,"turns":5.0},{"damage":16.0,"enemies":"Nemesis","floor":47.0,"turns":5.0},{"damage":13.0,"enemies":"Jaw Worm Horde","floor":48.0,"turns":4.0},{"damage":17,"enemies":"Time Eater","floor":50,"turns":9},{"damage":56,"enemies":"Shield and Spear","floor":54,"turns":6},{"damage":27,"enemies":"The Heart","floor":55,"turns":11}],"seed_played":"-2049269143218217988","potions_obtained":[{"floor":1.0,"key":"ColorlessPotion"},{"floor":3.0,"key":"LiquidMemories"},{"floor":8.0,"key":"Block Potion"},{"floor":11.0,"key":"Block Potion"},{"floor":16.0,"key":"DistilledChaos"},{"floor":24.0,"key":"PowerPotion"},{"floor":31.0,"key":"Dexterity Potion"},{"floor":33.0,"key":"Ancient Potion"},{"floor":35.0,"key":"ColorlessPotion"},{"floor":37.0,"key":"Strength Potion"},{"floor":54,"key":"Ancient Potion"}],"is_trial":true,"path_per_floor":["M","?","M","?","?","R","$","E","T","R","M","E","M","M","R","B",null,"M","?","?","M","M","R","E","R","T","M","R","M","M","M","R","B",null,"M","?","M","$","M","M","E","M","T","E","?","R","E","M","R","B",null,"R","$","E","B",null],"character_chosen":"DEFECT","items_purchased":["BootSequence","Runic Capacitor","Lantern","Defragment","Art of War","Chill","Core Surge","DuplicationPotion"],"campfire_rested":0,"item_purchase_floors":[7,38,38,38,38,38,53,53],"current_hp_per_floor":[74,79,79,63,52,52,52,48,48,48,50,42,44,45,45,44,80,75,75,75,77,71,71,60,60,67,64,64,55,57,59,59,32,87,87,87,82,82,84,70,67,69,79,81,79,79,67,58,58,45,97,97,97,41,20],"gold":72,"neow_bonus":"","is_daily":false,"chose_seed":false,"campfire_upgraded":6,"win_rate":0.0,"timestamp":1609850796,"path_taken":["M","?","M","?","?","R","?","E","T","R","M","E","M","?","R","BOSS","M","?","?","M","M","R","E","R","T","M","R","M","M","M","R","BOSS","M","?","?","$","M","M","E","M","T","E","?","R","E","M","R","BOSS","R","$","E","BOSS"],"items_purchased_type":["Card","Relic","Relic","Card","Relic","Card","Card","Potion"],"build_version":"2020-12-22","purchased_purges":3,"victory":true,"max_hp_per_floor":[75,80,80,80,80,80,80,80,80,80,80,80,80,80,80,80,80,80,80,80,80,80,80,80,80,87,87,87,87,87,87,87,87,87,87,87,87,87,87,87,87,87,97,97,97,97,97,97,97,97,97,97,97,97,97],"card_choices":[{"not_picked":["Undo","Conserve Battery"],"picked":"Rip and Tear","floor":1.0},{"not_picked":["Compile Driver","White Noise"],"picked":"Go for the Eyes","floor":3.0},{"not_picked":["Turbo","Redo"],"picked":"Beam Cell","floor":8.0},{"not_picked":["Steam","Static Discharge"],"picked":"Lockon","floor":11.0},{"not_picked":["Glacier","Reboot"],"picked":"Barrage","floor":12.0},{"not_picked":["Barrage","Auto Shields"],"picked":"Coolheaded","floor":13.0},{"not_picked":["Undo","Hologram"],"picked":"Ball Lightning","floor":14.0},{"not_picked":["Creative AI","Multi-Cast"],"picked":"Core Surge","floor":16.0},{"not_picked":["Steam Power","Conserve Battery","Scrape"],"picked":"SKIP","floor":18.0},{"not_picked":["Lockon+1","Reinforced Body"],"picked":"Gash+1","floor":21.0},{"not_picked":["Cold Snap","Redo"],"picked":"Glacier","floor":22.0},{"not_picked":["Recycle","Sweeping Beam"],"picked":"Undo+1","floor":24.0},{"not_picked":["Core Surge","Go for the Eyes"],"picked":"Compile Driver+1","floor":27.0},{"not_picked":["Sweeping Beam","Coolheaded+1"],"picked":"Sunder+1","floor":29.0},{"not_picked":["Tempest","Skim","Redo+1"],"picked":"SKIP","floor":30.0},{"not_picked":["Reprogram","Barrage+1"],"picked":"Aggregate","floor":31.0},{"not_picked":["Meteor Strike","Amplify"],"picked":"Seek","floor":33.0},{"not_picked":["Beam Cell","Conserve Battery"],"picked":"Hologram+1","floor":35.0},{"not_picked":["Leap","Compile Driver","Conserve Battery"],"picked":"SKIP","floor":37.0},{"not_picked":["Steam Power+1","Go for the Eyes","Leap+1"],"picked":"SKIP","floor":39.0},{"not_picked":["Hello World+1","Coolheaded+1","Blizzard"],"picked":"SKIP","floor":40.0},{"not_picked":["Auto Shields+1","Streamline+1","Storm+1"],"picked":"SKIP","floor":41.0},{"not_picked":["Redo","Cold Snap","Hologram"],"picked":"SKIP","floor":42.0},{"not_picked":["Fusion","Buffer","Leap"],"picked":"SKIP","floor":44.0},{"not_picked":["Lockon+1","Steam Power","Doom and Gloom"],"picked":"SKIP","floor":47.0},{"not_picked":["Ball Lightning+1","Steam+1"],"picked":"Turbo+1","floor":48.0},{"not_picked":["Reinforced Body+1","Glacier","Steam Power"],"picked":"SKIP","floor":54}],"player_experience":1147000,"relics_obtained":[{"floor":8.0,"key":"Blood Vial"},{"floor":9.0,"key":"Matryoshka"},{"floor":12.0,"key":"Pocketwatch"},{"floor":24.0,"key":"Potion Belt"},{"floor":26.0,"key":"Anchor"},{"floor":26.0,"key":"Strawberry"},{"floor":41.0,"key":"Boot"},{"floor":43.0,"key":"Pear"},{"floor":44.0,"key":"Blue Candle"},{"floor":45.0,"key":"Bird Faced Urn"},{"floor":47.0,"key":"CeramicFish"},{"floor":54,"key":"Happy Flower"}],"event_choices":[{"damage_healed":0.0,"max_hp_gain":5.0,"max_hp_loss":0.0,"gold_gain":0.0,"event_name":"Big Fish","player_choice":"Donut","floor":2.0,"gold_loss":0.0,"damage_taken":0.0},{"damage_healed":0.0,"max_hp_gain":0.0,"max_hp_loss":0.0,"gold_gain":0.0,"event_name":"Shining Light","player_choice":"Entered Light","floor":4.0,"gold_loss":0.0,"damage_taken":16.0,"cards_upgraded":["Defend_B","Defend_B"]},{"damage_healed":0.0,"max_hp_gain":0.0,"max_hp_loss":0.0,"gold_gain":75.0,"event_name":"World of Goop","player_choice":"Gather Gold","floor":5.0,"gold_loss":0.0,"damage_taken":11.0},{"damage_healed":0.0,"max_hp_gain":0.0,"max_hp_loss":0.0,"gold_gain":99.0,"event_name":"Nest","player_choice":"Stole From Cult","floor":19.0,"gold_loss":0.0,"damage_taken":0.0},{"damage_healed":0.0,"max_hp_gain":0.0,"max_hp_loss":0.0,"gold_gain":0.0,"event_name":"Addict","player_choice":"Obtained Relic","floor":20.0,"gold_loss":85.0,"damage_taken":0.0,"relics_obtained":["Sundial"]},{"damage_healed":0.0,"max_hp_gain":0.0,"max_hp_loss":0.0,"gold_gain":275.0,"event_name":"Golden Shrine","player_choice":"Desecrate","floor":36.0,"gold_loss":0.0,"damage_taken":0.0,"cards_obtained":["Regret"]},{"damage_healed":0.0,"max_hp_gain":0.0,"max_hp_loss":0.0,"gold_gain":0.0,"event_name":"MindBloom","player_choice":"Fight","floor":45.0,"gold_loss":0.0,"damage_taken":0.0}],"is_beta":false,"boss_relics":[{"not_picked":["Runic Dome","SlaversCollar"],"picked":"Inserter"},{"not_picked":["Empty Cage","Cursed Key"],"picked":"Coffee Dripper"}],"items_purged_floors":[7,38,53],"is_endless":false,"potions_floor_spawned":[1,3,8,11,16,21,22,24,31,33,35,37,39,54],"ascension_level":1}}