{"host":"u7lm8z2rvb4dg2oo","time":1609820895,"event":{"mods":["AchievementEnabler","BaseMod","Colored Map","Colored Powertips","Curses Come First","Googly Eyes","Highlight Path","Minty Spire (QoL Compilation)","Quick Restart","StSLib"],"gold_per_floor":[109,120,45,45,45,78,78,99,126,166,190,190,209,244,244,374,374,389,405,335,359,125,125,163,163,213,238,238,273,273,296,296,425,425,425,425],"floor_reached":35,"playtime":2279,"items_purged":["Strike_P"],"score":662,"play_id":"f21013b2-3c93-4e56-a187-62811dcd7058","local_time":"20210104232815","is_ascension_mode":true,"campfire_choices":[{"data":"Tantrum","floor":7.0,"key":"SMITH"},{"data":"Vengeance","floor":12.0,"key":"SMITH"},{"data":"Eruption","floor":15.0,"key":"SMITH"},{"data":"Blasphemy","floor":23.0,"key":"SMITH"},{"floor":28,"key":"REST"},{"floor":30,"key":"REST"},{"data":"TalkToTheHand","floor":32,"key":"SMITH"}],"circlet_count":0,"master_deck":["Strike_P","Strike_P","Strike_P","Defend_P","Defend_P","Defend_P","Defend_P","Eruption+1","Vigilance","Prostrate","Conclude","Tantrum+1","CutThroughFate","Vengeance+1","Consecrate","Protect","Blasphemy+1","TalkToTheHand+1","WindmillStrike","Establishment","Prostrate+1","WheelKick+1","Vault"],"relics":["PureWater","NeowsBlessing","Golden Idol","Vajra","Oddly Smooth Stone","Bottled Lightning","StrikeDummy","Runic Pyramid","Pen Nib","Regal Pillow","FaceOfCleric","Anchor","Omamori","VioletLotus"],"acts_visited":["Exordium","TheCity","TheBeyond"],"potions_floor_usage":[31,33],"damage_taken":[{"damage":0.0,"enemies":"Cultist","floor":1.0,"turns":1.0},{"damage":0.0,"enemies":"2 Louse","floor":2.0,"turns":1.0},{"damage":0.0,"enemies":"Gremlin Nob","floor":6.0,"turns":1.0},{"damage":0.0,"enemies":"Jaw Worm","floor":8.0,"turns":3.0},{"damage":0.0,"enemies":"3 Sentries","floor":10.0,"turns":3.0},{"damage":0.0,"enemies":"Exordium Thugs","floor":11.0,"turns":3.0},{"damage":3.0,"enemies":"3 Louse","floor":13.0,"turns":2.0},{"damage":0.0,"enemies":"Lagavulin","floor":14.0,"turns":3.0},{"damage":10.0,"enemies":"The Guardian","floor":16.0,"turns":6.0},{"damage":2.0,"enemies":"2 Thieves","floor":18.0,"turns":2.0},{"damage":0.0,"enemies":"3 Byrds","floor":19.0,"turns":2.0},{"damage":4.0,"enemies":"Snecko","floor":21.0,"turns":3.0},{"damage":41,"enemies":"Slavers","floor":24,"turns":4},{"damage":7,"enemies":"Centurion and Healer","floor":27,"turns":3},{"damage":21,"enemies":"Book of Stabbing","floor":29,"turns":4},{"damage":0,"enemies":"Snake Plant","floor":31,"turns":2},{"damage":24,"enemies":"Collector","floor":33,"turns":5},{"damage":100009,"enemies":"3 Shapes","floor":35,"turns":5}],"seed_played":"-1451929793175116994","potions_obtained":[{"floor":6.0,"key":"BottledMiracle"},{"floor":10.0,"key":"Dexterity Potion"},{"floor":11.0,"key":"GamblersBrew"},{"floor":14.0,"key":"PowerPotion"},{"floor":16.0,"key":"BottledMiracle"},{"floor":24,"key":"SteroidPotion"},{"floor":29,"key":"Energy Potion"},{"floor":31,"key":"Fire Potion"}],"is_trial":false,"path_per_floor":["M","M","$","?","?","E","R","M","T","E","M","R","M","E","R","B",null,"M","M","$","M","$","R","E","?","T","M","R","E","R","M","R","B",null,"M"],"character_chosen":"WATCHER","items_purchased":["TalkToTheHand","Pen Nib","Establishment"],"campfire_rested":2,"item_purchase_floors":[20,22,22],"current_hp_per_floor":[65,65,65,47,71,71,71,71,71,71,71,71,68,68,68,58,69,67,67,67,63,63,63,22,22,22,16,52,32,69,70,70,47,69,0,0],"gold":425,"neow_bonus":"THREE_ENEMY_KILL","is_daily":false,"chose_seed":false,"campfire_upgraded":5,"win_rate":0.0,"timestamp":1609820895,"path_taken":["M","M","?","?","?","E","R","M","T","E","?","R","M","E","R","BOSS","M","M","$","M","$","R","E","?","T","M","R","E","R","?","R","BOSS","M"],"items_purchased_type":["Card","Relic","Card"],"build_version":"2020-12-22","purchased_purges":1,"victory":false,"max_hp_per_floor":[72,72,72,72,72,72,72,72,72,72,72,72,72,72,72,72,72,72,72,72,72,72,72,72,72,72,73,73,74,74,75,75,76,76,76,76],"card_choices":[{"not_picked":["FlurryOfBlows","PathToVictory"],"picked":"Prostrate","floor":1.0},{"not_picked":["JustLucky","PathToVictory"],"picked":"Conclude","floor":2.0},{"not_picked":["ConjureBlade","Crescendo"],"picked":"Tantrum","floor":6.0},{"not_picked":["Prostrate","WaveOfTheHand"],"picked":"CutThroughFate","floor":8.0},{"not_picked":["FollowUp","FlurryOfBlows"],"picked":"Vengeance","floor":10.0},{"not_picked":["JustLucky","WaveOfTheHand"],"picked":"Consecrate","floor":11.0},{"not_picked":["EmptyMind","Consecrate"],"picked":"Protect","floor":13.0},{"not_picked":["Halt","EmptyFist","Swivel"],"picked":"SKIP","floor":14.0},{"not_picked":["Wish","Brilliance"],"picked":"Blasphemy","floor":16.0},{"not_picked":["CrushJoints+1","Nirvana","ClearTheMind+1"],"picked":"SKIP","floor":18.0},{"not_picked":["Indignation","Study","PathToVictory+1"],"picked":"SKIP","floor":19.0},{"not_picked":["CutThroughFate","Conclude"],"picked":"WindmillStrike","floor":21.0},{"not_picked":["WaveOfTheHand","CrushJoints"],"picked":"Prostrate+1","floor":24},{"not_picked":["Prostrate+1","ClearTheMind","FollowUp"],"picked":"SKIP","floor":27},{"not_picked":["Protect","WindmillStrike"],"picked":"WheelKick+1","floor":29},{"not_picked":["Wish","SignatureMove","Meditate"],"picked":"SKIP","floor":31},{"not_picked":["ConjureBlade","Omniscience"],"picked":"Vault","floor":33}],"player_experience":1070161,"relics_obtained":[{"floor":6.0,"key":"Vajra"},{"floor":9.0,"key":"Oddly Smooth Stone"},{"floor":10.0,"key":"Bottled Lightning"},{"floor":14.0,"key":"StrikeDummy"},{"floor":24,"key":"Regal Pillow"},{"floor":26,"key":"Anchor"},{"floor":29,"key":"Omamori"}],"event_choices":[{"damage_healed":0.0,"max_hp_gain":0.0,"max_hp_loss":0.0,"gold_gain":0.0,"event_name":"Golden Idol","player_choice":"Take Damage","floor":4.0,"gold_loss":0.0,"damage_taken":18.0,"relics_obtained":["Golden Idol"]},{"damage_healed":24.0,"max_hp_gain":0.0,"max_hp_loss":0.0,"gold_gain":0.0,"event_name":"Big Fish","player_choice":"Banana","floor":5.0,"gold_loss":0.0,"damage_taken":0.0},{"damage_healed":0,"gold_gain":0,"player_choice":"Trade","damage_taken":0,"relics_obtained":["FaceOfCleric"],"max_hp_gain":0,"max_hp_loss":0,"event_name":"FaceTrader","floor":25,"gold_loss":0}],"is_beta":false,"boss_relics":[{"not_picked":["Empty Cage","Snecko Eye"],"picked":"Runic Pyramid"},{"not_picked":["HolyWater","Black Star"],"picked":"VioletLotus"}],"items_purged_floors":[3],"is_endless":false,"potions_floor_spawned":[6,10,11,14,16,24,29,31],"killed_by":"3 Shapes","ascension_level":7}}