{"host":"36ls4ricihodphgx","time":1609841520,"event":{"mods":["AchievementEnabler","BaseMod","Colored Map","Downfall","Hermit","HololiveMod","Jorbs\u0027s Wanderer Trilogy","Koishi","Marisa????????","Minty Spire (QoL Compilation)","Replay The Spire","Shop Mod","StSLib","SuperFastMode","The Animator","The Bug Knight","The Cursed","The Hierophant","The Servant 0.9.4"],"gold_per_floor":[115,65,76,1,1,32,32,47,126,126,145,172,172,186,186,186,186],"floor_reached":16,"playtime":448,"items_purged":["Koishi:BasicStrike"],"score":135,"play_id":"7dfbe52d-9ab7-43ff-8850-993ab7b3d94c","local_time":"20210105031200","is_ascension_mode":false,"campfire_choices":[{"data":"Koishi:MentalBreakdown","floor":7,"key":"SMITH"},{"data":"Koishi:HauntingSlash","floor":10,"key":"SMITH"},{"floor":15,"key":"REST"}],"circlet_count":0,"master_deck":["Koishi:BasicStrike","Koishi:BasicStrike","Koishi:BasicStrike","Koishi:BasicDefend","Koishi:BasicDefend","Koishi:BasicDefend","Koishi:Provoke+1","Koishi:HauntingSlash+1","Koishi:CatchAndRose","Koishi:CatchAndRose","Koishi:MentalBreakdown+1","Koishi:FreudianInstinct","Koishi:MindNumbingTerror","Koishi:MassHysteria","Koishi:StingingMind"],"relics":["Koishi:ImaginaryFriend","NeowsBlessing","Pen Nib","Meat on the Bone","HollowMod:StagPassRelic","Blood Vial"],"acts_visited":["Exordium"],"potions_floor_usage":[11,16,16],"damage_taken":[{"damage":0,"enemies":"Small Slimes","floor":1,"turns":1},{"damage":0,"enemies":"Jaw Worm","floor":3,"turns":1},{"damage":0,"enemies":"3 Sentries","floor":6,"turns":2},{"damage":5,"enemies":"2 Louse","floor":8,"turns":3},{"damage":6,"enemies":"Exordium Wildlife","floor":11,"turns":4},{"damage":4,"enemies":"Gremlin Nob","floor":12,"turns":4},{"damage":9,"enemies":"Red Slaver","floor":14,"turns":4},{"damage":44,"enemies":"Hexaghost","floor":16,"turns":9}],"seed_played":"-4757888725839303193","potions_obtained":[{"floor":1,"key":"SteroidPotion"},{"floor":6,"key":"Block Potion"},{"floor":12,"key":"Swift Potion"},{"floor":14,"key":"PowerPotion"}],"is_trial":false,"path_per_floor":["M","?","M","$","?","E","R","M","T","R","M","E","?","M","R","B"],"character_chosen":"KOISHI","items_purchased":[],"campfire_rested":1,"item_purchase_floors":[],"current_hp_per_floor":[60,60,60,60,60,60,60,56,56,56,52,50,17,22,40,0,0],"gold":186,"neow_bonus":"THREE_ENEMY_KILL","is_daily":false,"chose_seed":false,"campfire_upgraded":2,"win_rate":0.0,"timestamp":1609841520,"path_taken":["M","?","M","$","?","E","R","M","T","R","M","E","?","M","R","BOSS"],"items_purchased_type":[],"build_version":"2020-12-22","purchased_purges":1,"victory":false,"max_hp_per_floor":[60,60,60,60,60,60,60,60,60,60,60,60,60,60,60,60,60],"card_choices":[{"not_picked":["Koishi:Vanish","Koishi:UnconsciousUrges"],"picked":"Koishi:CatchAndRose","floor":1},{"not_picked":["Koishi:SpiritedAway","Koishi:PhantomBarrier"],"picked":"Koishi:CatchAndRose","floor":3},{"not_picked":["Koishi:DreadfulBlow","Koishi:ReflexRadar"],"picked":"Koishi:MentalBreakdown","floor":6},{"not_picked":["Koishi:ApparitionsStalkTheNight","Koishi:PhilosophyOfTheDespised"],"picked":"Koishi:FreudianInstinct","floor":8},{"not_picked":["Koishi:UnconsciousUprising","Koishi:IdleWhim"],"picked":"Koishi:MindNumbingTerror","floor":11},{"not_picked":["Koishi:SuperEgo","Koishi:PhantomStrike"],"picked":"Koishi:MassHysteria","floor":12},{"not_picked":["Koishi:BramblyRoseGarden","Koishi:SubconsciousSweep"],"picked":"Koishi:StingingMind","floor":14}],"player_experience":52424,"relics_obtained":[{"floor":6,"key":"Pen Nib"},{"floor":9,"key":"Meat on the Bone"},{"floor":12,"key":"HollowMod:StagPassRelic"}],"event_choices":[{"cards_removed":["Koishi:BasicDefend"],"damage_healed":0,"gold_gain":0,"player_choice":"Card Removal","damage_taken":0,"max_hp_gain":0,"max_hp_loss":0,"event_name":"The Cleric","floor":2,"gold_loss":50},{"damage_healed":0,"gold_gain":0,"player_choice":"Success","damage_taken":33,"relics_obtained":["Blood Vial"],"max_hp_gain":0,"max_hp_loss":0,"event_name":"Scrap Ooze","floor":13,"gold_loss":0}],"is_beta":false,"boss_relics":[],"items_purged_floors":[4],"is_endless":false,"potions_floor_spawned":[1,6,12,14],"killed_by":"Hexaghost","ascension_level":0}}