{"host":"1jyvlwrg3lqf29t2","time":1609842456,"event":{"mods":["BaseMod","Colored Powertips","Downfall","Googly Eyes","Hermit","Minty Spire (QoL Compilation)","StSLib","The Blackbeard","The Cursed","The Poker Player","TheBandit"],"gold_per_floor":[119,137,149,166,341,368,368,368,368,379,234,248,248,282,282,380,380,395,395,220,236,335,335,360,360,408,36,52,63,73,73,73,174,174,174],"floor_reached":34,"playtime":1454,"items_purged":["Doubt","Writhe"],"score":407,"play_id":"c8705d81-9f86-4460-b41a-4f198ef80819","local_time":"20210105042736","is_ascension_mode":false,"campfire_choices":[{"data":"Cloak And Dagger","floor":7,"key":"SMITH"},{"data":"Noxious Fumes","floor":15,"key":"SMITH"},{"data":"Accuracy","floor":23,"key":"SMITH"},{"floor":25,"key":"REST"},{"floor":32,"key":"REST"}],"circlet_count":0,"master_deck":["Infinite Blades+1","Infinite Blades+1","Riddle With Holes+1","Riddle With Holes+1","Defend_G+1","Defend_G+1","Defend_G+1","Cloak And Dagger+1","Noxious Fumes+1","Finisher+1","A Thousand Cuts","Accuracy+1","Dagger Spray+1","Noxious Fumes","Envenom"],"relics":["Ring of the Snake","NeowsBlessing","Vajra","Letter Opener","Molten Egg 2","Gambling Chip","Tiny Chest","WristBlade","Paper Crane","Kunai","Strawberry","Snake Skull","Orichalcum","SlaversCollar"],"acts_visited":["Exordium","TheCity"],"potions_floor_usage":[6,6,33,33],"damage_taken":[{"damage":0,"enemies":"Cultist","floor":1,"turns":1},{"damage":0,"enemies":"Small Slimes","floor":2,"turns":3},{"damage":0,"enemies":"2 Louse","floor":3,"turns":2},{"damage":0,"enemies":"Blue Slaver","floor":4,"turns":3},{"damage":22,"enemies":"Gremlin Nob","floor":6,"turns":4},{"damage":0,"enemies":"Red Slaver","floor":10,"turns":5},{"damage":0,"enemies":"2 Fungi Beasts","floor":12,"turns":4},{"damage":0,"enemies":"Lagavulin","floor":14,"turns":4},{"damage":41,"enemies":"The Guardian","floor":16,"turns":6},{"damage":0,"enemies":"Spheric Guardian","floor":18,"turns":3},{"damage":15,"enemies":"3 Byrds","floor":21,"turns":4},{"damage":26,"enemies":"Gremlin Leader","floor":24,"turns":4},{"damage":19,"enemies":"Shelled Parasite and Fungi","floor":28,"turns":4},{"damage":26,"enemies":"Centurion and Healer","floor":29,"turns":4},{"damage":5,"enemies":"Cultist and Chosen","floor":30,"turns":4},{"damage":24,"enemies":"Champ","floor":33,"turns":7}],"seed_played":"2384657203369860114","potions_obtained":[{"floor":4,"key":"Energy Potion"},{"floor":6,"key":"Explosive Potion"},{"floor":21,"key":"ColorlessPotion"},{"floor":30,"key":"Weak Potion"},{"floor":31,"key":"PowerPotion"}],"is_trial":false,"path_per_floor":["M","M","M","M","?","E","R","?","T","M","$","M","T","E","R","B",null,"M","?","$","M","?","R","E","R","T","$","M","M","M","?","R","B",null],"character_chosen":"THE_SILENT","items_purchased":["Noxious Fumes","Accuracy","Noxious Fumes","Snake Skull","Orichalcum"],"campfire_rested":2,"item_purchase_floors":[11,20,27,27,27],"current_hp_per_floor":[70,70,70,70,70,48,48,53,53,53,53,53,53,53,53,12,75,75,75,75,60,60,60,34,56,63,63,44,18,13,13,37,13,13,13],"gold":174,"neow_bonus":"THREE_ENEMY_KILL","is_daily":false,"chose_seed":false,"campfire_upgraded":3,"win_rate":0.0,"timestamp":1609842456,"path_taken":["M","M","?","M","?","E","R","?","T","M","$","M","?","E","R","BOSS","M","?","$","M","?","R","E","R","T","$","M","M","M","?","R","BOSS"],"items_purchased_type":["Card","Card","Card","Relic","Relic"],"build_version":"2020-12-22","purchased_purges":2,"victory":false,"max_hp_per_floor":[70,70,70,70,70,70,70,75,75,75,75,75,75,75,75,75,75,75,75,75,75,75,75,75,75,82,82,82,82,82,82,82,82,82,82],"card_choices":[{"not_picked":["Deadly Poison","Poisoned Stab","Backstab"],"picked":"SKIP","floor":1},{"not_picked":["Bane","Flying Knee","Outmaneuver"],"picked":"SKIP","floor":2},{"not_picked":["Backflip","Poisoned Stab"],"picked":"Cloak And Dagger","floor":3},{"not_picked":["Caltrops","Catalyst","Escape Plan"],"picked":"SKIP","floor":4},{"not_picked":["All Out Attack","Prepared","Bouncing Flask"],"picked":"SKIP","floor":6},{"not_picked":["Escape Plan","Dash+1","Quick Slash+1"],"picked":"SKIP","floor":10},{"not_picked":["Dodge and Roll","Flechettes+1","Flying Knee+1"],"picked":"SKIP","floor":12},{"not_picked":["Flying Knee+1","Crippling Poison"],"picked":"Finisher+1","floor":14},{"not_picked":["Phantasmal Killer","Venomology"],"picked":"A Thousand Cuts","floor":16},{"not_picked":["Poisoned Stab+1","Dagger Throw+1","Dodge and Roll"],"picked":"SKIP","floor":18},{"not_picked":["PiercingWail+1","Crippling Poison+1"],"picked":"Dagger Spray+1","floor":21},{"not_picked":["Endless Agony+1","Heel Hook+1","Calculated Gamble"],"picked":"SKIP","floor":24},{"not_picked":["PiercingWail","Outmaneuver","Riddle With Holes+1"],"picked":"SKIP","floor":28},{"not_picked":["Deadly Poison","Bouncing Flask","Dodge and Roll"],"picked":"SKIP","floor":29},{"not_picked":["Endless Agony+1","Backflip","Eviscerate+1"],"picked":"SKIP","floor":30},{"not_picked":["Die Die Die+1","Unload+1"],"picked":"Envenom","floor":33}],"player_experience":404248,"relics_obtained":[{"floor":6,"key":"Letter Opener"},{"floor":9,"key":"Molten Egg 2"},{"floor":13,"key":"Gambling Chip"},{"floor":14,"key":"Tiny Chest"},{"floor":24,"key":"Kunai"},{"floor":26,"key":"Strawberry"}],"event_choices":[{"damage_healed":0,"gold_gain":175,"player_choice":"AGREE","damage_taken":0,"max_hp_gain":0,"max_hp_loss":0,"event_name":"Liars Game","floor":5,"gold_loss":0,"cards_obtained":["Doubt"]},{"damage_healed":0,"gold_gain":0,"player_choice":"Donut","damage_taken":0,"max_hp_gain":5,"max_hp_loss":0,"event_name":"Big Fish","floor":8,"gold_loss":0},{"damage_healed":0,"gold_gain":0,"player_choice":"Opened","damage_taken":0,"relics_obtained":["Paper Crane"],"max_hp_gain":0,"max_hp_loss":0,"event_name":"The Mausoleum","floor":19,"gold_loss":0,"cards_obtained":["Writhe"]},{"damage_healed":0,"gold_gain":99,"player_choice":"Stole From Cult","damage_taken":0,"max_hp_gain":0,"max_hp_loss":0,"event_name":"Nest","floor":22,"gold_loss":0},{"damage_healed":0,"gold_gain":0,"player_choice":"Got Potions","damage_taken":0,"max_hp_gain":0,"max_hp_loss":0,"event_name":"Lab","floor":31,"gold_loss":0}],"is_beta":false,"boss_relics":[{"not_picked":["Calling Bell","Busted Crown"],"picked":"WristBlade"},{"not_picked":["Pandora\u0027s Box","Astrolabe"],"picked":"SlaversCollar"}],"items_purged_floors":[11,20],"is_endless":false,"potions_floor_spawned":[4,6,21,24,29,30],"ascension_level":0}}