{"host":"krz7pvdql77zertr","time":1609825798,"event":{"mods":["BaseMod","Minty Spire (QoL Compilation)","StSLib","Sumireko Usami"],"gold_per_floor":[112,122,122,122,197,229,247,247,321,347,377,389,389],"floor_reached":12,"playtime":150,"items_purged":[],"score":396,"play_id":"3db898f8-b10f-485d-8fe8-2240ef347392","local_time":"20210104214958","is_ascension_mode":true,"campfire_choices":[{"floor":8.0,"key":"RECALL"}],"circlet_count":0,"master_deck":["AscendersBane","Strike_R","Strike_R","Strike_R","Strike_R","Strike_R","Defend_R","Defend_R","Defend_R","Defend_R","Bash","Thunderclap","Thunderclap","Inflame","Thunderclap","Bash","Feel No Pain","Disarm","Cleave","Armaments"],"relics":["Burning Blood","White Beast Statue","Prayer Wheel","PreservedInsect","HornCleat","MawBank"],"acts_visited":["Exordium"],"potions_floor_usage":[],"damage_taken":[{"damage":0.0,"enemies":"Jaw Worm","floor":1.0,"turns":1.0},{"damage":0.0,"enemies":"Cultist","floor":2.0,"turns":1.0},{"damage":0.0,"enemies":"3 Sentries","floor":6.0,"turns":1.0},{"damage":0.0,"enemies":"Small Slimes","floor":7.0,"turns":1.0},{"damage":0.0,"enemies":"Lagavulin","floor":10.0,"turns":1.0},{"damage":0.0,"enemies":"Exordium Wildlife","floor":11.0,"turns":1.0},{"damage":0.0,"enemies":"Gremlin Nob","floor":12.0,"turns":1.0}],"seed_played":"4152433465378068951","potions_obtained":[{"floor":1.0,"key":"Regen Potion"},{"floor":2.0,"key":"SteroidPotion"}],"is_trial":false,"path_per_floor":["M","M","?","$","?","E","M","R","T","E","M","E"],"character_chosen":"IRONCLAD","items_purchased":[],"campfire_rested":0,"item_purchase_floors":[],"current_hp_per_floor":[81,82,82,82,71,77,82,82,82,82,82,82,82],"gold":389,"neow_bonus":"TEN_PERCENT_HP_BONUS","is_daily":false,"chose_seed":false,"campfire_upgraded":0,"win_rate":0.0,"timestamp":1609825798,"path_taken":["M","M","?","?","?","E","?","R","T","E","M","E"],"items_purchased_type":[],"build_version":"2020-12-22","purchased_purges":0,"victory":false,"max_hp_per_floor":[82,82,82,82,82,82,82,82,82,82,82,82,82],"card_choices":[{"not_picked":["Hemokinesis","Sentinel"],"picked":"Thunderclap","floor":1.0},{"not_picked":["Second Wind","Wild Strike"],"picked":"Thunderclap","floor":1.0},{"not_picked":["Second Wind","Flex"],"picked":"Inflame","floor":2.0},{"not_picked":["Twin Strike","Iron Wave"],"picked":"Thunderclap","floor":2.0},{"not_picked":["Havoc","Evolve"],"picked":"Feel No Pain","floor":6.0},{"not_picked":["Shrug It Off","Anger"],"picked":"Disarm","floor":7.0},{"not_picked":["Searing Blow","Havoc"],"picked":"Cleave","floor":7.0},{"not_picked":["Combust","Flame Barrier"],"picked":"Armaments","floor":10.0},{"not_picked":["Flame Barrier","Ghostly Armor","Sentinel"],"picked":"SKIP","floor":11.0},{"not_picked":["Flame Barrier","Combust","Sword Boomerang"],"picked":"SKIP","floor":11.0}],"player_experience":304378,"relics_obtained":[{"floor":6.0,"key":"PreservedInsect"},{"floor":9.0,"key":"HornCleat"},{"floor":10.0,"key":"MawBank"}],"event_choices":[{"damage_healed":0.0,"max_hp_gain":0.0,"max_hp_loss":0.0,"gold_gain":0.0,"event_name":"Match and Keep!","player_choice":"1 cards matched","floor":3.0,"gold_loss":0.0,"damage_taken":0.0,"cards_obtained":["Bash"]},{"damage_healed":0.0,"max_hp_gain":0.0,"max_hp_loss":0.0,"gold_gain":75.0,"event_name":"World of Goop","player_choice":"Gather Gold","floor":5.0,"gold_loss":0.0,"damage_taken":11.0}],"is_beta":false,"boss_relics":[],"items_purged_floors":[],"is_endless":false,"potions_floor_spawned":[1,2,6,7,10,11,12],"killed_by":"Gremlin Nob","ascension_level":20}}