{"host":"w1xj5yb993x94b3l","time":1609868677,"event":{"mods":["AchievementEnabler","Act Like it!","Aspiration","BaseMod","Beaked The Cultist","BetterRewards","CCEM","Clockwork Mod","Colored Powertips","Conspire","Downfall","Energized Spire","Friendly Minions","GifTheSpireLib","Glutton Mod","Halation","Hubris","Infinite Spire","Lobotomy","LobotomyExtend","Mad Scientist","Marisa????????","Minty Spire (QoL Compilation)","Relic Sorter","Replay The Spire","Slumbering Mod","Spikes Relics","StSLib","Stuff the Spire","The Bladedancer","The Construct","The Disciple","The Jungle","The Mystic","The Runesmith","The Sage","The Servant 0.9.4","Trackpad","vexMod"],"gold_per_floor":[99,114,132,145,155,155,181,181,206,206,217,217,229,263,274,371,371,466,466,466,481,481,481,506,259,275,275,309,323,323,342,360,464,464,464,483,494,494,504,504,504,504,504,530,530,555,480,490,490],"floor_reached":50,"playtime":3462,"items_purged":["Writhe"],"score":897,"play_id":"1eab244c-950c-4d26-9cc6-c3c4dbbf81bc","local_time":"20210105184437","is_ascension_mode":true,"campfire_choices":[{"data":"Guardian:TwinSlam","floor":1,"key":"SMITH"},{"floor":8,"key":"REST"},{"floor":12,"key":"REST"},{"data":"Guardian:DecasProtection","floor":23,"key":"SMITH"},{"floor":27,"key":"REST"},{"data":"Guardian:ArmoredProtocol","floor":35,"key":"SMITH"},{"data":"StuffTheSpire:Harmony","floor":40,"key":"SMITH"},{"data":"Guardian:DonusPower","floor":45,"key":"SMITH"},{"floor":47,"key":"REST"}],"circlet_count":0,"master_deck":["Guardian:Strike_Guardian","Guardian:Strike_Guardian","Guardian:Strike_Guardian","Guardian:Strike_Guardian","Guardian:Defend_Guardian","Guardian:Defend_Guardian","Guardian:Defend_Guardian","Guardian:Defend_Guardian","Guardian:CurlUp","Guardian:TwinSlam+1","Replay:SS_fish_1","Guardian:Clone","Guardian:GuardianWhirl","Guardian:ArmoredProtocol+1","Guardian:ShieldCharger","Guardian:ChargeUp","Guardian:CrystalBeam","Guardian:DecasProtection+1","Guardian:ExploitGems","Guardian:WalkerClaw+1","Guardian:TemporalShield","Guardian:Planning","Guardian:Orbwalk","Guardian:DonusPower+1","Guardian:TemporalStrike+1","Guardian:SphericShield","Guardian:Harden+1","Guardian:Incinerate","Pain","StuffTheSpire:Harmony+1","Voices","StuffTheSpire:Harmony","Guardian:RollAttack","Guardian:TemporalShield+1"],"relics":["Guardian:ModeShifter","LetterFromLob","downfall:ShatteredFragment","StuffTheSpire:Mouthbags","Juzu Bracelet","Guardian:PickAxe","energizedSpire:DeadBattery","hubris:TenFootPole","Pen Nib","StuffTheSpire:Saxophone","infinitespire:Cupcake","infinitespire:PuzzleCube","Ring of Misfortune","ReplayTheSpireMod:Ring of Addiction","hubris:EmptyBottle","White Beast Statue","downfall:TeleportStone","Ancient Tea Set","hubris:FunFungus","downfall:HeartBlessingGreen"],"acts_visited":["Exordium","TheCity","TheBeyond"],"potions_floor_usage":[16,29,46,49,49,49],"damage_taken":[{"damage":0,"enemies":"theSlumbering:NewCultist","floor":2,"turns":3},{"damage":7,"enemies":"infinitespire:Voidling","floor":3,"turns":4},{"damage":0,"enemies":"2 Louse","floor":4,"turns":1},{"damage":4,"enemies":"Blue Slaver","floor":5,"turns":4},{"damage":13,"enemies":"theSlumbering:Adrasteia","floor":9,"turns":4},{"damage":6,"enemies":"3 Louse","floor":11,"turns":3},{"damage":0,"enemies":"Large Slime","floor":13,"turns":2},{"damage":18,"enemies":"3 Sentries","floor":14,"turns":8},{"damage":0,"enemies":"2 Fungi Beasts","floor":15,"turns":1},{"damage":0,"enemies":"downfall:Watcher","floor":16,"turns":7},{"damage":18,"enemies":"3 Byrds","floor":21,"turns":5},{"damage":0,"enemies":"downfall:FleeingMerchant","floor":25,"turns":4},{"damage":14,"enemies":"conspire:FuzzyDice","floor":26,"turns":4},{"damage":9,"enemies":"conspire:Head Lice","floor":28,"turns":5},{"damage":8,"enemies":"Dream Cultist and Chosen","floor":29,"turns":6},{"damage":16,"enemies":"Centurion and Healer","floor":31,"turns":4},{"damage":0,"enemies":"Sentry and Sphere","floor":32,"turns":4},{"damage":18,"enemies":"downfall:Defect","floor":33,"turns":7},{"damage":0,"enemies":"Orb Walker","floor":36,"turns":4},{"damage":14,"enemies":"3 Darklings","floor":37,"turns":4},{"damage":18,"enemies":"Spire Growth","floor":39,"turns":5},{"damage":12,"enemies":"Reptomancer","floor":44,"turns":3},{"damage":34,"enemies":"Nightmare","floor":46,"turns":7},{"damage":9,"enemies":"4 Shapes","floor":48,"turns":4},{"damage":3,"enemies":"downfall:Ironclad","floor":49,"turns":13}],"seed_played":"-8511311669650787954","potions_obtained":[{"floor":3,"key":"Elixir"},{"floor":5,"key":"SteroidPotion"},{"floor":14,"key":"ColorlessPotion"},{"floor":16,"key":"champ:CounterPotion"},{"floor":21,"key":"SpeedPotion"},{"floor":29,"key":"Fruit Juice"},{"floor":36,"key":"construct:ShiftPotion"},{"floor":42,"key":"PowerPotion"},{"floor":42,"key":"hexamod:EctoCoolerPotion"}],"is_trial":false,"path_per_floor":["R","M","M","M","M","?","T","R","E","?","M","R","M","E","M","B",null,"R","M","?","M","?","R","T","$","M","R","E","M","?","M","M","B",null,"R","M","M","?","M","R","T","?","?","E","R","NM","R","M","B",null],"character_chosen":"GUARDIAN","items_purchased":["StuffTheSpire:Saxophone"],"campfire_rested":4,"item_purchase_floors":[25],"current_hp_per_floor":[80,80,73,73,69,45,45,69,56,56,50,74,74,56,56,56,80,80,80,80,62,62,62,62,62,48,72,69,66,66,50,50,32,91,91,91,77,90,82,82,82,82,82,87,87,90,102,99,102],"gold":490,"neow_bonus":"RANDOM_COLORLESS","is_daily":false,"chose_seed":false,"campfire_upgraded":5,"win_rate":0.0,"timestamp":1609868677,"path_taken":["R","M","M","M","M","?","T","R","E","?","M","R","M","E","M","BOSS","R","M","?","M","?","R","T","$","M","R","E","M","?","M","M","BOSS","R","M","M","?","M","R","T","?","?","E","R","NM","R","M","BOSS"],"items_purchased_type":["Relic"],"build_version":"2020-12-22","purchased_purges":1,"victory":true,"max_hp_per_floor":[80,80,80,80,80,80,80,80,80,80,80,80,80,80,80,80,80,80,80,80,80,80,80,80,80,80,80,86,91,91,91,91,91,91,91,91,91,104,104,104,104,104,104,104,104,102,102,102,102],"card_choices":[{"not_picked":["expansioncontent:GoopSpray","expansioncontent:Hexaburn"],"picked":"Replay:SS_fish_1","floor":0},{"not_picked":["Guardian:Gem_Cyan","Guardian:Recover"],"picked":"Guardian:GuardianWhirl","floor":2},{"not_picked":["Guardian:Gem_Crimson","Guardian:ChargeCore"],"picked":"Guardian:Gem_Blue","floor":3},{"not_picked":["Guardian:Gem_Cyan","Guardian:Recover"],"picked":"Guardian:Gem_Green","floor":4},{"not_picked":["Guardian:GuardianWhirl","Guardian:Gem_White"],"picked":"Guardian:Clone","floor":5},{"not_picked":["Guardian:Gem_Red","Guardian:Planning"],"picked":"Guardian:ArmoredProtocol","floor":9},{"not_picked":["Guardian:Gem_White","Guardian:Reroute"],"picked":"Guardian:ShieldCharger","floor":11},{"not_picked":["Guardian:BaubleBeam","Guardian:Gem_Blue"],"picked":"Guardian:ChargeUp","floor":13},{"not_picked":["Guardian:ShieldSpikes","Guardian:WalkerClaw"],"picked":"Guardian:CrystalBeam","floor":14},{"not_picked":["Guardian:TemporalStrike","Guardian:CrystalBeam"],"picked":"Guardian:DecasProtection","floor":15},{"not_picked":["Guardian:TimeSifter","Guardian:Gem_Orange"],"picked":"Guardian:ExploitGems","floor":16},{"not_picked":["Guardian:Incinerate","Guardian:Gem_Fragmented"],"picked":"Guardian:WalkerClaw+1","floor":21},{"not_picked":["Guardian:RefractedBeam+1","Guardian:VentSteam+1"],"picked":"Guardian:TemporalShield","floor":25},{"not_picked":["Guardian:VentSteam","Guardian:SentryBeam"],"picked":"Guardian:Planning","floor":26},{"not_picked":["Guardian:PrimingBeam","Guardian:ConstructionForm"],"picked":"Guardian:Orbwalk","floor":28},{"not_picked":["Guardian:ChargeCore","Guardian:PrimingBeam"],"picked":"Guardian:DonusPower","floor":29},{"not_picked":["Guardian:TimeBomb","Guardian:Suspension"],"picked":"Guardian:Gem_Red","floor":31},{"not_picked":["Guardian:StasisField","Guardian:Gem_White"],"picked":"Guardian:TemporalStrike+1","floor":32},{"not_picked":["Guardian:HyperBeam_Guardian","Guardian:TimeSifter"],"picked":"Guardian:SphericShield","floor":33},{"not_picked":["Guardian:CrystalBeam+1","Guardian:Gem_Cyan"],"picked":"Guardian:Harden+1","floor":36},{"not_picked":["Guardian:PrimingBeam","Guardian:Gem_Fragmented"],"picked":"Guardian:Incinerate","floor":37},{"not_picked":["Guardian:Suspension","Guardian:StasisField"],"picked":"Guardian:Gem_Lightblue","floor":39},{"not_picked":["Guardian:Gem_Lightblue","Guardian:PrimingBeam+1"],"picked":"Guardian:RollAttack","floor":44},{"not_picked":["Guardian:RollAttack+1","Guardian:Reroute+1","Guardian:PrimingBeam+1"],"picked":"SKIP","floor":46},{"not_picked":["Guardian:PrismaticBarrier","Guardian:VentSteam+1"],"picked":"Guardian:TemporalShield+1","floor":48}],"player_experience":251743,"relics_obtained":[{"floor":2,"key":"LetterFromLob"},{"floor":7,"key":"StuffTheSpire:Mouthbags"},{"floor":9,"key":"Juzu Bracelet"},{"floor":14,"key":"Guardian:PickAxe"},{"floor":24,"key":"Pen Nib"},{"floor":28,"key":"vexMod:BerryBomb"},{"floor":41,"key":"infinitespire:PuzzleCube"},{"floor":42,"key":"Ring of Misfortune"},{"floor":42,"key":"ReplayTheSpireMod:Ring of Addiction"},{"floor":42,"key":"hubris:EmptyBottle"},{"floor":42,"key":"White Beast Statue"},{"floor":44,"key":"Ancient Tea Set"},{"floor":46,"key":"hubris:FunFungus"}],"event_choices":[{"damage_healed":0,"gold_gain":0,"player_choice":"Leave","damage_taken":0,"max_hp_gain":0,"max_hp_loss":0,"event_name":"conspire:Investor","floor":22,"gold_loss":0}],"is_beta":false,"boss_relics":[{"not_picked":["SlaversCollar","construct:WeddingRing"],"picked":"energizedSpire:DeadBattery"},{"not_picked":["energizedSpire:SpiderWeb","vexMod:EndlessSickness"],"picked":"infinitespire:Cupcake"}],"items_purged_floors":[25],"is_endless":false,"potions_floor_spawned":[3,5,14,15,16,21,29,36,37,44,48],"ascension_level":1}}