{"host":"raaimkojny05jekw","time":1609827397,"event":{"mods":["AchievementEnabler","BaseMod","Colored Map","Colored Powertips","DeckTracker","Minty Spire (QoL Compilation)","Quick Restart","Rare Cards Sparkle","everything is the same but u backflip on backflip"],"gold_per_floor":[368,99,99,109,109,109,144,164,218,232,232,250,298,2,2,102,102,122,221,221,231,231,231,262,288,300,312,324,336,348,374,386,503,515,537,549,549],"floor_reached":36,"playtime":1083,"items_purged":["Strike_R"],"score":496,"play_id":"eb021ac5-8e56-42c0-a410-de055441dac6","local_time":"20210105151637","is_ascension_mode":true,"campfire_choices":[{"data":"Apotheosis","floor":6,"key":"SMITH"},{"data":"True Grit","floor":11,"key":"SMITH"},{"data":"Limit Break","floor":15,"key":"SMITH"},{"data":"Demon Form","floor":23,"key":"SMITH"},{"data":"Brutality","floor":28,"key":"SMITH"},{"data":"Disarm","floor":32,"key":"SMITH"}],"circlet_count":0,"master_deck":["Strike_R+1","Defend_R","Defend_R","Defend_R","Defend_R","Bash","Clash+1","Apotheosis+1","Headbutt","Rampage","True Grit+1","Demon Form+1","Shrug It Off","Inflame","Limit Break+1","Brutality+1","Disarm+1","Rage","Rage+1","Flex+1","True Grit+1","Warcry+1","Limit Break+1","Rupture"],"relics":["Burning Blood","Juzu Bracelet","Lantern","Red Skull","Vajra","Coffee Dripper","Red Mask","MawBank","Toxic Egg 2","Cursed Key"],"acts_visited":["Exordium","TheCity","TheBeyond"],"potions_floor_usage":[16,16,21,24,24,24,24,24,24,33,33],"damage_taken":[{"damage":2,"enemies":"Small Slimes","floor":1,"turns":4},{"damage":7,"enemies":"Jaw Worm","floor":4,"turns":2},{"damage":20,"enemies":"Lagavulin","floor":7,"turns":5},{"damage":0,"enemies":"2 Louse","floor":8,"turns":1},{"damage":9,"enemies":"Blue Slaver","floor":10,"turns":4},{"damage":0,"enemies":"Looter","floor":12,"turns":2},{"damage":0,"enemies":"Slime Boss","floor":16,"turns":3},{"damage":11,"enemies":"Chosen","floor":18,"turns":4},{"damage":14,"enemies":"Shell Parasite","floor":21,"turns":4},{"damage":19,"enemies":"Masked Bandits","floor":24,"turns":5},{"damage":21,"enemies":"Book of Stabbing","floor":25,"turns":5},{"damage":11,"enemies":"Centurion and Healer","floor":31,"turns":5},{"damage":18,"enemies":"Collector","floor":33,"turns":6},{"damage":32,"enemies":"3 Shapes","floor":35,"turns":5},{"damage":65,"enemies":"2 Orb Walkers","floor":36,"turns":3}],"seed_played":"-5587452199097900551","potions_obtained":[{"floor":4,"key":"GamblersBrew"},{"floor":8,"key":"GamblersBrew"},{"floor":10,"key":"AttackPotion"},{"floor":16,"key":"PowerPotion"},{"floor":18,"key":"EntropicBrew"},{"floor":21,"key":"DistilledChaos"},{"floor":24,"key":"ElixirPotion"},{"floor":31,"key":"Strength Potion"}],"is_trial":false,"path_per_floor":["M","$","?","M","?","R","E","M","T","M","R","M","T","$","R","B",null,"M","?","?","M","?","R","?","E","T","$","R","?","?","M","R","B",null,"M","?"],"character_chosen":"IRONCLAD","items_purchased":["Apotheosis","Inflame","Limit Break","Vajra"],"campfire_rested":0,"item_purchase_floors":[2,14,14,14],"current_hp_per_floor":[60,60,60,59,43,43,29,35,35,32,32,38,38,38,38,44,80,75,75,60,52,52,52,39,24,24,24,24,24,24,19,19,7,85,59,0,0],"gold":549,"neow_bonus":"TWO_FIFTY_GOLD","is_daily":false,"chose_seed":false,"campfire_upgraded":6,"win_rate":0.0,"timestamp":1609827397,"path_taken":["M","$","?","M","?","R","E","M","T","M","R","M","?","$","R","BOSS","M","?","?","M","?","R","?","E","T","$","R","?","?","M","R","BOSS","M","?"],"items_purchased_type":["Card","Card","Card","Relic"],"build_version":"2020-12-22","purchased_purges":1,"victory":false,"max_hp_per_floor":[80,80,80,80,80,80,80,80,80,80,80,80,80,80,80,80,80,80,80,85,85,85,85,85,85,85,85,85,85,85,85,85,85,85,85,85,85],"card_choices":[{"not_picked":["Body Slam","Sever Soul"],"picked":"Clash","floor":1},{"not_picked":["Heavy Blade","Perfected Strike"],"picked":"Headbutt","floor":4},{"not_picked":["Combust","Entrench"],"picked":"Rampage","floor":7},{"not_picked":["Twin Strike","Feel No Pain"],"picked":"True Grit","floor":8},{"not_picked":["Warcry","Infernal Blade"],"picked":"Demon Form","floor":10},{"not_picked":["Entrench","Power Through"],"picked":"Shrug It Off","floor":12},{"not_picked":["Corruption","Feed"],"picked":"Brutality","floor":16},{"not_picked":["Clash","Hemokinesis+1"],"picked":"Disarm","floor":18},{"not_picked":["Thunderclap","Iron Wave"],"picked":"Rage","floor":21},{"not_picked":["Thunderclap","Fire Breathing"],"picked":"Rage+1","floor":24},{"not_picked":["Perfected Strike","Warcry","Rage"],"picked":"SKIP","floor":25},{"not_picked":["Headbutt+1","Rage+1"],"picked":"Warcry+1","floor":31},{"not_picked":["Juggernaut","Demon Form"],"picked":"Limit Break+1","floor":33},{"not_picked":["Thunderclap+1","Sentinel+1"],"picked":"Rupture","floor":35}],"player_experience":709658,"relics_obtained":[{"floor":7,"key":"Juzu Bracelet"},{"floor":9,"key":"Lantern"},{"floor":13,"key":"Red Skull"},{"floor":24,"key":"Red Mask"},{"floor":25,"key":"MawBank"},{"floor":26,"key":"Toxic Egg 2"}],"event_choices":[{"damage_healed":0,"gold_gain":0,"player_choice":"Ignored","damage_taken":0,"max_hp_gain":0,"max_hp_loss":0,"event_name":"Liars Game","floor":3,"gold_loss":0},{"damage_healed":0,"gold_gain":0,"player_choice":"Entered Light","damage_taken":16,"max_hp_gain":0,"max_hp_loss":0,"event_name":"Shining Light","floor":5,"gold_loss":0,"cards_upgraded":["Strike_R","Clash"]},{"damage_healed":0,"gold_gain":99,"player_choice":"Stole From Cult","damage_taken":0,"max_hp_gain":0,"max_hp_loss":0,"event_name":"Nest","floor":19,"gold_loss":0},{"damage_healed":0,"gold_gain":0,"player_choice":"Shed Blood","damage_taken":20,"max_hp_gain":5,"max_hp_loss":0,"event_name":"Forgotten Altar","floor":20,"gold_loss":0},{"cards_removed":["Strike_R"],"damage_healed":0,"gold_gain":0,"player_choice":"Elegance","damage_taken":0,"max_hp_gain":0,"max_hp_loss":0,"event_name":"Back to Basics","floor":22,"gold_loss":0},{"damage_healed":0,"gold_gain":0,"player_choice":"Fought Bandits","damage_taken":0,"max_hp_gain":0,"max_hp_loss":0,"event_name":"Masked Bandits","floor":24,"gold_loss":0},{"damage_healed":0,"gold_gain":0,"player_choice":"Ignored","damage_taken":0,"max_hp_gain":0,"max_hp_loss":0,"event_name":"Ghosts","floor":29,"gold_loss":0},{"damage_healed":0,"gold_gain":0,"cards_transformed":["Strike_R","Strike_R"],"player_choice":"Became Test Subject","damage_taken":0,"max_hp_gain":0,"max_hp_loss":0,"event_name":"Drug Dealer","floor":30,"gold_loss":0,"cards_obtained":["Flex","True Grit"]},{"damage_healed":0,"gold_gain":0,"player_choice":"Fight","damage_taken":0,"max_hp_gain":0,"max_hp_loss":0,"event_name":"Mysterious Sphere","floor":36,"gold_loss":0}],"is_beta":false,"boss_relics":[{"not_picked":["Empty Cage","Philosopher\u0027s Stone"],"picked":"Coffee Dripper"},{"not_picked":["Tiny House","Pandora\u0027s Box"],"picked":"Cursed Key"}],"items_purged_floors":[2],"is_endless":false,"potions_floor_spawned":[4,8,10,16,18,21,24,31],"killed_by":"2 Orb Walkers","ascension_level":2}}