{"host":"x205naxbihvu3p76","time":1609848584,"event":{"mods":["AchievementEnabler","BaseMod","Minty Spire (QoL Compilation)","StSLib","SuperFastMode"],"gold_per_floor":[366,157,174,174,185,185,200,200,200,233,233,233,267,279,279,353,353,371,388,388,14,14,14],"floor_reached":22,"playtime":486,"items_purged":["Pain","Strike_B"],"score":427,"play_id":"eb482081-baeb-45e3-aaa6-c07672eb5480","local_time":"20210105210944","is_ascension_mode":true,"campfire_choices":[{"data":"Streamline","floor":6.0,"key":"SMITH"},{"data":"Fusion","floor":8.0,"key":"SMITH"},{"floor":12.0,"key":"REST"},{"data":"Beam Cell","floor":15.0,"key":"SMITH"}],"circlet_count":0,"master_deck":["AscendersBane","Strike_B","Defend_B","Defend_B","Defend_B","Defend_B","Zap","Dualcast","Self Repair","Genetic Algorithm","Streamline+1","Fusion+1","Go for the Eyes","Storm","Beam Cell+1","Meteor Strike","Turbo","Leap","Chill","Self Repair","Fission","Storm"],"relics":["Cracked Core","StoneCalendar","Prayer Wheel","Strawberry","SlaversCollar","DollysMirror"],"acts_visited":["Exordium","TheCity"],"potions_floor_usage":[19],"damage_taken":[{"damage":10.0,"enemies":"2 Louse","floor":1.0,"turns":3.0},{"damage":1.0,"enemies":"Cultist","floor":3.0,"turns":3.0},{"damage":6.0,"enemies":"Small Slimes","floor":5.0,"turns":4.0},{"damage":8.0,"enemies":"Blue Slaver","floor":7.0,"turns":3.0},{"damage":30.0,"enemies":"3 Sentries","floor":10.0,"turns":7.0},{"damage":0.0,"enemies":"Lagavulin","floor":13.0,"turns":4.0},{"damage":2.0,"enemies":"2 Fungi Beasts","floor":14.0,"turns":4.0},{"damage":42.0,"enemies":"The Guardian","floor":16.0,"turns":8.0},{"damage":46.0,"enemies":"Shell Parasite","floor":18.0,"turns":7.0},{"damage":25,"enemies":"3 Byrds","floor":19,"turns":5},{"damage":14,"enemies":"Centurion and Healer","floor":22,"turns":1}],"seed_played":"-2250319130071581892","potions_obtained":[{"floor":1.0,"key":"AttackPotion"},{"floor":10.0,"key":"PowerPotion"},{"floor":13.0,"key":"Strength Potion"},{"floor":16.0,"key":"Fire Potion"}],"is_trial":false,"path_per_floor":["M","$","M","?","M","R","M","R","T","E","?","R","E","M","R","B",null,"M","M","?","$","M"],"character_chosen":"DEFECT","items_purchased":["Genetic Algorithm","Streamline","DollysMirror","Fire Potion","Explosive Potion"],"campfire_rested":1,"item_purchase_floors":[2,2,21,21,21],"current_hp_per_floor":[54,54,60,53,54,54,53,53,53,30,30,51,65,70,70,35,67,28,10,10,10,0,0],"gold":14,"neow_bonus":"TWO_FIFTY_GOLD","is_daily":false,"chose_seed":false,"campfire_upgraded":3,"win_rate":0.0,"timestamp":1609848584,"path_taken":["M","$","M","?","M","R","M","R","T","E","?","R","E","M","R","BOSS","M","M","?","$","?"],"items_purchased_type":["Card","Card","Relic","Potion","Potion"],"build_version":"2020-12-22","purchased_purges":2,"victory":false,"max_hp_per_floor":[71,71,71,71,71,71,71,71,71,71,71,71,78,78,78,78,78,78,78,78,78,78,78],"card_choices":[{"not_picked":["Conserve Battery","Hologram"],"picked":"Self Repair","floor":1.0},{"not_picked":["Force Field","Stack","Rebound"],"picked":"SKIP","floor":3.0},{"not_picked":["Compile Driver","Hello World","Rebound"],"picked":"SKIP","floor":5.0},{"not_picked":["Static Discharge","Doom and Gloom"],"picked":"Fusion","floor":7.0},{"not_picked":["Coolheaded","Rebound"],"picked":"Go for the Eyes","floor":10.0},{"not_picked":["Stack","Hyperbeam","Sweeping Beam"],"picked":"SKIP","floor":13.0},{"not_picked":["Turbo","Steam"],"picked":"Storm","floor":14.0},{"not_picked":["Beam Cell","Ball Lightning","Sweeping Beam"],"picked":"SKIP","floor":14.0},{"not_picked":["Ball Lightning","Sweeping Beam"],"picked":"Beam Cell","floor":14.0},{"not_picked":["Thunder Strike","Core Surge"],"picked":"Meteor Strike","floor":16.0},{"not_picked":["Gash+1","Recycle"],"picked":"Turbo","floor":18.0},{"not_picked":["Auto Shields","Cold Snap","Leap"],"picked":"SKIP","floor":18.0},{"not_picked":["Auto Shields","Cold Snap"],"picked":"Leap","floor":18.0},{"not_picked":["Steam Power","Recycle"],"picked":"Chill","floor":19},{"not_picked":["Compile Driver","Lockon+1"],"picked":"Self Repair","floor":19}],"player_experience":947232,"relics_obtained":[{"floor":9.0,"key":"StoneCalendar"},{"floor":10.0,"key":"Prayer Wheel"},{"floor":13.0,"key":"Strawberry"}],"event_choices":[{"cards_removed":["Strike_B"],"damage_healed":0.0,"max_hp_gain":0.0,"max_hp_loss":0.0,"gold_gain":0.0,"event_name":"Golden Wing","player_choice":"Card Removal","floor":4.0,"gold_loss":0.0,"damage_taken":7.0},{"damage_healed":0.0,"max_hp_gain":0.0,"max_hp_loss":0.0,"gold_gain":0.0,"event_name":"Lab","player_choice":"Got Potions","floor":11.0,"gold_loss":0.0,"damage_taken":0.0},{"damage_healed":0,"gold_gain":0,"cards_transformed":["Strike_B"],"player_choice":"Transformed","damage_taken":0,"max_hp_gain":0,"max_hp_loss":0,"event_name":"Transmorgrifier","floor":20,"gold_loss":0,"cards_obtained":["Fission"]}],"is_beta":false,"boss_relics":[{"not_picked":["SacredBark","Tiny House"],"picked":"SlaversCollar"}],"items_purged_floors":[2,21],"is_endless":false,"potions_floor_spawned":[1,10,13,16],"killed_by":"Centurion and Healer","ascension_level":19}}