{"host":"sygfylmorsvdndbx","time":1609884187,"event":{"mods":["AchievementEnabler","BaseMod","Minty Spire (QoL Compilation)","Relic Stats"],"gold_per_floor":[109,119,132,149,149,149,178,178,178,178,206,220,240,165,165,268,268,278,293,309,309,327,358,377,377,377,377,411,428,428,444,444,549,549,561,836,847,857,501,530,530,558,558,572,572,587,613,640,640,640,640,640,0,27,27],"floor_reached":56,"playtime":6346,"items_purged":["Strike_G","Regret","Strike_G"],"score":1566,"play_id":"b7d16d12-537e-4b3a-86d5-4b1cd9347976","local_time":"20210105170307","is_ascension_mode":false,"campfire_choices":[{"data":"Blur","floor":6.0,"key":"SMITH"},{"data":"Neutralize","floor":8.0,"key":"SMITH"},{"floor":10.0,"key":"REST"},{"data":"Accuracy","floor":15.0,"key":"SMITH"},{"floor":25.0,"key":"REST"},{"data":"Footwork","floor":27.0,"key":"SMITH"},{"floor":30,"key":"REST"},{"data":"Blur","floor":32,"key":"SMITH"},{"data":"Storm of Steel","floor":41,"key":"SMITH"},{"floor":49,"key":"RECALL"},{"data":"Blade Dance","floor":52,"key":"SMITH"}],"circlet_count":0,"master_deck":["Defend_G","Defend_G","Defend_G","Survivor","Neutralize+1","Blur+1","Flying Knee","Blade Dance+1","Accuracy+1","Dodge and Roll","Infinite Blades","PiercingWail","Venomology","Venomology+1","A Thousand Cuts+1","Blur+1","Backflip","Footwork+1","Well Laid Plans","Storm of Steel+1","Blade Dance+1","Escape Plan+1","Dagger Throw+1","Dagger Throw","Acrobatics+1","Blade Dance","Escape Plan+1","Escape Plan"],"relics":["Ring of the Snake","Blue Candle","Bottled Lightning","Pantograph","Astrolabe","Nilry\u0027s Codex","Tiny Chest","Bottled Tornado","HoveringKite","Kunai","Mercury Hourglass","InkBottle","HornCleat","Shuriken","Nunchaku","Gambling Chip","Lee\u0027s Waffle","Oddly Smooth Stone"],"acts_visited":["Exordium","TheCity","TheBeyond","TheEnding"],"potions_floor_usage":[31,33,33,33,35,37,37,37,40,40,42,42,44,44,46,47,50,50,54,54,55,55,55,55,55,55],"damage_taken":[{"damage":2.0,"enemies":"Jaw Worm","floor":1.0,"turns":5.0},{"damage":0.0,"enemies":"Cultist","floor":2.0,"turns":4.0},{"damage":0.0,"enemies":"2 Louse","floor":3.0,"turns":2.0},{"damage":2.0,"enemies":"Blue Slaver","floor":4.0,"turns":3.0},{"damage":10.0,"enemies":"Lagavulin","floor":7.0,"turns":5.0},{"damage":4.0,"enemies":"3 Sentries","floor":11.0,"turns":8.0},{"damage":4.0,"enemies":"Gremlin Gang","floor":12.0,"turns":4.0},{"damage":0.0,"enemies":"3 Louse","floor":13.0,"turns":3.0},{"damage":6.0,"enemies":"Hexaghost","floor":16.0,"turns":10.0},{"damage":0.0,"enemies":"Shell Parasite","floor":18.0,"turns":5.0},{"damage":9.0,"enemies":"2 Thieves","floor":19.0,"turns":3.0},{"damage":24.0,"enemies":"Cultist and Chosen","floor":20.0,"turns":6.0},{"damage":7.0,"enemies":"Snecko","floor":22.0,"turns":4.0},{"damage":11.0,"enemies":"Book of Stabbing","floor":23.0,"turns":3.0},{"damage":0.0,"enemies":"Chosen and Byrds","floor":24.0,"turns":6.0},{"damage":17.0,"enemies":"Gremlin Leader","floor":28.0,"turns":5.0},{"damage":4.0,"enemies":"Shelled Parasite and Fungi","floor":29.0,"turns":7.0},{"damage":2,"enemies":"Snecko","floor":31,"turns":5},{"damage":0,"enemies":"Champ","floor":33,"turns":10},{"damage":0,"enemies":"Orb Walker","floor":35,"turns":4},{"damage":16,"enemies":"3 Darklings","floor":37,"turns":4},{"damage":27,"enemies":"Spire Growth","floor":38,"turns":6},{"damage":2,"enemies":"Giant Head","floor":40,"turns":7},{"damage":2,"enemies":"Reptomancer","floor":42,"turns":6},{"damage":3,"enemies":"Maw","floor":44,"turns":7},{"damage":0,"enemies":"3 Darklings","floor":46,"turns":3},{"damage":0,"enemies":"Giant Head","floor":47,"turns":7},{"damage":8,"enemies":"Awakened One","floor":50,"turns":7},{"damage":5,"enemies":"Shield and Spear","floor":54,"turns":5},{"damage":2,"enemies":"The Heart","floor":55,"turns":9}],"seed_played":"-6489777396127759471","potions_obtained":[{"floor":3.0,"key":"ColorlessPotion"},{"floor":11.0,"key":"GamblersBrew"},{"floor":13.0,"key":"GamblersBrew"},{"floor":16.0,"key":"SmokeBomb"},{"floor":20.0,"key":"GamblersBrew"},{"floor":23.0,"key":"Dexterity Potion"},{"floor":31,"key":"SpeedPotion"},{"floor":33,"key":"Block Potion"},{"floor":42,"key":"DuplicationPotion"},{"floor":44,"key":"Weak Potion"}],"is_trial":false,"path_per_floor":["M","M","M","M","?","R","E","R","T","R","E","M","M","$","R","B",null,"M","M","M","?","M","E","M","R","T","R","E","M","R","M","R","B",null,"M","?","M","M","$","E","R","E","T","M","?","M","E","T","R","B",null,"R","$","E","B",null],"character_chosen":"THE_SILENT","items_purchased":["Kunai","Gambling Chip","Lee\u0027s Waffle","Escape Plan"],"campfire_rested":3,"item_purchase_floors":[39,53,53,53],"current_hp_per_floor":[47,47,47,45,45,45,35,35,35,56,52,48,48,48,48,64,70,70,61,37,21,14,3,3,24,24,24,7,3,24,22,22,47,70,70,70,54,27,27,25,25,23,23,20,70,70,70,70,70,62,70,70,77,72,75],"gold":27,"neow_bonus":"REMOVE_TWO","is_daily":false,"chose_seed":false,"campfire_upgraded":7,"win_rate":0.0,"timestamp":1609884187,"path_taken":["M","M","M","M","?","R","E","R","T","R","E","?","M","$","R","BOSS","M","M","M","?","M","E","M","R","T","R","E","M","R","M","R","BOSS","M","?","M","M","$","E","R","E","T","?","?","M","E","?","R","BOSS","R","$","E","BOSS"],"items_purchased_type":["Relic","Relic","Relic","Card"],"build_version":"2020-12-22","purchased_purges":3,"victory":true,"max_hp_per_floor":[70,70,70,70,70,70,70,70,70,70,70,70,70,70,70,70,70,70,70,70,70,70,70,70,70,70,70,70,70,70,70,70,70,70,70,70,70,70,70,70,70,70,70,70,70,70,70,70,70,70,70,70,77,77,77],"relic_stats":{"Lee\u0027s Waffle":7,"counters":[30,163],"Blue Candle":[0],"Astrolabe":["Crippling Poison","Venomology","A Thousand Cuts"],"HoveringKite":[42],"Mercury Hourglass":[180],"Nunchaku":[10],"Shuriken":[28],"Pantograph":52,"Gambling Chip":[8],"Tiny Chest":1,"Kunai":[57],"obtain_stats":[{"Lee\u0027s Waffle":53,"Nilry\u0027s Codex":21,"Blue Candle":7,"Astrolabe":17,"HoveringKite":34,"Oddly Smooth Stone":54,"Bottled Tornado":28,"Mercury Hourglass":40,"Nunchaku":48,"HornCleat":43,"Shuriken":47,"Pantograph":11,"Gambling Chip":53,"Tiny Chest":23,"Bottled Lightning":9,"Kunai":39,"InkBottle":42,"Ring of the Snake":0},{"Lee\u0027s Waffle":28,"Nilry\u0027s Codex":12,"Blue Candle":5,"Astrolabe":9,"HoveringKite":19,"Oddly Smooth Stone":29,"Bottled Tornado":16,"Mercury Hourglass":23,"Nunchaku":27,"HornCleat":24,"Shuriken":27,"Pantograph":6,"Gambling Chip":28,"Tiny Chest":14,"Bottled Lightning":5,"Kunai":22,"InkBottle":24,"Ring of the Snake":0},{"Lee\u0027s Waffle":149,"Nilry\u0027s Codex":58,"Blue Candle":19,"Astrolabe":44,"HoveringKite":98,"Oddly Smooth Stone":154,"Bottled Tornado":76,"Mercury Hourglass":119,"Nunchaku":142,"HornCleat":125,"Shuriken":142,"Pantograph":27,"Gambling Chip":149,"Tiny Chest":65,"Bottled Lightning":19,"Kunai":112,"InkBottle":125,"Ring of the Snake":0}],"InkBottle":[32],"Ring of the Snake":[60]},"card_choices":[{"not_picked":["Poisoned Stab","Setup"],"picked":"Blur","floor":1.0},{"not_picked":["Acrobatics","Cloak And Dagger"],"picked":"Flying Knee","floor":2.0},{"not_picked":["Backflip","Cloak And Dagger"],"picked":"Blade Dance","floor":3.0},{"not_picked":["Prepared","Poisoned Stab"],"picked":"Accuracy","floor":4.0},{"not_picked":["Sucker Punch","Prepared"],"picked":"Dodge and Roll","floor":7.0},{"not_picked":["Terror","Poisoned Stab"],"picked":"Infinite Blades","floor":11.0},{"not_picked":["Prepared","Setup","Concentrate"],"picked":"SKIP","floor":12.0},{"not_picked":["Outmaneuver","Night Terror"],"picked":"PiercingWail","floor":13.0},{"not_picked":["Night Terror","Glass Knife"],"picked":"Venomology","floor":16.0},{"not_picked":["Outmaneuver+1","Deadly Poison","Prepared"],"picked":"SKIP","floor":18.0},{"not_picked":["Flying Knee","Deadly Poison+1","Sucker Punch"],"picked":"SKIP","floor":19.0},{"not_picked":["Dagger Throw","Riddle With Holes","Predator"],"picked":"SKIP","floor":20.0},{"not_picked":["Dagger Throw","Riddle With Holes","Predator"],"picked":"SKIP","floor":20.0},{"not_picked":["Underhanded Strike","Dagger Spray"],"picked":"Blur","floor":22.0},{"not_picked":["Crippling Poison","Expertise"],"picked":"Backflip","floor":23.0},{"not_picked":["Poisoned Stab","Backstab"],"picked":"Footwork","floor":24.0},{"not_picked":["All Out Attack+1","Acrobatics","Doppelganger"],"picked":"SKIP","floor":28.0},{"not_picked":["Bane","PiercingWail"],"picked":"Well Laid Plans","floor":29},{"not_picked":["Flying Knee","Bane+1","Wraith Form v2"],"picked":"SKIP","floor":31},{"not_picked":["Die Die Die","Doppelganger"],"picked":"Storm of Steel","floor":33},{"not_picked":["Acrobatics","Slice"],"picked":"Blade Dance","floor":35},{"not_picked":["Outmaneuver","Infinite Blades","Flying Knee"],"picked":"SKIP","floor":37},{"not_picked":["Masterful Stab+1","Burst"],"picked":"Escape Plan+1","floor":38},{"not_picked":["Reflex+1","Crippling Poison+1"],"picked":"Dagger Throw+1","floor":40},{"not_picked":["Reflex","Flechettes+1"],"picked":"Dagger Throw","floor":42},{"not_picked":["Dodge and Roll","Flying Knee+1"],"picked":"Acrobatics+1","floor":44},{"not_picked":["Caltrops","Reflex+1"],"picked":"Blade Dance","floor":46},{"not_picked":["Sucker Punch+1","Riddle With Holes+1"],"picked":"Escape Plan+1","floor":47},{"not_picked":["Predator+1","Poisoned Stab+1","Heel Hook"],"picked":"SKIP","floor":54}],"player_experience":198261,"relics_obtained":[{"floor":7.0,"key":"Blue Candle"},{"floor":9.0,"key":"Bottled Lightning"},{"floor":11.0,"key":"Pantograph"},{"floor":21.0,"key":"Nilry\u0027s Codex"},{"floor":23.0,"key":"Tiny Chest"},{"floor":28.0,"key":"Bottled Tornado"},{"floor":40,"key":"Mercury Hourglass"},{"floor":42,"key":"InkBottle"},{"floor":43,"key":"HornCleat"},{"floor":47,"key":"Shuriken"},{"floor":48,"key":"Nunchaku"},{"floor":54,"key":"Oddly Smooth Stone"}],"event_choices":[{"damage_healed":0.0,"max_hp_gain":0.0,"max_hp_loss":0.0,"gold_gain":0.0,"event_name":"Accursed Blacksmith","player_choice":"Forge","floor":5.0,"gold_loss":0.0,"damage_taken":0.0,"cards_upgraded":["Blade Dance"]},{"damage_healed":0.0,"max_hp_gain":0.0,"max_hp_loss":0.0,"gold_gain":0.0,"event_name":"Cursed Tome","player_choice":"Obtained Book","floor":21.0,"gold_loss":0.0,"damage_taken":16.0},{"damage_healed":0,"gold_gain":275,"player_choice":"Desecrate","damage_taken":0,"max_hp_gain":0,"max_hp_loss":0,"event_name":"Golden Shrine","floor":36,"gold_loss":0,"cards_obtained":["Regret"]},{"cards_removed":["Crippling Poison"],"damage_healed":50,"gold_gain":0,"player_choice":"Offered Uncommon","damage_taken":0,"max_hp_gain":0,"max_hp_loss":0,"event_name":"Bonfire Elementals","floor":45,"gold_loss":0}],"is_beta":false,"boss_relics":[{"not_picked":["Pandora\u0027s Box","Tiny House"],"picked":"Astrolabe"},{"not_picked":["Snecko Eye","Velvet Choker"],"picked":"HoveringKite"}],"items_purged_floors":[14,39,53],"is_endless":false,"potions_floor_spawned":[3,11,13,16,20,23,31,33,40,42,44,54],"ascension_level":0}}