{"host":"w5vfr18i2ft1pzo2","time":1609867167,"event":{"mods":["Act Like it!","Aspiration","BaseMod","Better Third Choice","BetterRewards","Colored Map","Colored Powertips","Conspire","Curses Come First","DNKmod","Defuse TimeMaze Blight","Dota2Spire","Energized Spire","Evolution","Force Act Four","Friendly Minions","Gensokyo","GifTheSpireLib","Gold Saver","Halation","Hubris","Hyrulean Relics","Infinite Spire","Jedi Mod","Marisa????????","Minty Spire (QoL Compilation)","MostiFishMod","Prisma Mod","Remilia??????","Replay The Spire","SacredBarkPlus","Small Relic Pack","Spicy Shops","Spikes Relics","StSLib","Stuff the Spire","Synergy Search","The Blue Laboratory","The Servant 0.9.4","Trackpad","Treasure Hunter","Uncapped","Wandering Minibosses","Yakumo Yukari mod","noobMod","vexMod","??????REMEMod"],"gold_per_floor":[1296,1314,662,662,662,689,689,724,724,735,769,787,787,800,800,900,900,914,839,278,298,213,242,254,104,130,130,150,150,162,178,178,276,276,311,311,345,345,400,474,542,591,617,617,650,672,582,638,638,842,842,842,656,706,719],"floor_reached":56,"playtime":2045,"items_purged":["Defend_P","Strike_P","Defend_P","Strike_P"],"score":1986,"play_id":"493bf6d4-436b-4f45-8fcd-2a20fc355e9b","local_time":"20210106011927","is_ascension_mode":true,"campfire_choices":[{"floor":7,"key":"RECALL"},{"data":"Defend_P","floor":15,"key":"PURGE"},{"data":"Blasphemy","floor":32,"key":"SMITH"},{"data":"REME_CRH","floor":44,"key":"SMITH"},{"data":"MostiFishMod:PathToVictory","floor":49,"key":"SMITH"},{"data":"MostiFishMod:Kaleido","floor":52,"key":"SMITH"}],"circlet_count":0,"master_deck":["Strike_P","Eruption","Vigilance+1","MostiFishMod:LegendTransform","EmptyMind","LikeWater","MostiFishMod:Kaleido","TH:DeckOfManyThings","TH:DeckOfManyThings","Wireheading","TH:CopperCoins","LikeWater","TH:CursedSword","Ragnarok","WheelKick","Replay:LoomingThreat","TH:CursedSword+1","CutThroughFate+1","MasterReality","MostiFishMod:Kaleido+1","MostiFishMod:PathToVictory+1","MostiFishMod:StarHerder","TH:CursedSword+1","Vault","TH:DeckOfManyThings+1","wanderingMiniBosses:FinaleOfPromise","REME_Repentance","Nirvana","Blasphemy+1","TH:DeckOfManyThings+1","Establishment","CrushJoints+1","TH:BikiniMail+1","MostiFishMod:Nomercy+1","PathToVictory+1","TH:CursedSword+1","REME_CRH+1","TH:DeckOfManyThings+1","EmptyFist+1","MostiFishMod:Speedup+1","CutThroughFate","MostiFishMod:StoryBook","TH:ElvenBoots+1","MostiFishMod:LegendTransform+1"],"relics":["PureWater","EVO:Axolotl","DaveBox","ice","REME_ComplimentaryCards","aspiration:Nostalgia","Boundary_crack","SynthV:TestCard","Gremlin Food","relicPack:DSword","Dota2Spire:PowerTreads","StuffTheSpire:GrapeVine","SpikesRelics:ToyHorsey","FaceOfCleric","hubris:ScarierMask","BargainBundle","Nunchaku","REME_PuzzleBoxRelic","TH:Anvil","StuffTheSpire:Mouthbags","infinitespire:Beetle Shell","trackpad:SappingStone","Replay:Mystery Machine","wanderingMiniBosses:Blackblade","hubris:Icosahedron","Ring of Chaos","halation:EternalFortune","REME_ArchaeologicalTools","relicPack:AllForOne","Dota2Spire:BladeMail","Regal Pillow","Oddly Smooth Stone","trackpad:CultistFigurine"],"acts_visited":["Exordium","TheCity","TheBeyond","TheEnding"],"potions_floor_usage":[2,6,8,8,8,28,28,41,46,55,55,55],"damage_taken":[{"damage":0,"enemies":"Small Slimes","floor":1,"turns":1},{"damage":0,"enemies":"2 Louse","floor":2,"turns":2},{"damage":0,"enemies":"Lagavulin","floor":6,"turns":3},{"damage":0,"enemies":"Gremlin Nob","floor":8,"turns":1},{"damage":12,"enemies":"conspire:RoseBush","floor":10,"turns":2},{"damage":0,"enemies":"Lagavulin","floor":11,"turns":4},{"damage":1,"enemies":"Lots of Slimes","floor":12,"turns":3},{"damage":0,"enemies":"Looter","floor":14,"turns":2},{"damage":37,"enemies":"The Guardian","floor":16,"turns":4},{"damage":6,"enemies":"2 Thieves","floor":18,"turns":2},{"damage":0,"enemies":"Shell Parasite","floor":21,"turns":1},{"damage":13,"enemies":"Slavers","floor":23,"turns":3},{"damage":3,"enemies":"Chosen and Byrds","floor":24,"turns":3},{"damage":50,"enemies":"Shelled Parasite and Fungi","floor":28,"turns":4},{"damage":0,"enemies":"Cultist and Chosen","floor":30,"turns":3},{"damage":0,"enemies":"Snake Plant","floor":31,"turns":1},{"damage":0,"enemies":"Automaton","floor":33,"turns":2},{"damage":3,"enemies":"Orb Walker","floor":35,"turns":2},{"damage":67,"enemies":"conspire:MimicChest","floor":37,"turns":5},{"damage":1,"enemies":"3 Darklings","floor":39,"turns":2},{"damage":12,"enemies":"R_Hoarder","floor":40,"turns":3},{"damage":0,"enemies":"Transient","floor":41,"turns":4},{"damage":0,"enemies":"Reptomancer","floor":42,"turns":2},{"damage":33,"enemies":"Spire Growth","floor":45,"turns":3},{"damage":8,"enemies":"4 Shapes","floor":46,"turns":2},{"damage":0,"enemies":"Transient","floor":48,"turns":5},{"damage":41,"enemies":"hubris:GrandSnecko","floor":50,"turns":5},{"damage":11,"enemies":"Shield and Spear","floor":54,"turns":2},{"damage":107,"enemies":"The Heart","floor":55,"turns":7}],"seed_played":"6839753268075007116","potions_obtained":[{"floor":2,"key":"blueLaboratory:BottledTrinity"},{"floor":6,"key":"Weak Potion"},{"floor":8,"key":"blueLaboratory:PolymorphPotion"},{"floor":12,"key":"blueLaboratory:EnragingPotion"},{"floor":18,"key":"Ancient Potion"},{"floor":23,"key":"Dota2Spire:Clarity"},{"floor":30,"key":"Elixir"},{"floor":41,"key":"blueLaboratory:ForbiddenFruitJuice"},{"floor":45,"key":"AttackPotion"},{"floor":46,"key":"jedi:mysterypotion"}],"is_trial":false,"path_per_floor":["M","M","$","?","?","E","R","E","T","M","E","M","?","M","R_BF","B",null,"M","?","$","M","?","E","M","$","T","?","M","?","M","M","R","B",null,"M","?","?","?","M","E","M","E","T","R","M","M","?","M","R","B",null,"R","$","E","B",null],"character_chosen":"WATCHER","items_purchased":["EmptyMind","LikeWater","Gremlin Food","MostiFishMod:Kaleido","MasterReality","MostiFishMod:Kaleido","BargainBundle","Nunchaku","REME_PuzzleBoxRelic","TH:Anvil","jedi:StrikingPotion","Adrenaline Potion","MostiFishMod:StoryBook"],"campfire_rested":0,"item_purchase_floors":[3,3,3,3,20,20,20,20,20,20,20,20,53],"current_hp_per_floor":[65,65,65,30,35,38,38,40,40,30,35,39,39,43,43,12,62,60,60,60,66,66,58,61,61,61,61,17,17,23,24,24,30,73,74,77,16,16,20,14,95,96,96,96,68,64,64,91,91,71,104,104,104,99,10],"gold":719,"neow_bonus":"NOSTALGIA","is_daily":false,"chose_seed":false,"campfire_upgraded":4,"win_rate":0.0,"timestamp":1609867167,"path_taken":["M","M","$","?","?","E","R","E","T","M","E","M","?","?","R_BF","BOSS","M","?","?","?","?","E","?","?","T","?","M","?","M","M","R","BOSS","M","?","?","?","?","E","M","E","T","R","M","M","?","M","R","BOSS","R","$","E","BOSS"],"items_purchased_type":["Card","Card","Relic","Card","Card","Card","Relic","Relic","Relic","Relic","Potion","Potion","Card"],"build_version":"2020-12-22","purchased_purges":4,"victory":true,"max_hp_per_floor":[72,72,72,72,77,77,77,77,77,77,77,77,77,78,78,79,79,80,80,80,81,81,82,83,83,83,83,84,84,85,86,86,87,87,88,91,92,92,93,94,95,96,96,96,102,104,104,108,108,115,115,115,115,118,187],"card_choices":[{"not_picked":["WindmillStrike","CrushJoints","Replay:AtTheReady"],"picked":"SKIP","floor":1},{"not_picked":["FlyingSleeves","Consecrate","Collect","Study"],"picked":"MostiFishMod:LegendTransform","floor":2},{"not_picked":["TH:Mimic","TH:EnergyPotion","TH:PixieDust"],"picked":"TH:DeckOfManyThings","floor":6},{"not_picked":["JustLucky","Replay:ManipulateFuture","CrushJoints","EmptyFist","Meditate"],"picked":"SKIP","floor":6},{"not_picked":["TH:EnergyPotion","TH:CursedSword","TH:TreasureMap"],"picked":"TH:DeckOfManyThings","floor":8},{"not_picked":["FlyingSleeves","BowlingBash","Replay:AtTheReady","FollowUp"],"picked":"Wireheading","floor":8},{"not_picked":["TH:ArmorSpikes","TH:PixieDust","TH:ElvenBoots"],"picked":"TH:CopperCoins","floor":9},{"not_picked":["Weave","Halt","Nirvana","Protect"],"picked":"LikeWater","floor":10},{"not_picked":["TH:Mimic","TH:PixieDust","TH:TreasureMap"],"picked":"TH:CursedSword","floor":11},{"not_picked":["Perseverance","EmptyBody","Prostrate","PathToVictory"],"picked":"Ragnarok","floor":11},{"not_picked":["ForeignInfluence","Protect","WaveOfTheHand","InnerPeace"],"picked":"WheelKick","floor":12},{"not_picked":["Replay:AtTheReady","Replay:Vibes","Pray","WindmillStrike"],"picked":"Replay:LoomingThreat","floor":14},{"not_picked":["TH:CopperCoins","TH:DeckOfManyThings","TH:TreasureMap"],"picked":"TH:CursedSword","floor":16},{"not_picked":["SpiritShield","MostiFishMod:Dust","MostiFishMod:OutWit","Brilliance"],"picked":"MostiFishMod:StarHerder","floor":16},{"not_picked":["REME_MusicOfDeath","WreathOfFlame+1","Halt+1","SashWhip+1"],"picked":"CutThroughFate+1","floor":18},{"not_picked":["Protect","WheelKick","FollowUp","Evaluate"],"picked":"MostiFishMod:PathToVictory","floor":21},{"not_picked":["TH:PixieDust","TH:BikiniMail","TH:CursedSword","TH:TreasureMap"],"picked":"SKIP","floor":23},{"not_picked":["Vault","TalkToTheHand+1","Replay:Hum","Ragnarok","BattleHymn"],"picked":"SKIP","floor":23},{"not_picked":["TH:PixieDust","TH:BikiniMail","TH:TreasureMap"],"picked":"TH:CursedSword","floor":23},{"not_picked":["TalkToTheHand+1","Replay:Hum","Ragnarok","BattleHymn"],"picked":"Vault","floor":23},{"not_picked":["EmptyBody+1","JustLucky","FlurryOfBlows","Replay:DivineShield","CarveReality"],"picked":"SKIP","floor":24},{"not_picked":["TH:ArmorSpikes","TH:BikiniMail","TH:ElvenBoots"],"picked":"TH:DeckOfManyThings","floor":26},{"not_picked":[],"picked":"wanderingMiniBosses:FinaleOfPromise","floor":28},{"not_picked":["JustLucky","Replay:AtTheReady","Alpha","CrushJoints"],"picked":"REME_Repentance","floor":28},{"not_picked":["Consecrate+1","JustLucky","EmptyFist+1","Collect+1"],"picked":"Nirvana","floor":30},{"not_picked":["FlurryOfBlows","CarveReality","MostiFishMod:Clarity","SashWhip+1"],"picked":"Blasphemy","floor":31},{"not_picked":["TH:BikiniMail","TH:CursedSword","TH:PixieDust"],"picked":"TH:DeckOfManyThings","floor":33},{"not_picked":["MostiFishMod:Moonprays","jedi:nirvanicrebirth","MostiFishMod:DustFall","Replay:AllIn"],"picked":"Establishment","floor":33},{"not_picked":["Replay:AtTheReady+1","Meditate","ThirdEye","ClearTheMind","FollowUp"],"picked":"SKIP","floor":35},{"not_picked":["Halt","Replay:DivineShield+1","SashWhip+1","LikeWater","MostiFishMod:Moonprays"],"picked":"CrushJoints+1","floor":39},{"not_picked":["TH:TreasureMap","TH:ArmorSpikes","TH:PixieDust"],"picked":"TH:BikiniMail","floor":40},{"not_picked":["Ragnarok","Consecrate","WheelKick","CarveReality+1"],"picked":"MostiFishMod:Nomercy+1","floor":40},{"not_picked":["REME_MusicOfDeath+1","Protect+1","Sanctity+1","JustLucky+1"],"picked":"PathToVictory+1","floor":41},{"not_picked":["TH:ElvenBoots","TH:TreasureMap","TH:Mimic"],"picked":"TH:CursedSword","floor":42},{"not_picked":["CutThroughFate+1","ClearTheMind","FollowUp","EmptyFist"],"picked":"REME_CRH","floor":42},{"not_picked":["TH:PixieDust","TH:CopperCoins","TH:TreasureMap"],"picked":"TH:DeckOfManyThings","floor":43},{"not_picked":["FlurryOfBlows+1","CrushJoints+1","REME_Repentance","MostiFishMod:Moonprays"],"picked":"EmptyFist+1","floor":45},{"not_picked":["CutThroughFate+1","FlyingSleeves","CarveReality+1","EmptyFist+1"],"picked":"MostiFishMod:Speedup+1","floor":46},{"not_picked":["Halt+1","Replay:DivineShield+1","Meditate+1","Prostrate"],"picked":"CutThroughFate","floor":48},{"not_picked":["TH:ArmorSpikes","TH:TreasureMap","TH:BikiniMail"],"picked":"TH:ElvenBoots","floor":54},{"not_picked":["Replay:ManipulateFuture+1","REME_Repentance+1","WaveOfTheHand+1","CutThroughFate+1"],"picked":"MostiFishMod:LegendTransform+1","floor":54}],"player_experience":225249,"relics_obtained":[{"floor":1,"key":"SynthV:TestCard"},{"floor":6,"key":"Dota2Spire:PowerTreads"},{"floor":8,"key":"StuffTheSpire:GrapeVine"},{"floor":11,"key":"SpikesRelics:ToyHorsey"},{"floor":23,"key":"infinitespire:Beetle Shell"},{"floor":26,"key":"trackpad:SappingStone"},{"floor":27,"key":"Replay:Mystery Machine"},{"floor":28,"key":"wanderingMiniBosses:Blackblade"},{"floor":37,"key":"REME_ArchaeologicalTools"},{"floor":40,"key":"Dota2Spire:BladeMail"},{"floor":42,"key":"Regal Pillow"},{"floor":43,"key":"Oddly Smooth Stone"},{"floor":45,"key":"halation:EternalFortune"},{"floor":54,"key":"trackpad:CultistFigurine"}],"event_choices":[{"damage_healed":0,"gold_gain":0,"player_choice":"Donut","damage_taken":0,"max_hp_gain":5,"max_hp_loss":0,"event_name":"Big Fish","floor":5,"gold_loss":0},{"damage_healed":0,"gold_gain":0,"player_choice":"Trade","damage_taken":0,"relics_obtained":["FaceOfCleric"],"max_hp_gain":0,"max_hp_loss":0,"event_name":"FaceTrader","floor":13,"gold_loss":0},{"cards_removed":["Strike_P"],"damage_healed":0,"gold_gain":0,"player_choice":"Gave Gold","damage_taken":0,"max_hp_gain":0,"max_hp_loss":0,"event_name":"Beggar","floor":19,"gold_loss":75},{"damage_healed":0,"gold_gain":0,"player_choice":"Obtained Relic","damage_taken":0,"relics_obtained":["StuffTheSpire:Mouthbags"],"max_hp_gain":0,"max_hp_loss":0,"event_name":"Addict","floor":22,"gold_loss":85},{"cards_removed":["Defend_P"],"damage_healed":0,"gold_gain":0,"player_choice":"Upgrade and Remove","damage_taken":0,"max_hp_gain":0,"max_hp_loss":0,"event_name":"Designer","floor":47,"gold_loss":90,"cards_upgraded":["TH:CursedSword"]}],"is_beta":false,"boss_relics":[{"not_picked":["ReplayTheSpireMod:SealedPack","RhineSuit"],"picked":"hubris:ScarierMask"},{"not_picked":["trackpad:StolenKidneys","halation:Risk"],"picked":"Ring of Chaos"}],"items_purged_floors":[3,20,20,25],"is_endless":false,"potions_floor_spawned":[2,6,8,12,18,23,30,31,37,41,45,46],"ascension_level":6}}