{"host":"wghdsg8ym2wc7ov9","time":1609824949,"event":{"mods":["AchievementEnabler","Astrologer","BaseMod","Beaked The Cultist","Better Altar","Better Note","Colored Map","Downfall","Hermit","Highlight Path","Jorbs\u0027s Wanderer Trilogy","KinomotoSakuraMod(????)","Minty Spire (QoL Compilation)","Random Character Button","Relic Stats","SIMod","Shop Mod","StSLib","The Blackbeard","The Bladedancer","The Construct","The Cursed","The Death Knight","The Gatherer","The Hierophant","The Marked","The Mystic","The Necromancer","The Runesmith","The Senshi","The Servant 0.9.4"],"gold_per_floor":[99,115,215,227,238,257,338,338,263,263,3,13,13,13,13],"floor_reached":13,"playtime":1667,"items_purged":[],"score":75,"play_id":"4b88ec32-ff1f-4691-bd88-3f93bb22c000","local_time":"20210104213549","is_ascension_mode":false,"campfire_choices":[{"floor":1,"key":"RECALL"},{"data":"hexamod:Hexaguard","floor":9,"key":"SMITH"}],"circlet_count":0,"master_deck":["hexamod:Strike","hexamod:Strike","hexamod:Strike","hexamod:Strike","hexamod:Defend","hexamod:Defend+1","hexamod:Defend","hexamod:Defend","hexamod:Sear+1","hexamod:Float","hexamod:InspiringFlames+1","hexamod:StepThrough","hexamod:Hexaguard+1","hexamod:ExtraCrispy","Regret","hexamod:FirstSeal","hexamod:NecessarySacrifice","hexamod:SecondSeal","hexamod:TimeOfNeed","hexamod:StepThrough"],"relics":["hexamod:SpiritBrand","downfall:HeartBlessingRed","Membership Card","MerchantsRug"],"acts_visited":["Exordium"],"potions_floor_usage":[],"damage_taken":[{"damage":0,"enemies":"2 Louse","floor":2,"turns":2},{"damage":2,"enemies":"Small Slimes","floor":4,"turns":4},{"damage":0,"enemies":"Jaw Worm","floor":5,"turns":3},{"damage":12,"enemies":"Exordium Thugs","floor":6,"turns":6},{"damage":2,"enemies":"downfall:FleeingMerchant","floor":11,"turns":4},{"damage":26,"enemies":"Gremlin Gang","floor":12,"turns":7},{"damage":44,"enemies":"Gremlin Nob","floor":13,"turns":4}],"seed_played":"5750841111038340321","potions_obtained":[{"floor":2,"key":"FearPotion"},{"floor":6,"key":"Fire Potion"}],"is_trial":false,"path_per_floor":["R","M","?","M","M","M","T","?","R","?","$","M","E"],"character_chosen":"THE_SPIRIT","items_purchased":["Membership Card","MerchantsRug","hexamod:SecondSeal","hexamod:TimeOfNeed"],"campfire_rested":0,"item_purchase_floors":[11,11,11,11],"current_hp_per_floor":[77,77,77,75,75,63,63,63,63,56,61,42,0,0,0],"gold":13,"neow_bonus":"TEN_PERCENT_HP_BONUS","is_daily":false,"chose_seed":false,"campfire_upgraded":1,"win_rate":0.0,"timestamp":1609824949,"path_taken":["R","M","?","M","M","M","T","?","R","?","?","M","E"],"items_purchased_type":["Relic","Relic","Card","Card"],"build_version":"2020-12-22","purchased_purges":0,"victory":false,"max_hp_per_floor":[77,77,77,77,77,77,77,77,77,77,77,77,77,77,77],"relic_stats":{"counters":[7,30],"obtain_stats":[{"MerchantsRug":11,"downfall:HeartBlessingRed":9,"Membership Card":11,"Bottled Tornado":7,"hexamod:SpiritBrand":0},{"MerchantsRug":5,"downfall:HeartBlessingRed":4,"Membership Card":5,"Bottled Tornado":4,"hexamod:SpiritBrand":0},{"MerchantsRug":19,"downfall:HeartBlessingRed":15,"Membership Card":19,"Bottled Tornado":15,"hexamod:SpiritBrand":0}]},"card_choices":[{"not_picked":["hexamod:PhantomFireball","hexamod:NightmareGuise"],"picked":"hexamod:InspiringFlames","floor":2},{"not_picked":["hexamod:GhostLash","hexamod:ShieldOfDarkness"],"picked":"hexamod:StepThrough","floor":4},{"not_picked":["hexamod:RecurringNightmare","hexamod:Firestarter"],"picked":"hexamod:Hexaguard","floor":5},{"not_picked":["hexamod:BurningTouch","hexamod:NightmareGuise"],"picked":"hexamod:ExtraCrispy","floor":6},{"not_picked":["hexamod:Firestarter","hexamod:ExtraCrispy"],"picked":"hexamod:NecessarySacrifice","floor":11},{"not_picked":["hexamod:AdvancingGuard","hexamod:BacktrackSmack"],"picked":"hexamod:StepThrough","floor":12}],"player_experience":607557,"relics_obtained":[{"floor":7,"key":"Bottled Tornado"}],"event_choices":[],"is_beta":false,"boss_relics":[],"items_purged_floors":[],"is_endless":false,"potions_floor_spawned":[2,6],"killed_by":"Gremlin Nob","ascension_level":0}}