{"host":"4jgezcw2enz0fhrk","time":1609838752,"event":{"mods":["BaseMod","Bestiary","KinomotoSakuraMod(ƒæ÷Æ±æ”£)","Marisa£®ÏF”Í°°ƒß¿Ì…≥£©","Minty Spire (QoL Compilation)","MostiFishMod","Quick Restart","Rare Cards Sparkle","Reimu£®≤©¿ˆ¡È√Œ£©","Relic Stats","Spicy Shops","StSLib","The Marked","Waifu the Spire","Yakumo Yukari mod","vexMod","°æ“≈ŒÔø®≈∆°øREMEMod"],"gold_per_floor":[114,36,36,36,12,12,31,65,110,110,130,130,148,161,161,259,259,272,197,217,217,492,492,526,90,141,153,170,22,71,89,89,184,184,197,197,212,223,223,233,260,160,232,248,298,298,298,298,298,298,298,298,23,53,53],"floor_reached":56,"playtime":4072,"items_purged":["Regret","Strike_Lin:ReiMu","Strike_Lin:ReiMu+1"],"score":1322,"play_id":"448768f7-e976-45c6-8c04-601daa2c069e","local_time":"20210105172552","is_ascension_mode":false,"campfire_choices":[{"floor":6.0,"key":"RECALL"},{"data":"CleanRite:ReiMu","floor":10.0,"key":"SMITH"},{"data":"theMarked:Levitate","floor":15.0,"key":"SMITH"},{"data":"SubcavityFantasy:ReiMu","floor":23.0,"key":"SMITH"},{"floor":32.0,"key":"REST"},{"data":"Gathering:ReiMu","floor":47,"key":"SMITH"},{"floor":49,"key":"REST"},{"floor":52,"key":"REST"}],"circlet_count":0,"master_deck":["Defend_Lin:ReiMu+1","Defend_Lin:ReiMu+1","NB:ReiMu+1","Stagnation:ReiMu+1","theMarked:Levitate+1","SpringWay:ReiMu+1","Conquer:ReiMu+1","WonderfulDomain:ReiMu+1","CleanRite:ReiMu+1","CareerPray:ReiMu+1","UpKicking:ReiMu+1","OrbThrow:ReiMu+1","KamiRite:ReiMu+1","InherentArray:ReiMu+1","SubcavityFantasy:ReiMu+1","PrayRite:ReiMu+1","BlastKick2:ReiMu+1","FantasyMoon:ReiMu+1","SpiritualOutbreak2:ReiMu+1","Determination:ReiMu+1","UniversalSpiritual:ReiMu+1","Amulet:ReiMu+1","CardOfSanctity:ReiMu+1","Enchanting:ReiMu+1","RainPray2:ReiMu+1","Gathering:ReiMu+1","RainPray2:ReiMu+1","OrbThrow:ReiMu+1","CollectionFlower2:ReiMu+1"],"relics":["FlyPower:ReiMu","DaveBox","REME_ComplimentaryCards","xbg","NeowsBlessing","SynthV:TestCard","Blood Vial","Bag of Preparation","vexMod:BigBerry","MawBank","Mango","Orrery","SkyOrb:ReiMu","OrangePellets","Empty Cage","Ornamental Fan","White Beast Statue","REME_IWantAll","vexMod:InvisibilityCloak","Letter Opener"],"acts_visited":["Exordium","TheCity","TheBeyond","TheEnding"],"potions_floor_usage":[38,40,44,44,48,50,54,55,55],"damage_taken":[{"damage":0.0,"enemies":"Small Slimes","floor":1.0,"turns":1.0},{"damage":0.0,"enemies":"2 Louse","floor":7.0,"turns":1.0},{"damage":0.0,"enemies":"Lagavulin","floor":8.0,"turns":1.0},{"damage":0.0,"enemies":"Jaw Worm","floor":11.0,"turns":3.0},{"damage":3.0,"enemies":"Red Slaver","floor":13.0,"turns":3.0},{"damage":0.0,"enemies":"Gremlin Gang","floor":14.0,"turns":3.0},{"damage":15.0,"enemies":"The Guardian","floor":16.0,"turns":6.0},{"damage":5.0,"enemies":"Chosen","floor":18.0,"turns":5.0},{"damage":6.0,"enemies":"3 Byrds","floor":20.0,"turns":5.0},{"damage":42.0,"enemies":"Gremlin Leader","floor":24.0,"turns":6.0},{"damage":6.0,"enemies":"Centurion and Healer","floor":27.0,"turns":4.0},{"damage":0.0,"enemies":"Snake Plant","floor":28.0,"turns":2.0},{"damage":1.0,"enemies":"Shelled Parasite and Fungi","floor":30.0,"turns":3.0},{"damage":5.0,"enemies":"Chosen and Byrds","floor":31.0,"turns":3.0},{"damage":18.0,"enemies":"Champ","floor":33.0,"turns":8.0},{"damage":0.0,"enemies":"Orb Walker","floor":35.0,"turns":2.0},{"damage":8,"enemies":"3 Shapes","floor":37,"turns":3},{"damage":0,"enemies":"Maw","floor":38,"turns":4},{"damage":2,"enemies":"Jaw Worm Horde","floor":40,"turns":6},{"damage":0,"enemies":"Nemesis","floor":41,"turns":3},{"damage":0,"enemies":"Sphere and 2 Shapes","floor":44,"turns":2},{"damage":0,"enemies":"Mind Bloom Boss Battle","floor":45,"turns":4},{"damage":0,"enemies":"Mind Bloom Boss Battle","floor":48,"turns":3},{"damage":16,"enemies":"Time Eater","floor":50,"turns":6},{"damage":27,"enemies":"Shield and Spear","floor":54,"turns":4},{"damage":32,"enemies":"The Heart","floor":55,"turns":7}],"seed_played":"2959916326316748267","potions_obtained":[{"floor":1.0,"key":"DuplicationPotion"},{"floor":3.0,"key":"ColorlessPotion"},{"floor":11.0,"key":"Fruit Juice"},{"floor":13.0,"key":"SkillPotion"},{"floor":20.0,"key":"Ancient Potion"},{"floor":27.0,"key":"Block Potion"},{"floor":28.0,"key":"REME_GoldPotion"},{"floor":35.0,"key":"SteroidPotion"},{"floor":37,"key":"GrandPatriotsElixir:ReiMu"},{"floor":38,"key":"ZuzhouPotion:ReiMu"},{"floor":41,"key":"MagicPotion:ReiMu"},{"floor":44,"key":"Fruit Juice"},{"floor":45,"key":"PinkPotion:ReiMu"},{"floor":54,"key":"BlessingOfTheForge"}],"is_trial":false,"path_per_floor":["M","$","?","?","?","R","M","E","T","R","M","$","M","M","R","B",null,"M","?","M","?","?","R","E","$","T","M","M","$","M","M","R","B",null,"M","?","M","M","?","M","E","$","T","M","?","T","R","?","R","B",null,"R","$","E","B",null],"character_chosen":"REIMU","items_purchased":["Conquer:ReiMu","Mango","BlastKick2:ReiMu","Orrery","OrangePellets","FairyPotion","Dexterity Potion"],"campfire_rested":3,"item_purchase_floors":[2,25,25,25,29,53,53],"current_hp_per_floor":[65,65,65,40,40,40,42,44,44,44,51,51,50,52,52,39,100,95,95,91,91,91,91,51,65,65,61,63,63,64,61,95,79,114,114,114,106,108,108,108,110,110,110,117,119,119,119,119,119,103,119,119,119,92,62],"gold":53,"neow_bonus":"THREE_ENEMY_KILL","is_daily":false,"chose_seed":false,"campfire_upgraded":4,"win_rate":0.0,"timestamp":1609838752,"path_taken":["M","$","?","?","?","R","M","E","T","R","M","?","?","?","R","BOSS","M","?","M","?","?","R","E","$","T","?","M","$","M","M","R","BOSS","M","?","M","M","?","?","E","?","T","M","?","?","R","?","R","BOSS","R","$","E","BOSS"],"items_purchased_type":["Card","Relic","Card","Relic","Relic","Potion","Potion"],"build_version":"2020-12-22","purchased_purges":3,"victory":true,"max_hp_per_floor":[65,65,65,65,65,65,65,65,65,65,70,70,70,70,70,70,100,100,100,100,100,100,100,100,114,114,114,114,114,114,114,114,114,114,114,114,114,114,114,114,114,114,114,119,119,119,119,119,119,119,119,119,119,119,119],"relic_stats":{"Blood Vial":40,"OrangePellets":[0],"counters":[26,95],"Ornamental Fan":[8],"Bag of Preparation":[46],"Letter Opener":[55],"MawBank":12,"obtain_stats":[{"DaveBox":0,"NeowsBlessing":0,"Mango":25,"Bag of Preparation":8,"Letter Opener":54,"MawBank":24,"Empty Cage":34,"REME_IWantAll":45,"White Beast Statue":43,"Blood Vial":4,"OrangePellets":29,"vexMod:InvisibilityCloak":46,"SynthV:TestCard":1,"Ornamental Fan":41,"Orrery":25,"SkyOrb:ReiMu":26,"xbg":0,"FlyPower:ReiMu":0,"REME_ComplimentaryCards":0,"vexMod:BigBerry":17},{"DaveBox":0,"NeowsBlessing":0,"Mango":10,"Bag of Preparation":3,"Letter Opener":25,"MawBank":10,"Empty Cage":15,"REME_IWantAll":22,"White Beast Statue":20,"Blood Vial":1,"OrangePellets":12,"vexMod:InvisibilityCloak":22,"SynthV:TestCard":1,"Ornamental Fan":20,"Orrery":10,"SkyOrb:ReiMu":10,"xbg":0,"FlyPower:ReiMu":0,"REME_ComplimentaryCards":0,"vexMod:BigBerry":7},{"DaveBox":0,"NeowsBlessing":0,"Mango":33,"Bag of Preparation":3,"Letter Opener":88,"MawBank":33,"Empty Cage":51,"REME_IWantAll":75,"White Beast Statue":69,"Blood Vial":1,"OrangePellets":38,"vexMod:InvisibilityCloak":75,"SynthV:TestCard":1,"Ornamental Fan":69,"Orrery":33,"SkyOrb:ReiMu":33,"xbg":0,"FlyPower:ReiMu":0,"REME_ComplimentaryCards":0,"vexMod:BigBerry":18}]},"card_choices":[{"not_picked":["TightArray:ReiMu","SubcavityInstant:ReiMu"],"picked":"SpringWay:ReiMu","floor":1.0},{"not_picked":["Gathering:ReiMu","CollectionFlower2:ReiMu","PayForSelf:ReiMu","MikOfLucky:ReiMu"],"picked":"WonderfulDomain:ReiMu","floor":7.0},{"not_picked":["OctopathBindingBorder2:ReiMu","SpringWay:ReiMu","PassingAway:ReiMu","TakeOff:ReiMu"],"picked":"CleanRite:ReiMu","floor":8.0},{"not_picked":["AlertArray:ReiMu","PayForSelf:ReiMu","UniversalSpiritual:ReiMu","OctopathBindingBorder2:ReiMu"],"picked":"CareerPray:ReiMu","floor":11.0},{"not_picked":["SubAcupoint:ReiMu","TightArray:ReiMu","SafetyPray:ReiMu","AlertArray:ReiMu"],"picked":"UpKicking:ReiMu","floor":13.0},{"not_picked":["AirManeuver:ReiMu","ShadowOfCrow2:ReiMu","Enchanting:ReiMu","ManaGlint:ReiMu"],"picked":"OrbThrow:ReiMu","floor":14.0},{"not_picked":["CardOfSanctity:ReiMu","PrayRite:ReiMu","KyokaiOfKami:ReiMu","BlastKick2:ReiMu"],"picked":"KamiRite:ReiMu","floor":16.0},{"not_picked":["Conquer:ReiMu","WonderfulDomain:ReiMu+1","SafetyPray:ReiMu","OctopathBindingBorder2:ReiMu"],"picked":"InherentArray:ReiMu+1","floor":18.0},{"not_picked":["Conquer:ReiMu","YinYangSign:ReiMu+1","SpreadBorder2:ReiMu","PrepareRite:ReiMu","Enchanting:ReiMu"],"picked":"SKIP","floor":20.0},{"not_picked":["EmergencyTakeOff:ReiMu","Revelation:ReiMu","Amulet:ReiMu","SafetyPray:ReiMu"],"picked":"PrayRite:ReiMu","floor":24.0},{"not_picked":["LovePray:ReiMu","ForcedLanding:ReiMu","ShadowOfCrow2:ReiMu","Intuition:ReiMu+1"],"picked":"FantasyMoon:ReiMu+1","floor":25.0},{"not_picked":["InherentArray:ReiMu","SubAcupoint:ReiMu","OrbThrow:ReiMu","Meditation:ReiMu"],"picked":"SpiritualOutbreak2:ReiMu+1","floor":25.0},{"not_picked":["TightArray:ReiMu","Intuition:ReiMu","OrbThrow:ReiMu","Enchanting:ReiMu"],"picked":"Determination:ReiMu","floor":25.0},{"not_picked":["SpringWay:ReiMu","SafetyPray:ReiMu","AirStrike:ReiMu","EmergencyTakeOff:ReiMu"],"picked":"LovePray:ReiMu","floor":25.0},{"not_picked":["RainPray2:ReiMu+1","Gathering:ReiMu","LovePray:ReiMu","PrepareRite:ReiMu"],"picked":"UniversalSpiritual:ReiMu+1","floor":27.0},{"not_picked":["SubcavityFantasy:ReiMu","TakeOff:ReiMu","SpreadBorder2:ReiMu+1","CareerPray:ReiMu","LovePray:ReiMu"],"picked":"SKIP","floor":28.0},{"not_picked":["SpringWay:ReiMu+1","AirStrike:ReiMu","InherentArray:ReiMu","BarrageOfMoneybags:ReiMu","ManaGlint:ReiMu"],"picked":"SKIP","floor":30.0},{"not_picked":["SubcavityInstant:ReiMu","SafetyPray:ReiMu","ManaGlint:ReiMu","Conquer:ReiMu"],"picked":"Amulet:ReiMu+1","floor":31.0},{"not_picked":["BlastKick2:ReiMu","OctopathSalyBorderN:ReiMu","YinYang:ReiMu","Dreaming:ReiMu"],"picked":"CardOfSanctity:ReiMu","floor":33.0},{"not_picked":["SafetyPray:ReiMu","Gathering:ReiMu","MikOfLucky:ReiMu+1","SpringWay:ReiMu+1"],"picked":"Enchanting:ReiMu+1","floor":35.0},{"not_picked":["OctopathBindingBorder2:ReiMu","Gathering:ReiMu","EmergencyTakeOff:ReiMu","PayForSelf:ReiMu"],"picked":"RainPray2:ReiMu+1","floor":37},{"not_picked":["Dreaming:ReiMu","BarrageOfMoneybags:ReiMu+1","AirStrike:ReiMu","Intuition:ReiMu","ForcedLanding:ReiMu"],"picked":"SKIP","floor":38},{"not_picked":["SpringWay:ReiMu","TakeOff:ReiMu+1","Enchanting:ReiMu+1","SubAcupoint:ReiMu"],"picked":"Gathering:ReiMu","floor":40},{"not_picked":["CareerPray:ReiMu","Meditation:ReiMu","ShadowOfCrow2:ReiMu","AirStrike:ReiMu"],"picked":"RainPray2:ReiMu+1","floor":41},{"not_picked":["Amulet:ReiMu+1","SpreadBorder2:ReiMu+1","AirStrike:ReiMu","Mountainwind:ReiMu"],"picked":"OrbThrow:ReiMu+1","floor":44},{"not_picked":["Dreaming2:ReiMu","TightArray:ReiMu","FantasyMoon:ReiMu","PhosphorusFlame:ReiMu"],"picked":"CollectionFlower2:ReiMu+1","floor":45},{"not_picked":["Revelation:ReiMu","Gathering:ReiMu","Enchanting:ReiMu","SafetyPray:ReiMu","LovePray:ReiMu"],"picked":"SKIP","floor":54}],"player_experience":497464,"relics_obtained":[{"floor":1.0,"key":"SynthV:TestCard"},{"floor":8.0,"key":"Bag of Preparation"},{"floor":24.0,"key":"MawBank"},{"floor":26.0,"key":"SkyOrb:ReiMu"},{"floor":41,"key":"Ornamental Fan"},{"floor":43,"key":"White Beast Statue"},{"floor":45,"key":"REME_IWantAll"},{"floor":46,"key":"vexMod:InvisibilityCloak"},{"floor":54,"key":"Letter Opener"}],"event_choices":[{"damage_healed":0.0,"max_hp_gain":0.0,"max_hp_loss":0.0,"gold_gain":0.0,"event_name":"Scrap Ooze","player_choice":"Success","floor":4.0,"gold_loss":0.0,"damage_taken":25.0,"relics_obtained":["Blood Vial"]},{"damage_healed":0.0,"max_hp_gain":0.0,"max_hp_loss":0.0,"gold_gain":0.0,"event_name":"World of Goop","player_choice":"Left Gold","floor":5.0,"gold_loss":24.0,"damage_taken":0.0},{"cards_removed":["Defend_Lin:ReiMu"],"damage_healed":0.0,"max_hp_gain":0.0,"max_hp_loss":0.0,"gold_gain":0.0,"event_name":"Beggar","player_choice":"Gave Gold","floor":19.0,"gold_loss":75.0,"damage_taken":0.0},{"damage_healed":0.0,"max_hp_gain":0.0,"max_hp_loss":0.0,"gold_gain":0.0,"event_name":"The Library","player_choice":"Read","floor":21.0,"gold_loss":0.0,"damage_taken":0.0,"cards_obtained":["SubcavityFantasy:ReiMu"]},{"damage_healed":0.0,"max_hp_gain":0.0,"max_hp_loss":0.0,"gold_gain":275.0,"event_name":"Golden Shrine","player_choice":"Desecrate","floor":22.0,"gold_loss":0.0,"damage_taken":0.0,"cards_obtained":["Regret"]},{"cards_removed":["LovePray:ReiMu"],"damage_healed":0.0,"max_hp_gain":0.0,"max_hp_loss":0.0,"gold_gain":0.0,"event_name":"Falling","player_choice":"Removed Skill","floor":36.0,"gold_loss":0.0,"damage_taken":0.0},{"cards_removed":["Strike_Lin:ReiMu"],"damage_healed":0,"gold_gain":0,"player_choice":"Purged","damage_taken":0,"max_hp_gain":0,"max_hp_loss":0,"event_name":"Purifier","floor":39,"gold_loss":0},{"damage_healed":0,"gold_gain":0,"player_choice":"Fight","damage_taken":0,"max_hp_gain":0,"max_hp_loss":0,"event_name":"MindBloom","floor":45,"gold_loss":0}],"is_beta":false,"boss_relics":[{"not_picked":["NightmareShop","ExusiaiGun"],"picked":"vexMod:BigBerry"},{"not_picked":["Astrolabe","Fusion Hammer"],"picked":"Empty Cage"}],"items_purged_floors":[25,42,53],"is_endless":false,"potions_floor_spawned":[1,11,13,20,27,28,35,37,38,41,44,45,48,54],"ascension_level":0}}