{"host":"7zdktqb5xjtif29d","time":1609883201,"event":{"mods":["AchievementEnabler","BaseMod","Colored Map","Colored Powertips","Highlight Path","Minty Spire (QoL Compilation)","Rare Cards Sparkle","SuperFastMode","Waifu the Spire","everything is the same but u backflip on backflip"],"gold_per_floor":[111,122,133,133,144,144,319,333,333,333,333],"floor_reached":10,"playtime":448,"items_purged":[],"score":60,"play_id":"fc82b42c-7b90-408e-92e4-44c227f221ee","local_time":"20210105214641","is_ascension_mode":false,"campfire_choices":[{"floor":6,"key":"REST"}],"circlet_count":0,"master_deck":["Strike_R","Strike_R","Strike_R","Strike_R","Strike_R","Defend_R","Defend_R","Defend_R","Defend_R","Bash","Bloodletting","Hemokinesis","Regret","Doubt","Uppercut"],"relics":["Burning Blood","Shuriken"],"acts_visited":["Exordium"],"potions_floor_usage":[10],"damage_taken":[{"damage":2.0,"enemies":"Small Slimes","floor":1.0,"turns":4.0},{"damage":21,"enemies":"Jaw Worm","floor":2,"turns":4},{"damage":3,"enemies":"Cultist","floor":3,"turns":3},{"damage":42,"enemies":"Gremlin Gang","floor":5,"turns":7},{"damage":22,"enemies":"Red Slaver","floor":8,"turns":4},{"damage":50,"enemies":"3 Sentries","floor":10,"turns":8}],"seed_played":"5594560840338441991","potions_obtained":[{"floor":1.0,"key":"AttackPotion"},{"floor":3,"key":"DistilledChaos"},{"floor":8,"key":"Explosive Potion"}],"is_trial":false,"path_per_floor":["M","M","M","?","M","R","?","M","T","E"],"character_chosen":"IRONCLAD","items_purchased":[],"campfire_rested":1,"item_purchase_floors":[],"current_hp_per_floor":[88,73,76,76,40,66,66,50,50,0,0],"gold":333,"neow_bonus":"TEN_PERCENT_HP_BONUS","is_daily":false,"chose_seed":false,"campfire_upgraded":0,"win_rate":0.0,"timestamp":1609883201,"path_taken":["M","M","M","?","M","R","?","M","T","E"],"items_purchased_type":[],"build_version":"2020-12-22","purchased_purges":0,"victory":false,"max_hp_per_floor":[88,88,88,88,88,88,88,88,88,88,88],"card_choices":[{"not_picked":["Pommel Strike","Headbutt"],"picked":"Bloodletting","floor":1.0},{"not_picked":["Anger","Body Slam"],"picked":"Hemokinesis","floor":2},{"not_picked":["Pommel Strike","Heavy Blade","Anger"],"picked":"SKIP","floor":3},{"not_picked":["Warcry","Armaments","Sword Boomerang"],"picked":"SKIP","floor":5},{"not_picked":["Pommel Strike","Flame Barrier"],"picked":"Uppercut","floor":8}],"player_experience":188988,"relics_obtained":[],"event_choices":[{"damage_healed":0,"gold_gain":0,"player_choice":"Box","damage_taken":0,"relics_obtained":["Shuriken"],"max_hp_gain":0,"max_hp_loss":0,"event_name":"Big Fish","floor":4,"gold_loss":0,"cards_obtained":["Regret"]},{"damage_healed":0,"gold_gain":175,"player_choice":"AGREE","damage_taken":0,"max_hp_gain":0,"max_hp_loss":0,"event_name":"Liars Game","floor":7,"gold_loss":0,"cards_obtained":["Doubt"]}],"is_beta":false,"boss_relics":[],"items_purged_floors":[],"is_endless":false,"potions_floor_spawned":[1,3,8],"killed_by":"3 Sentries","ascension_level":0}}