{"host":"rmsq46plbpwfbxcc","time":1609852547,"event":{"mods":["AchievementEnabler","BaseMod","Colored Map","Colored Powertips","DeckTracker","KOR Keyword Fix","Minty Spire (QoL Compilation)","Permanent Neow","Quick Restart","SuperFastMode"],"gold_per_floor":[109,34,45,59,73,73,88,103,103,103,116,147,160,189,189,285,285,302,312,324,324,224,224,244,279,279,279,295,295,307,332,332,427,427,446,546,557,571,581,581,595,622,622,639,639,649,381,732,732,732,732,732,162,193,193],"floor_reached":56,"playtime":2187,"items_purged":["Strike_G","Defend_G","Strike_G+1","Masterful Stab+1"],"score":1957,"play_id":"c39fc7b1-7f87-44cb-ab35-4fbaf5b40ada","local_time":"20210105221547","is_ascension_mode":true,"campfire_choices":[{"data":"Neutralize","floor":6,"key":"SMITH"},{"data":"Blade Dance","floor":10,"key":"SMITH"},{"data":"Accuracy","floor":15,"key":"SMITH"},{"data":"After Image","floor":23,"key":"SMITH"},{"data":"Well Laid Plans","floor":27,"key":"SMITH"},{"data":"Adrenaline","floor":32,"key":"SMITH"},{"data":"Phantasmal Killer","floor":40,"key":"SMITH"},{"data":"Adrenaline","floor":45,"key":"SMITH"},{"floor":49,"key":"RECALL"},{"data":"Adrenaline","floor":52,"key":"SMITH"}],"circlet_count":0,"master_deck":["AscendersBane","Defend_G+1","Defend_G","Survivor","Neutralize+1","Dash+1","Flying Knee+1","Well Laid Plans+1","Accuracy+1","Blade Dance+1","Adrenaline+1","Adrenaline+1","Acrobatics","After Image+1","Escape Plan","PiercingWail","Escape Plan+1","Backflip","Cloak And Dagger+1","Finisher+1","Adrenaline+1","PiercingWail+1","Phantasmal Killer+1","Blur","Acrobatics+1","Predator+1"],"relics":["Astrolabe","Molten Egg 2","Shuriken","Letter Opener","Coffee Dripper","Centennial Puzzle","Singing Bowl","War Paint","Empty Cage","Whetstone","MealTicket","Old Coin","Anchor","Lee\u0027s Waffle","Gremlin Horn"],"acts_visited":["Exordium","TheCity","TheBeyond","TheEnding"],"potions_floor_usage":[16,16,33,33,41,44,55,55],"damage_taken":[{"damage":0,"enemies":"Cultist","floor":1,"turns":2},{"damage":0,"enemies":"Jaw Worm","floor":3,"turns":2},{"damage":0,"enemies":"2 Louse","floor":4,"turns":2},{"damage":24,"enemies":"Gremlin Gang","floor":5,"turns":6},{"damage":0,"enemies":"Lots of Slimes","floor":7,"turns":4},{"damage":0,"enemies":"Looter","floor":8,"turns":3},{"damage":0,"enemies":"Large Slime","floor":11,"turns":4},{"damage":0,"enemies":"Gremlin Nob","floor":12,"turns":4},{"damage":0,"enemies":"Red Slaver","floor":13,"turns":2},{"damage":12,"enemies":"Lagavulin","floor":14,"turns":6},{"damage":2,"enemies":"Hexaghost","floor":16,"turns":7},{"damage":0,"enemies":"Shell Parasite","floor":18,"turns":3},{"damage":0,"enemies":"3 Byrds","floor":19,"turns":4},{"damage":0,"enemies":"Centurion and Healer","floor":20,"turns":5},{"damage":5,"enemies":"Shelled Parasite and Fungi","floor":24,"turns":5},{"damage":0,"enemies":"Book of Stabbing","floor":25,"turns":5},{"damage":0,"enemies":"3 Cultists","floor":28,"turns":3},{"damage":0,"enemies":"Snake Plant","floor":30,"turns":4},{"damage":0,"enemies":"Gremlin Leader","floor":31,"turns":5},{"damage":0,"enemies":"Champ","floor":33,"turns":5},{"damage":0,"enemies":"3 Darklings","floor":35,"turns":3},{"damage":2,"enemies":"3 Shapes","floor":37,"turns":2},{"damage":8,"enemies":"Spire Growth","floor":38,"turns":4},{"damage":0,"enemies":"3 Darklings","floor":39,"turns":3},{"damage":0,"enemies":"4 Shapes","floor":41,"turns":6},{"damage":1,"enemies":"Nemesis","floor":42,"turns":7},{"damage":0,"enemies":"Transient","floor":44,"turns":5},{"damage":0,"enemies":"Sphere and 2 Shapes","floor":46,"turns":3},{"damage":0,"enemies":"2 Orb Walkers","floor":48,"turns":3},{"damage":5,"enemies":"Time Eater","floor":50,"turns":5},{"damage":4,"enemies":"Shield and Spear","floor":54,"turns":4},{"damage":55,"enemies":"The Heart","floor":55,"turns":8}],"seed_played":"6794072004138592869","potions_obtained":[{"floor":5,"key":"EntropicBrew"},{"floor":11,"key":"GhostInAJar"},{"floor":25,"key":"CunningPotion"},{"floor":37,"key":"CultistPotion"},{"floor":38,"key":"Block Potion"},{"floor":41,"key":"AttackPotion"},{"floor":46,"key":"Fire Potion"}],"is_trial":false,"path_per_floor":["M","$","M","M","M","R","M","M","T","R","M","E","M","E","R","B",null,"M","M","M","?","$","R","M","E","T","R","M","?","M","E","R","B",null,"M","?","M","M","M","R","M","E","T","M","R","M","$","?","R","B",null,"R","$","E","B",null],"character_chosen":"THE_SILENT","items_purchased":["MealTicket","Anchor","PowerPotion","Predator+1","Lee\u0027s Waffle"],"campfire_rested":0,"item_purchase_floors":[47,53,53,53,53],"current_hp_per_floor":[63,63,63,63,39,39,39,39,39,39,39,39,39,27,27,25,59,59,59,59,46,46,46,41,41,41,41,43,43,43,43,43,45,71,71,71,71,65,65,65,67,66,66,68,68,68,68,70,70,65,83,83,96,94,39],"gold":193,"neow_bonus":"BOSS_RELIC","is_daily":false,"chose_seed":false,"campfire_upgraded":9,"win_rate":0.0,"timestamp":1609852547,"path_taken":["M","$","?","M","M","R","M","M","T","R","M","E","M","E","R","BOSS","M","M","M","?","$","R","M","E","T","R","M","?","M","E","R","BOSS","M","?","M","M","?","R","M","E","T","M","R","?","$","?","R","BOSS","R","$","E","BOSS"],"items_purchased_type":["Relic","Relic","Potion","Card","Relic"],"build_version":"2020-12-22","purchased_purges":4,"victory":true,"max_hp_per_floor":[70,70,70,70,70,70,70,70,70,70,70,70,70,70,70,70,70,70,70,70,75,75,75,75,75,75,75,77,77,77,77,77,79,79,79,79,81,83,83,83,85,85,85,87,87,87,87,89,89,89,89,89,96,98,98],"card_choices":[{"not_picked":["Poisoned Stab","Slice","Masterful Stab"],"picked":"SKIP","floor":1},{"not_picked":["Deadly Poison","Expertise"],"picked":"Well Laid Plans","floor":3},{"not_picked":["Crippling Poison","Heel Hook"],"picked":"Accuracy","floor":4},{"not_picked":["Reflex","Expertise","Dodge and Roll"],"picked":"SKIP","floor":5},{"not_picked":["Backflip","Deadly Poison"],"picked":"Blade Dance","floor":7},{"not_picked":["Slice","Choke"],"picked":"Adrenaline","floor":8},{"not_picked":["Slice+1","Setup","Bane+1"],"picked":"SKIP","floor":11},{"not_picked":["Flying Knee+1","Predator+1"],"picked":"Adrenaline","floor":12},{"not_picked":["Dagger Throw+1","Crippling Poison"],"picked":"Acrobatics","floor":13},{"not_picked":["Setup","Deflect","Slice+1"],"picked":"SKIP","floor":14},{"not_picked":["Phantasmal Killer","Adrenaline"],"picked":"After Image","floor":16},{"not_picked":["Acrobatics","Deflect","Underhanded Strike+1"],"picked":"SKIP","floor":18},{"not_picked":["Deflect","Concentrate"],"picked":"Escape Plan","floor":19},{"not_picked":["Flechettes+1","Quick Slash+1"],"picked":"PiercingWail","floor":20},{"not_picked":["Predator+1","Blade Dance"],"picked":"Escape Plan+1","floor":24},{"not_picked":["Dodge and Roll","Dagger Spray+1"],"picked":"Backflip","floor":25},{"not_picked":["Heel Hook+1","Calculated Gamble","Reflex"],"picked":"Singing Bowl","floor":28},{"not_picked":["Noxious Fumes","Acrobatics"],"picked":"Finisher+1","floor":30},{"not_picked":["Sucker Punch+1","Poisoned Stab+1"],"picked":"Adrenaline","floor":31},{"not_picked":["Tools of the Trade","Corpse Explosion","Unload+1"],"picked":"Singing Bowl","floor":33},{"not_picked":["Deflect","Dagger Throw+1"],"picked":"PiercingWail+1","floor":35},{"not_picked":["PiercingWail","Dodge and Roll+1","Sucker Punch+1"],"picked":"Singing Bowl","floor":37},{"not_picked":["Deflect+1","Dodge and Roll+1","Predator+1"],"picked":"Singing Bowl","floor":38},{"not_picked":["Deflect","Noxious Fumes"],"picked":"Phantasmal Killer","floor":39},{"not_picked":["Blade Dance+1","Leg Sweep","Underhanded Strike+1"],"picked":"Singing Bowl","floor":41},{"not_picked":["All Out Attack+1","Cloak And Dagger+1"],"picked":"Blur","floor":42},{"not_picked":["Cloak And Dagger","Skewer+1","Deflect"],"picked":"Singing Bowl","floor":44},{"not_picked":["Flying Knee+1","Slice+1"],"picked":"Acrobatics+1","floor":46},{"not_picked":["Dagger Spray+1","Bouncing Flask","Prepared"],"picked":"Singing Bowl","floor":48},{"not_picked":["Quick Slash+1","A Thousand Cuts","Endless Agony+1"],"picked":"Singing Bowl","floor":54}],"player_experience":658170,"relics_obtained":[{"floor":9,"key":"Molten Egg 2"},{"floor":12,"key":"Shuriken"},{"floor":14,"key":"Letter Opener"},{"floor":25,"key":"Centennial Puzzle"},{"floor":26,"key":"Singing Bowl"},{"floor":31,"key":"War Paint"},{"floor":42,"key":"Whetstone"},{"floor":48,"key":"Old Coin"},{"floor":54,"key":"Gremlin Horn"}],"event_choices":[{"damage_healed":0,"gold_gain":0,"player_choice":"Shed Blood","damage_taken":18,"max_hp_gain":5,"max_hp_loss":0,"event_name":"Forgotten Altar","floor":21,"gold_loss":0},{"damage_healed":0,"gold_gain":0,"player_choice":"Read","damage_taken":0,"max_hp_gain":0,"max_hp_loss":0,"event_name":"The Library","floor":29,"gold_loss":0,"cards_obtained":["Cloak And Dagger"]},{"damage_healed":0,"gold_gain":100,"player_choice":"Pray","damage_taken":0,"max_hp_gain":0,"max_hp_loss":0,"event_name":"Golden Shrine","floor":36,"gold_loss":0},{"damage_healed":0,"gold_gain":0,"player_choice":"Fight","damage_taken":0,"max_hp_gain":0,"max_hp_loss":0,"event_name":"Mysterious Sphere","floor":48,"gold_loss":0}],"is_beta":false,"boss_relics":[{"not_picked":["Sozu","HoveringKite"],"picked":"Coffee Dripper"},{"not_picked":["SacredBark","Runic Dome"],"picked":"Empty Cage"}],"items_purged_floors":[2,22,47,53],"is_endless":false,"potions_floor_spawned":[5,11,12,13,25,28,31,37,38,41,46,54],"ascension_level":11}}