{"host":"qswkx8hggytna0kc","time":1609817779,"event":{"mods":["Aspiration","BaseMod","BetterRewards","Colored Map","Colored Powertips","Highlight Path","Hubris","Mimic Mod","Minty Spire (QoL Compilation)","Quick Restart","Replay The Spire","StSLib","SuperFastMode"],"gold_per_floor":[109,109,119,139,156,156,191,208,262,294,311,326,251,251,251,377,377,362,380,380,398,398,398,422,461,500,500,500],"floor_reached":27,"playtime":1000,"items_purged":["Strike_B"],"score":309,"play_id":"d5c34923-7f54-4372-8276-8d44ddf7121a","local_time":"20210105113619","is_ascension_mode":true,"campfire_choices":[{"data":"Zap","floor":6.0,"key":"SMITH"},{"floor":15.0,"key":"REST"},{"floor":23,"key":"REST"}],"circlet_count":0,"master_deck":["Strike_B","Strike_B","Strike_B","Defend_B","Defend_B","Defend_B","Defend_B","Zap+1","Beam Cell","Genetic Algorithm","Genetic Algorithm","Turbo","Gash","Beam Cell","Buffer","Crystallizer","Go for the Eyes","Pain","Go for the Eyes+1"],"relics":["Cracked Core","aspiration:Nostalgia","PureWater","aspiration:FrozenJewel","DataDisk","Darkstone Periapt","Golden Idol","aspiration:PoetsPen_weak","WarpedTongs","Strawberry","Replay:WaspNest"],"acts_visited":["Exordium","TheCity"],"potions_floor_usage":[21,21,25],"damage_taken":[{"damage":7.0,"enemies":"Small Slimes","floor":1.0,"turns":3.0},{"damage":0.0,"enemies":"Cultist","floor":3.0,"turns":4.0},{"damage":0.0,"enemies":"2 Louse","floor":4.0,"turns":2.0},{"damage":0.0,"enemies":"Exordium Wildlife","floor":5.0,"turns":3.0},{"damage":17.0,"enemies":"Gremlin Nob","floor":7.0,"turns":3.0},{"damage":4.0,"enemies":"Red Slaver","floor":8.0,"turns":3.0},{"damage":34.0,"enemies":"Lagavulin","floor":10.0,"turns":9.0},{"damage":0.0,"enemies":"2 Fungi Beasts","floor":11.0,"turns":3.0},{"damage":6.0,"enemies":"Blue Slaver","floor":12.0,"turns":3.0},{"damage":21.0,"enemies":"Slime Boss","floor":16.0,"turns":10.0},{"damage":15.0,"enemies":"2 Thieves","floor":18.0,"turns":4.0},{"damage":3.0,"enemies":"3 Byrds","floor":19.0,"turns":5.0},{"damage":16,"enemies":"Snake Plant","floor":21,"turns":5},{"damage":7,"enemies":"Centurion and Healer","floor":24,"turns":7},{"damage":35,"enemies":"Book of Stabbing","floor":25,"turns":6},{"damage":7,"enemies":"Chosen and Byrds","floor":26,"turns":6},{"damage":12,"enemies":"Chosen and Byrds","floor":27,"turns":4}],"seed_played":"-4398403239630765584","potions_obtained":[{"floor":2.0,"key":"Weak Potion"},{"floor":2.0,"key":"LiquidBronze"},{"floor":2.0,"key":"Fire Potion"},{"floor":3.0,"key":"PowerPotion"},{"floor":8.0,"key":"SpeedPotion"},{"floor":12.0,"key":"FocusPotion"},{"floor":18.0,"key":"PotionOfCapacity"},{"floor":19.0,"key":"BlessingOfTheForge"},{"floor":21,"key":"Fruit Juice"}],"is_trial":false,"path_per_floor":["M","?","M","M","M","R","E","M","T","E","M","M","$","?","R","B",null,"M","M","?","M","?","R","M","E","MIM","M"],"character_chosen":"DEFECT","items_purchased":[],"campfire_rested":2,"item_purchase_floors":[],"current_hp_per_floor":[68,68,68,68,68,68,51,47,47,13,13,7,7,7,27,6,53,38,35,35,24,30,54,47,19,12,0,0],"gold":500,"neow_bonus":"NOSTALGIA","is_daily":false,"chose_seed":false,"campfire_upgraded":1,"win_rate":0.0,"timestamp":1609817779,"path_taken":["M","?","M","M","M","R","E","M","T","E","?","M","$","?","R","BOSS","M","M","?","?","?","R","?","E","MIM","M"],"items_purchased_type":[],"build_version":"2020-12-22","purchased_purges":1,"victory":false,"max_hp_per_floor":[75,75,75,75,75,75,75,75,75,75,75,75,75,69,69,69,69,69,69,69,74,80,80,80,87,87,87,87],"card_choices":[{"not_picked":["Streamline","Sweeping Beam","Hologram"],"picked":"SKIP","floor":1.0},{"not_picked":["Streamline","Sweeping Beam","Hologram"],"picked":"SKIP","floor":1.0},{"not_picked":["Steam","Panic Button"],"picked":"Beam Cell","floor":3.0},{"not_picked":["Stack","Defragment"],"picked":"Genetic Algorithm","floor":4.0},{"not_picked":["Hologram","Force Field"],"picked":"Genetic Algorithm","floor":5.0},{"not_picked":["Leap","Tempest"],"picked":"Turbo","floor":7.0},{"not_picked":["hubris:PowerSurge","Capacitor","hubris:Ukulele"],"picked":"SKIP","floor":8.0},{"not_picked":["Barrage","Stack"],"picked":"Gash","floor":10.0},{"not_picked":["Conserve Battery","ReplayTheSpireMod:Omega Cannon"],"picked":"Beam Cell","floor":11.0},{"not_picked":["hubris:PowerSurge","Ball Lightning","Redo"],"picked":"SKIP","floor":12.0},{"not_picked":["Amplify","Thunder Strike"],"picked":"Buffer","floor":16.0},{"not_picked":["Blizzard","ReplayTheSpireMod:Calculation Training+1"],"picked":"Crystallizer","floor":18.0},{"not_picked":["BasicCrystalCard+1","Cold Snap","Barrage"],"picked":"SKIP","floor":19.0},{"not_picked":["Cold Snap","Barrage"],"picked":"Go for the Eyes","floor":21},{"not_picked":["Aggregate","Redo","Conserve Battery"],"picked":"SKIP","floor":24},{"not_picked":["FIFO Queue","Blizzard","Rebound"],"picked":"SKIP","floor":25},{"not_picked":["Loop","Hyperbeam"],"picked":"Go for the Eyes+1","floor":26}],"player_experience":219001,"relics_obtained":[{"floor":7.0,"key":"aspiration:FrozenJewel"},{"floor":9.0,"key":"DataDisk"},{"floor":10.0,"key":"Darkstone Periapt"},{"floor":25,"key":"Strawberry"},{"floor":26,"key":"Replay:WaspNest"}],"event_choices":[{"damage_healed":0.0,"max_hp_gain":0.0,"max_hp_loss":0.0,"gold_gain":0.0,"event_name":"Lab","player_choice":"Got Potions","floor":2.0,"gold_loss":0.0,"damage_taken":0.0},{"damage_healed":0.0,"max_hp_gain":0.0,"max_hp_loss":6.0,"gold_gain":0.0,"event_name":"Golden Idol","player_choice":"Lose Max HP","floor":14.0,"gold_loss":0.0,"damage_taken":0.0,"relics_obtained":["Golden Idol"]},{"cards_removed":["Dualcast"],"damage_healed":0.0,"max_hp_gain":0.0,"max_hp_loss":0.0,"gold_gain":0.0,"event_name":"Wheel of Change","player_choice":"Card Removal","floor":20.0,"gold_loss":0.0,"damage_taken":0.0},{"damage_healed":0,"gold_gain":0,"player_choice":"Rummage","damage_taken":0,"relics_obtained":["WarpedTongs"],"max_hp_gain":0,"max_hp_loss":0,"event_name":"Accursed Blacksmith","floor":22,"gold_loss":0,"cards_obtained":["Pain"]}],"is_beta":false,"boss_relics":[{"not_picked":["Cursed Key","aspiration:RitualDagger"],"picked":"aspiration:PoetsPen_weak"}],"items_purged_floors":[13],"is_endless":false,"potions_floor_spawned":[3,4,5,8,12,18,19,21],"killed_by":"Chosen and Byrds","ascension_level":5}}