{"host":"qbvxbacgnxuisbbe","time":1609818850,"event":{"mods":["AchievementEnabler","Alarm Clock","Ascension Unlocker","BaseMod","Block Reminder","Highlight Path","Minty Spire (QoL Compilation)","Poem Panic","Spicy Shops","StSLib","The Caster","Uncapped"],"gold_per_floor":[116,128,145,145,156,156,182,182,208,237,273,294,327,366,366,452,452,452,14,14,14,14,14,14,14,14,14,14,14,14,14,14,14,14,14,14,14,14,14,14,14,14,14,14,14,14,14,14,14,14,14],"floor_reached":52,"playtime":6285,"items_purged":[],"score":2407,"play_id":"58a8387a-8fed-403f-9fa6-0941f0db7daf","local_time":"20210105035410","is_ascension_mode":true,"campfire_choices":[{"data":"caster:IceWall","floor":6.0,"key":"SMITH"},{"data":"caster:GlacialShield","floor":15.0,"key":"SMITH"},{"floor":24.0,"key":"REST"},{"data":"caster:ShortenedChant","floor":28.0,"key":"SMITH"},{"data":"Apotheosis","floor":32.0,"key":"SMITH"},{"floor":40,"key":"REST"},{"floor":49,"key":"REST"}],"circlet_count":0,"master_deck":["AscendersBane","caster:strike","caster:strike","caster:strike","caster:strike","caster:defend","caster:defend","caster:defend","caster:defend","caster:Meteor","caster:DivertFocus","caster:Channeling","caster:MegaloSpark","caster:Charge","caster:Fissure","caster:Charge","caster:FrostDriver","Shame","caster:IceWall+1","caster:Fireball","caster:Sultry","caster:Fira+1","caster:Fireball","caster:FrostDriver","caster:GaiasBlessing","caster:GlacialShield+1","caster:GaiasBlessing","caster:GlacialShield","caster:Sultry","caster:ShortenedChant+1","Apotheosis+1","caster:ShivasGrace","caster:GlacialShield","caster:LAZER","caster:MagicBarrier+1","caster:MagicWeapon","caster:StormGust","caster:Sultry","caster:Sultry","caster:Sultry","caster:Cryogenesis","caster:WallOfRocks","caster:Ramuh","caster:DiamondDust","caster:WallOfSwords","caster:WallOfThorns","caster:Conflagrate","caster:Sultry","caster:Grimoire+1","caster:StaticField"],"relics":["caster:MagicBook","Prayer Wheel","Anchor","CeramicFish","Omamori","Bird Faced Urn","Ectoplasm","Blood Vial","CaptainsWheel","Letter Opener","PreservedInsect","Regal Pillow","Fusion Hammer","Ancient Tea Set","TungstenRod","Gremlin Horn"],"acts_visited":["Exordium","TheCity","TheBeyond"],"potions_floor_usage":[50,51],"damage_taken":[{"damage":7.0,"enemies":"Jaw Worm","floor":1.0,"turns":6.0},{"damage":1.0,"enemies":"Cultist","floor":2.0,"turns":3.0},{"damage":2.0,"enemies":"2 Louse","floor":3.0,"turns":2.0},{"damage":22.0,"enemies":"Exordium Thugs","floor":5.0,"turns":6.0},{"damage":0.0,"enemies":"Gremlin Nob","floor":7.0,"turns":7.0},{"damage":0.0,"enemies":"Blue Slaver","floor":10.0,"turns":3.0},{"damage":0.0,"enemies":"Lagavulin","floor":11.0,"turns":8.0},{"damage":0.0,"enemies":"3 Louse","floor":12.0,"turns":3.0},{"damage":0.0,"enemies":"Large Slime","floor":13.0,"turns":5.0},{"damage":25.0,"enemies":"Gremlin Nob","floor":14.0,"turns":8.0},{"damage":11.0,"enemies":"The Guardian","floor":16.0,"turns":13.0},{"damage":0.0,"enemies":"Spheric Guardian","floor":18.0,"turns":11.0},{"damage":2.0,"enemies":"3 Byrds","floor":20.0,"turns":6.0},{"damage":0.0,"enemies":"Centurion and Healer","floor":21.0,"turns":9.0},{"damage":41.0,"enemies":"Slavers","floor":23.0,"turns":3.0},{"damage":0.0,"enemies":"Book of Stabbing","floor":25.0,"turns":7.0},{"damage":39.0,"enemies":"Slavers","floor":27.0,"turns":5.0},{"damage":1.0,"enemies":"Shelled Parasite and Fungi","floor":29.0,"turns":6.0},{"damage":36.0,"enemies":"Gremlin Leader","floor":30.0,"turns":6.0},{"damage":17.0,"enemies":"3 Cultists","floor":31.0,"turns":7.0},{"damage":0.0,"enemies":"Automaton","floor":33.0,"turns":17.0},{"damage":0.0,"enemies":"3 Shapes","floor":35.0,"turns":5.0},{"damage":0.0,"enemies":"Orb Walker","floor":36.0,"turns":7.0},{"damage":0,"enemies":"3 Darklings","floor":39,"turns":6},{"damage":0,"enemies":"Spire Growth","floor":42,"turns":7},{"damage":49,"enemies":"Reptomancer","floor":44,"turns":9},{"damage":1,"enemies":"Writhing Mass","floor":45,"turns":8},{"damage":2,"enemies":"4 Shapes","floor":46,"turns":5},{"damage":0,"enemies":"Nemesis","floor":48,"turns":10},{"damage":4,"enemies":"Awakened One","floor":50,"turns":18},{"damage":35,"enemies":"Donu and Deca","floor":51,"turns":16}],"seed_played":"-189160724846734416","potions_obtained":[{"floor":5.0,"key":"BlessingOfTheForge"},{"floor":7.0,"key":"EntropicBrew"},{"floor":11.0,"key":"Weak Potion"},{"floor":13.0,"key":"Fire Potion"},{"floor":18.0,"key":"Swift Potion"},{"floor":21.0,"key":"AttackPotion"},{"floor":23.0,"key":"LiquidBronze"},{"floor":30.0,"key":"CultistPotion"},{"floor":36.0,"key":"DuplicationPotion"},{"floor":45,"key":"Block Potion"}],"is_trial":false,"path_per_floor":["M","M","M","?","M","R","E","?","T","M","E","M","M","E","R","B",null,"M","$","M","M","$","E","R","E","T","E","R","M","E","M","R","B",null,"M","M","?","$","M","R","?","M","T","E","M","M","$","E","R","B","B",null],"character_chosen":"THE_CASTER","items_purchased":["Apotheosis","caster:ShivasGrace","caster:GlacialShield","caster:LAZER"],"campfire_rested":3,"item_purchase_floors":[19,19,19,19],"current_hp_per_floor":[47,46,44,44,22,22,22,22,22,22,22,22,22,22,22,31,48,54,54,54,54,54,15,31,37,37,20,20,32,14,26,26,52,54,54,54,54,54,54,54,54,54,54,26,52,54,54,54,54,54,45],"gold":14,"neow_bonus":"ONE_RARE_RELIC","is_daily":false,"chose_seed":false,"campfire_upgraded":4,"win_rate":0.0,"timestamp":1609818850,"path_taken":["M","M","M","?","M","R","E","?","T","?","E","M","M","E","R","BOSS","M","?","?","M","$","E","R","E","T","E","R","M","E","M","R","BOSS","M","M","?","?","?","R","?","M","T","E","M","M","?","E","R","BOSS","BOSS"],"items_purchased_type":["Card","Card","Card","Card"],"build_version":"2020-12-22","purchased_purges":0,"victory":true,"max_hp_per_floor":[54,54,54,54,54,54,54,54,54,54,54,54,54,54,54,54,54,54,54,54,54,54,54,54,54,54,54,54,54,54,54,54,54,54,54,54,54,54,54,54,54,54,54,54,54,54,54,54,54,54,54],"card_choices":[{"not_picked":["caster:DiablosFlame","caster:Sleet"],"picked":"caster:MegaloSpark","floor":1.0},{"not_picked":["caster:GlacialShield","caster:Barbroot"],"picked":"caster:Charge","floor":1.0},{"not_picked":["caster:Sultry","caster:Sandstorm"],"picked":"caster:Fissure","floor":2.0},{"not_picked":["caster:Eruption","caster:Inferno"],"picked":"caster:Charge","floor":2.0},{"not_picked":["caster:MagicResonance","caster:WallOfRocks"],"picked":"caster:FrostDriver","floor":3.0},{"not_picked":["caster:Incantation","caster:Illusion","caster:MagicAttunement"],"picked":"SKIP","floor":3.0},{"not_picked":["caster:GlacialShield","caster:Sleet"],"picked":"caster:Fireball","floor":5.0},{"not_picked":["caster:JupitelThunder","caster:GaiasBlessing"],"picked":"caster:Sultry","floor":5.0},{"not_picked":["caster:Inferno","caster:Discharge","caster:FlashFrost"],"picked":"SKIP","floor":7.0},{"not_picked":["caster:MagicWeapon","caster:Conflagrate"],"picked":"caster:Fireball","floor":10.0},{"not_picked":["caster:Cool","caster:FlashFrost"],"picked":"caster:FrostDriver","floor":10.0},{"not_picked":["caster:FlashSpeed","caster:Charge"],"picked":"caster:GaiasBlessing","floor":11.0},{"not_picked":["caster:MeteorStorm","caster:FrostDriver"],"picked":"caster:GlacialShield","floor":12.0},{"not_picked":["caster:DiablosFlame","caster:JupitelThunder","caster:Focusyn"],"picked":"SKIP","floor":12.0},{"not_picked":["caster:Sultry","caster:Charge"],"picked":"caster:GaiasBlessing","floor":13.0},{"not_picked":["caster:AlternatingCurrent","caster:DiablosFlame"],"picked":"caster:GlacialShield","floor":13.0},{"not_picked":["caster:BloodRitual","caster:LAZER"],"picked":"caster:Sultry","floor":14.0},{"not_picked":["caster:SunGoddessAmaterasu","caster:Cool"],"picked":"caster:ShortenedChant","floor":16.0},{"not_picked":["caster:DiablosFlame","caster:FlashFrost","caster:Charge"],"picked":"SKIP","floor":18.0},{"not_picked":["caster:MagicWeapon","caster:LightningBolt","caster:MegaloSpark+1"],"picked":"SKIP","floor":18.0},{"not_picked":["caster:GlacialShield+1","caster:JupitelThunder"],"picked":"caster:MagicBarrier+1","floor":20.0},{"not_picked":["caster:MagicResonance","caster:NaturalChaos"],"picked":"caster:MagicWeapon","floor":20.0},{"not_picked":["caster:Surge","caster:Sandstorm"],"picked":"caster:StormGust","floor":21.0},{"not_picked":["caster:Surge","caster:FrostDriver+1","caster:Barbroot"],"picked":"SKIP","floor":21.0},{"not_picked":["caster:FreezeInHell","caster:Sandstorm"],"picked":"caster:Sultry","floor":23.0},{"not_picked":["caster:Barbroot","caster:MagicWeapon","caster:MagicResonance"],"picked":"SKIP","floor":25.0},{"not_picked":["caster:LordOfVermillion","caster:MagicWeapon","caster:Sleet"],"picked":"SKIP","floor":27.0},{"not_picked":["caster:FlashFrost","caster:LAZER"],"picked":"caster:Sultry","floor":29.0},{"not_picked":["caster:Sultry","caster:Barbroot+1","caster:FlashFrost"],"picked":"SKIP","floor":29.0},{"not_picked":["caster:Barbroot+1","caster:FlashFrost"],"picked":"caster:Sultry","floor":29.0},{"not_picked":["caster:Embers","caster:JupitelThunder","caster:Sultry"],"picked":"SKIP","floor":30.0},{"not_picked":["caster:MagicResonance","caster:Sandstorm"],"picked":"caster:Cryogenesis","floor":31.0},{"not_picked":["caster:Charge+1","caster:Accumulation"],"picked":"caster:WallOfRocks","floor":31.0},{"not_picked":["caster:Demi","caster:StormGust"],"picked":"caster:Ramuh","floor":33.0},{"not_picked":["caster:MagicAttunement","caster:Eruption"],"picked":"caster:DiamondDust","floor":35.0},{"not_picked":["caster:GaiasBlessing","caster:Illusion"],"picked":"caster:WallOfSwords","floor":35.0},{"not_picked":["caster:Enfeeble","caster:Accumulation"],"picked":"caster:WallOfThorns","floor":36.0},{"not_picked":["caster:Sleet","caster:Embers","caster:Enfeeble"],"picked":"SKIP","floor":36.0},{"not_picked":["caster:BurnItDown","caster:Sultry"],"picked":"caster:Conflagrate","floor":39},{"not_picked":["caster:GaiasBlessing","caster:SpontaneousCombustion+1"],"picked":"caster:Sultry","floor":39},{"not_picked":["caster:Unearth+1","caster:MagicResonance","caster:Sleet"],"picked":"SKIP","floor":42},{"not_picked":["caster:JupitelThunder","caster:GlacialShield","caster:LightningBolt"],"picked":"SKIP","floor":42},{"not_picked":["caster:Unearth+1","caster:Enfeeble","caster:BurnItDown"],"picked":"SKIP","floor":44},{"not_picked":["caster:FlashFrost","caster:FlashSpeed"],"picked":"caster:Grimoire+1","floor":45},{"not_picked":["caster:Sultry","caster:FlashSpeed","caster:MagicResonance"],"picked":"SKIP","floor":45},{"not_picked":["caster:Explosion","caster:FrostDriver","caster:Enfeeble"],"picked":"SKIP","floor":46},{"not_picked":["caster:MeteorStorm","caster:FlashSpeed+1","caster:MagicWeapon"],"picked":"SKIP","floor":46},{"not_picked":["caster:Accumulation+1","caster:LAZER"],"picked":"caster:StaticField","floor":48}],"player_experience":131310,"relics_obtained":[{"floor":7.0,"key":"Anchor"},{"floor":9.0,"key":"CeramicFish"},{"floor":11.0,"key":"Omamori"},{"floor":14.0,"key":"Bird Faced Urn"},{"floor":23.0,"key":"Blood Vial"},{"floor":25.0,"key":"CaptainsWheel"},{"floor":26.0,"key":"Letter Opener"},{"floor":27.0,"key":"PreservedInsect"},{"floor":30.0,"key":"Regal Pillow"},{"floor":43,"key":"Ancient Tea Set"},{"floor":44,"key":"TungstenRod"},{"floor":48,"key":"Gremlin Horn"}],"event_choices":[{"damage_healed":0.0,"max_hp_gain":0.0,"max_hp_loss":0.0,"gold_gain":0.0,"event_name":"Match and Keep!","player_choice":"2 cards matched","floor":4.0,"gold_loss":0.0,"damage_taken":0.0,"cards_obtained":["Shame","caster:IceWall"]},{"damage_healed":0.0,"max_hp_gain":0.0,"max_hp_loss":0.0,"gold_gain":50.0,"event_name":"Golden Shrine","player_choice":"Pray","floor":37.0,"gold_loss":0.0,"damage_taken":0.0},{"damage_healed":0,"gold_gain":50,"player_choice":"Pray","damage_taken":0,"max_hp_gain":0,"max_hp_loss":0,"event_name":"Golden Shrine","floor":41,"gold_loss":0}],"is_beta":false,"boss_relics":[{"not_picked":["SacredBark","PoemPanic:PoemPanicRelic"],"picked":"Ectoplasm"},{"not_picked":["Snecko Eye","Astrolabe"],"picked":"Fusion Hammer"}],"items_purged_floors":[],"is_endless":false,"potions_floor_spawned":[5,7,11,12,13,18,21,23,30,36,45,46],"ascension_level":20}}