{"host":"4vq2xwkpdrxril92","time":1609837064,"event":{"mods":["BaseMod","Better Third Choice","Card Forge","Dota2Spire","Energized Spire","Fireblade Mod","Hubris","Infinite Spire","Minty Spire (QoL Compilation)","Quick Restart","Rare Cards Sparkle","Shop Mod","StSLib","The Cursed","Åy?ï®?îvÅzREMEMod"],"gold_per_floor":[129,129,129,189,189,273,348,423,423,525,295,373,525,525,525,810,760,796,796,895,895,1170,1263,1359,1404,1416,1331,1718,1769,1796,1233,1233,1545,1545,1581,1450,1483,1483,1483,1576,1576],"floor_reached":40,"playtime":1824,"items_purged":[],"score":979,"play_id":"5a9050de-9b77-4812-a319-3a86185df472","local_time":"20210105175744","daily_mods":["SealedDeck","Vintage","Heirloom","Time Dilation","Flight","Elite Swarm","Lethality","Midas"],"is_ascension_mode":false,"campfire_choices":[{"floor":15,"key":"REST"},{"floor":32,"key":"REST"}],"circlet_count":0,"master_deck":["TheCursedMod:NeowsMight+1","TheCursedMod:NeowsMight+1","hubris:InfiniteBlow+10430","hubris:InfiniteBlow+10430","TheCursedMod:NeowsMight+1","infinitespire:Collect+1","hubris:InfiniteBlow+10428"],"relics":["Burning Blood","Hammer of Thor","Seething Fire","Anvil of the Gods","REME_ComplimentaryCards","TungstenRod","Darkstone Periapt","Dota2Spire:MagicBottle","hubris:Towel","Dota2Spire:ShadowBlade","Nunchaku","Dota2Spire:OctarineCore","infinitespire:EmpoweringShard","Bag of Preparation","Omamori","MerchantsRug","Dota2Spire:DrumOfEndurance","REME_OnlineShoppingPlatform","Tiny Chest","energizedSpire:HugeHouse","Dota2Spire:MaskOfMadness","Dota2Spire:PhaseBoots","hubris:ChampionShield","infinitespire:PuzzleCube","Matryoshka","infinitespire:Lucky Rock","Old Coin","infinitespire:FocusingShard","Smiling Mask","Vajra","REME_LimitBreaker","hubris:TenFootPole","Chemical X","Busted Crown","infinitespire:Midas Blood","hubris:IronBody","Lantern","Potion Belt","hubris:Metronome","Oddly Smooth Stone"],"acts_visited":["Exordium","TheCity","TheBeyond"],"potions_floor_usage":[],"damage_taken":[{"damage":0,"enemies":"Small Slimes","floor":1,"turns":1},{"damage":0,"enemies":"2 Louse","floor":4,"turns":1},{"damage":0,"enemies":"Gremlin Nob","floor":6,"turns":1},{"damage":0,"enemies":"Lagavulin","floor":7,"turns":1},{"damage":0,"enemies":"3 Sentries","floor":8,"turns":1},{"damage":0,"enemies":"Lagavulin","floor":10,"turns":1},{"damage":0,"enemies":"Gremlin Nob","floor":12,"turns":1},{"damage":0,"enemies":"Hexaghost","floor":16,"turns":1},{"damage":0,"enemies":"3 Byrds","floor":18,"turns":1},{"damage":0,"enemies":"Gremlin Leader","floor":23,"turns":1},{"damage":0,"enemies":"Slavers","floor":24,"turns":1},{"damage":0,"enemies":"Shell Parasite","floor":25,"turns":1},{"damage":0,"enemies":"Nightmare","floor":28,"turns":1},{"damage":0,"enemies":"Chosen and Byrds","floor":29,"turns":1},{"damage":0,"enemies":"hubris:MusketHawk","floor":33,"turns":1},{"damage":0,"enemies":"3 Shapes","floor":35,"turns":1},{"damage":0,"enemies":"Orb Walker","floor":37,"turns":1},{"damage":0,"enemies":"Giant Head","floor":40,"turns":1}],"seed_played":"-8494675556765240960","potions_obtained":[{"floor":1,"key":"Swift Potion"},{"floor":6,"key":"GamblersBrew"},{"floor":8,"key":"ColorlessPotion"},{"floor":23,"key":"ElixirPotion"}],"is_trial":true,"path_per_floor":["M","?","?","M","?","E","E","E","T","E","$","E","$","?","R","B",null,"M","?","?","T","?","E","E","M","T","$","NM","M","T","$","R","B",null,"M","?","M","?","T","E"],"character_chosen":"IRONCLAD","items_purchased":["Omamori","MerchantsRug","REME_OnlineShoppingPlatform","Tiny Chest","infinitespire:Lucky Rock","REME_LimitBreaker","hubris:TenFootPole","Chemical X"],"campfire_rested":2,"item_purchase_floors":[11,11,13,13,27,31,31,31],"current_hp_per_floor":[80,92,92,92,92,92,92,92,92,92,92,92,92,92,92,92,87,87,87,87,87,87,87,87,87,87,87,87,87,87,87,87,87,87,87,87,87,87,87,87,87],"gold":1576,"neow_bonus":"","is_daily":false,"chose_seed":false,"campfire_upgraded":0,"win_rate":0.0,"timestamp":1609837064,"path_taken":["M","?","?","?","?","E","E","E","T","E","$","E","$","?","R","BOSS","M","?","?","?","?","E","E","?","T","$","NM","?","?","$","R","BOSS","M","?","?","?","?","E"],"items_purchased_type":["Relic","Relic","Relic","Relic","Relic","Relic","Relic","Relic"],"build_version":"2020-12-22","purchased_purges":0,"victory":false,"max_hp_per_floor":[80,92,92,92,92,92,92,92,92,92,92,92,92,92,92,92,87,87,87,87,87,87,87,87,87,87,87,87,87,87,87,87,87,87,87,87,87,87,87,87,87],"card_choices":[{"not_picked":["infinitespire:UltimateForm","infinitespire:Execution"],"picked":"infinitespire:Collect","floor":2},{"not_picked":["Corruption","Brutality","Feed"],"picked":"SKIP","floor":6},{"not_picked":["Corruption","Juggernaut","Double Tap"],"picked":"SKIP","floor":7},{"not_picked":["Exhume","Demon Form","Fiend Fire"],"picked":"SKIP","floor":8},{"not_picked":["Feed","Bludgeon","REME_Fury"],"picked":"SKIP","floor":10},{"not_picked":["Corruption","Offering","Fiend Fire"],"picked":"SKIP","floor":12},{"not_picked":["Immolate","Feed","Bludgeon"],"picked":"SKIP","floor":23},{"not_picked":["Barricade","Corruption","Exhume"],"picked":"SKIP","floor":24},{"not_picked":["REME_Fury","Feed","Barricade"],"picked":"SKIP","floor":28},{"not_picked":["Barricade"],"picked":"SKIP","floor":40}],"player_experience":1238628,"relics_obtained":[{"floor":1,"key":"Darkstone Periapt"},{"floor":4,"key":"Dota2Spire:MagicBottle"},{"floor":6,"key":"Dota2Spire:ShadowBlade"},{"floor":7,"key":"Nunchaku"},{"floor":8,"key":"Dota2Spire:OctarineCore"},{"floor":9,"key":"infinitespire:EmpoweringShard"},{"floor":10,"key":"Bag of Preparation"},{"floor":12,"key":"Dota2Spire:DrumOfEndurance"},{"floor":18,"key":"Whetstone"},{"floor":21,"key":"Dota2Spire:PhaseBoots"},{"floor":23,"key":"hubris:ChampionShield"},{"floor":24,"key":"infinitespire:PuzzleCube"},{"floor":25,"key":"MawBank"},{"floor":26,"key":"Matryoshka"},{"floor":28,"key":"Old Coin"},{"floor":29,"key":"infinitespire:FocusingShard"},{"floor":30,"key":"Smiling Mask"},{"floor":30,"key":"Vajra"},{"floor":35,"key":"infinitespire:Midas Blood"},{"floor":37,"key":"Lantern"},{"floor":39,"key":"Potion Belt"},{"floor":39,"key":"hubris:Metronome"},{"floor":40,"key":"Oddly Smooth Stone"}],"event_choices":[{"damage_healed":0,"gold_gain":0,"player_choice":"Ignored","damage_taken":0,"max_hp_gain":0,"max_hp_loss":0,"event_name":"Transmorgrifier","floor":3,"gold_loss":0},{"damage_healed":0,"gold_gain":0,"player_choice":"Bought 0 Potions","damage_taken":0,"max_hp_gain":0,"max_hp_loss":0,"event_name":"The Woman in Blue","floor":14,"gold_loss":0},{"damage_healed":0,"gold_gain":0,"player_choice":"Opened","damage_taken":0,"relics_obtained":["Dota2Spire:MaskOfMadness"],"max_hp_gain":0,"max_hp_loss":0,"event_name":"The Mausoleum","floor":19,"gold_loss":0},{"damage_healed":0,"gold_gain":99,"player_choice":"Steal","damage_taken":0,"max_hp_gain":0,"max_hp_loss":0,"event_name":"betterThird:BetterNest","floor":20,"gold_loss":0},{"damage_healed":0,"gold_gain":275,"player_choice":"Desecrate","damage_taken":0,"max_hp_gain":0,"max_hp_loss":0,"event_name":"Golden Shrine","floor":22,"gold_loss":0,"cards_obtained":["Regret"]},{"damage_healed":0,"gold_gain":0,"player_choice":"Paid Gold","damage_taken":0,"relics_obtained":["hubris:IronBody"],"max_hp_gain":0,"max_hp_loss":0,"event_name":"WeMeetAgain","floor":36,"gold_loss":131},{"damage_healed":0,"gold_gain":0,"player_choice":"0 cards matched","damage_taken":0,"max_hp_gain":0,"max_hp_loss":0,"event_name":"Match and Keep!","floor":38,"gold_loss":0,"cards_obtained":[]}],"is_beta":false,"boss_relics":[{"not_picked":["Tiny House","SlaversCollar"],"picked":"energizedSpire:HugeHouse"},{"not_picked":["Empty Cage","energizedSpire:RedRose"],"picked":"Busted Crown"}],"items_purged_floors":[],"is_endless":true,"potions_floor_spawned":[1,6,8,10,23,25,33,37],"killed_by":"Giant Head","ascension_level":0}}