{"host":"sxnl403xm2xmiyj1","time":1609854739,"event":{"mods":["BaseMod","Colored Map","Keyboard Shortcuts","Lobotomy","Minty Spire (QoL Compilation)","Quick Restart","StSLib","SuperFastMode"],"gold_per_floor":[272,292,292,309,8,8,26,26,49,69,94,107,28,52,52,151,151,171,171,189,189,203,203,235,254,254,264,100,100,24,24,24,127,127,138,151,151,169,68,68,68,68,68,98,115,115,0,28,28,28,28],"floor_reached":50,"playtime":2753,"items_purged":["Pain"],"score":845,"play_id":"c78aebaa-a5aa-4036-af81-fece89732908","local_time":"20210105225219","is_ascension_mode":false,"campfire_choices":[],"circlet_count":0,"master_deck":["WhiteNight","SpecialBullet","SpecialBullet","SpecialBullet","SpecialBullet","SpecialBullet","SecurityCode","InformationCode","ExtractionCode","Moonlight","OSAHOGD","Logging+1","BlackSwan","CherryBlossom","DisciplinaryCode","ShedSkin+1","UniverseFragment","Soda","BlueScar+1","Twilight","OldLady","Ecstasy","Scarecrow","Regret_ego","Pleasure","SpiderBud","BearPaw","CherryBlossom","FourthMatchFlame","CherryBlossom","FourthMatchFlame","Mimicry","Twilight+1","QueenOfHatred","GoldRush","VoidDream","Soda+1","GrinderMk4+1","FieryBird","Regret_ego","DisciplinaryCode","FourthMatchFlame+1","DespairKnight","CherryBlossom+1","RapturousDream+1","CherryBlossom+1","LaLuna","CherryBlossom+1","WristCuter+1","Finesse+1","RecordCode","BlueScar+1","Soda+1","SoundOfStar+1","Twilight+1","SilentOrchestra","Twilight+1","BodiesMountain","PunishingBird","RapturousDream+1","CrumblingArmor","Soda+1","FourthMatchFlame+1","TrainingCode","GreedKing","SoundOfStar+1","CherryBlossom+1","BlackArmy","Regret_ego+1"],"relics":["CogitoBucket","WarpedTongs","Sling","War Paint","Strawberry","FleshIdol","Odd Mushroom","Empty Cage","AspirationHeart","Potion Belt","Darkstone Periapt","DeathAngel","Busted Crown","Theresia","InkBottle","StoneCalendar","Red Mask","Whetstone"],"acts_visited":["Exordium","TheCity","TheBeyond"],"potions_floor_usage":[],"damage_taken":[{"damage":18,"enemies":"Jaw Worm","floor":1,"turns":3},{"damage":6,"enemies":"Cultist","floor":2,"turns":4},{"damage":16,"enemies":"2 Louse","floor":4,"turns":3},{"damage":7,"enemies":"Blue Slaver","floor":7,"turns":2},{"damage":13,"enemies":"Lots of Slimes","floor":10,"turns":5},{"damage":0,"enemies":"3 Sentries","floor":11,"turns":4},{"damage":12,"enemies":"2 Fungi Beasts","floor":12,"turns":11},{"damage":3,"enemies":"The Mushroom Lair","floor":14,"turns":2},{"damage":45,"enemies":"The Guardian","floor":16,"turns":10},{"damage":30,"enemies":"2 Thieves","floor":18,"turns":3},{"damage":10,"enemies":"Shell Parasite","floor":20,"turns":5},{"damage":84,"enemies":"Sentry and Sphere","floor":22,"turns":8},{"damage":43,"enemies":"Gremlin Leader","floor":24,"turns":7},{"damage":0,"enemies":"3 Cultists","floor":25,"turns":2},{"damage":73,"enemies":"Centurion and Healer","floor":27,"turns":5},{"damage":62,"enemies":"Snake Plant","floor":31,"turns":9},{"damage":0,"enemies":"Automaton","floor":33,"turns":6},{"damage":46,"enemies":"3 Shapes","floor":35,"turns":9},{"damage":0,"enemies":"Orb Walker","floor":36,"turns":2},{"damage":0,"enemies":"Maw","floor":38,"turns":5},{"damage":41,"enemies":"Nemesis","floor":44,"turns":5},{"damage":0,"enemies":"4 Shapes","floor":45,"turns":3},{"damage":0,"enemies":"Giant Head","floor":48,"turns":3},{"damage":126,"enemies":"FixerMidnight","floor":50,"turns":9}],"seed_played":"1517976991700839797","potions_obtained":[],"is_trial":false,"path_per_floor":["M","M","?","M","$","R","M","R","T","M","E","M","$","?","R","B",null,"M","?","M","?","M","R","E","M","T","M","$","R","$","M","R","B",null,"M","M","?","M","$","R","?","R","T","E","M","R","?","E","R","B"],"character_chosen":"Angela","items_purchased":["Soda","BlueScar","Sling","CherryBlossom","FourthMatchFlame","CherryBlossom+1","WristCuter+1","Finesse+1","BlueScar+1","Soda+1","FourthMatchFlame+1"],"campfire_rested":0,"item_purchase_floors":[5,5,5,13,13,28,28,28,30,39,39],"current_hp_per_floor":[60,62,62,54,54,54,55,55,55,54,77,77,77,77,77,77,77,66,66,77,77,65,65,73,90,90,51,51,51,51,47,47,99,99,100,107,107,111,111,111,111,111,111,74,119,119,119,123,123,0,0],"gold":28,"neow_bonus":"THREE_CARDS","is_daily":false,"chose_seed":false,"campfire_upgraded":0,"win_rate":0.0,"timestamp":1609854739,"path_taken":["M","M","?","M","$","R","M","R","T","M","E","?","$","?","R","BOSS","M","?","?","?","?","R","E","M","T","M","$","R","$","M","R","BOSS","M","M","?","M","?","R","?","R","T","E","M","R","?","E","R","BOSS"],"items_purchased_type":["Card","Card","Relic","Card","Card","Card","Card","Card","Card","Card","Card"],"build_version":"2020-12-22","purchased_purges":1,"victory":false,"max_hp_per_floor":[70,70,70,70,70,70,70,70,70,70,77,77,77,77,77,77,77,77,77,77,77,91,91,91,95,95,99,99,99,99,99,99,103,103,107,111,111,115,115,115,115,115,115,119,123,123,123,123,123,123,123],"card_choices":[{"not_picked":["Diffraction","WristCuter"],"picked":"GreenStem","floor":0},{"not_picked":["TodaysExpression"],"picked":"Moonlight","floor":1},{"not_picked":["SpiderBud","Yin"],"picked":"OSAHOGD","floor":1},{"not_picked":["GreenStem","Horn"],"picked":"SKIP","floor":1},{"not_picked":["Loneliness"],"picked":"Logging","floor":2},{"not_picked":["LittleHelper","BeautyBeast"],"picked":"BlackSwan","floor":2},{"not_picked":["SolemnVow"],"picked":"CherryBlossom","floor":2},{"not_picked":["Penitence"],"picked":"ShedSkin","floor":4},{"not_picked":["SpiderBud","CherryBlossoms"],"picked":"UniverseFragment","floor":4},{"not_picked":["Hypocrisy"],"picked":"Soda","floor":4},{"not_picked":["Spore"],"picked":"Twilight","floor":7},{"not_picked":["Freischutz","RedShoes"],"picked":"OldLady","floor":7},{"not_picked":["Harmony"],"picked":"Ecstasy","floor":7},{"not_picked":["Harmony","CUTE"],"picked":"Soda","floor":10},{"not_picked":["ShyLook","SpiderBud"],"picked":"Scarecrow","floor":10},{"not_picked":["CrimsonScar","CherryBlossom"],"picked":"Regret_ego","floor":10},{"not_picked":["Wingbeat","Heaven"],"picked":"Pleasure","floor":11},{"not_picked":["MeatLantern","BigBadWolf"],"picked":"SpiderBud","floor":11},{"not_picked":["BlueScar","CherryBlossom"],"picked":"BearPaw","floor":11},{"not_picked":["Discord","Pleasure"],"picked":"CherryBlossom","floor":12},{"not_picked":["Penitence","WristCuter"],"picked":"FourthMatchFlame","floor":12},{"not_picked":["FairyFestival","MHz"],"picked":"Bloodbath","floor":14},{"not_picked":["Horn","SwordSharpenedByTears"],"picked":"Mimicry","floor":14},{"not_picked":["Mimicry","CENSORED_ego"],"picked":"Twilight","floor":16},{"not_picked":["FairyFestival","CherryBlossoms"],"picked":"QueenOfHatred","floor":16},{"not_picked":["TheSmile","SoundOfStar"],"picked":"GoldRush","floor":16},{"not_picked":["Freischutz","FairyFestival"],"picked":"VoidDream","floor":18},{"not_picked":["BearPaw","Penitence"],"picked":"Soda+1","floor":18},{"not_picked":["Noise","LifeForTheDareDevil+1"],"picked":"GrinderMk4+1","floor":20},{"not_picked":["MeatLantern","WhitesApple"],"picked":"FieryBird","floor":20},{"not_picked":["RapturousDream+1","FeatherOfHonor"],"picked":"Regret_ego","floor":20},{"not_picked":["SomewhereSpear","Logging"],"picked":"FourthMatchFlame+1","floor":22},{"not_picked":["Wellcheers","MeatLantern"],"picked":"DespairKnight","floor":22},{"not_picked":["GreenStem","Lantern","TodaysExpression"],"picked":"SKIP","floor":22},{"not_picked":["Laetitia_ego+1","Heaven"],"picked":"CherryBlossom+1","floor":24},{"not_picked":["Freischutz","FairyFestival","PunishingBird"],"picked":"Singing Bowl","floor":24},{"not_picked":["Hypocrisy","Beak","Heaven"],"picked":"SKIP","floor":24},{"not_picked":["Freischutz","Variant"],"picked":"PlagueDoctor","floor":25},{"not_picked":["Galaxy+1","Beak+1"],"picked":"RapturousDream+1","floor":25},{"not_picked":["RedEyes+1","RapturousDream+1"],"picked":"CherryBlossom+1","floor":27},{"not_picked":["HappyTeddy","ShyLook"],"picked":"LaLuna","floor":27},{"not_picked":["Loneliness+1","Justitia+1","Horn+1"],"picked":"SKIP","floor":27},{"not_picked":["CherryBlossom+1","Ecstasy+1"],"picked":"Soda+1","floor":31},{"not_picked":["HeroicMonk","MeltingLove","ShyLook"],"picked":"Singing Bowl","floor":31},{"not_picked":["Tough+1","SwordSharpenedByTears+1"],"picked":"SoundOfStar+1","floor":31},{"not_picked":["Mimicry+1","ParadiseLost+1"],"picked":"Twilight+1","floor":33},{"not_picked":["QueenBee","Freischutz"],"picked":"SilentOrchestra","floor":33},{"not_picked":["Pinks+1","DaCapo+1"],"picked":"Twilight+1","floor":33},{"not_picked":["LittleHelper","MeltingLove"],"picked":"BodiesMountain","floor":35},{"not_picked":["Tough+1"],"picked":"SKIP","floor":35},{"not_picked":["Horn+1"],"picked":"SKIP","floor":35},{"not_picked":["Funeral","CherryBlossoms","SnowQueen"],"picked":"Singing Bowl","floor":36},{"not_picked":["MeatLantern","GalaxyChild"],"picked":"PunishingBird","floor":36},{"not_picked":[],"picked":"RapturousDream+1","floor":36},{"not_picked":["Discord+1"],"picked":"SKIP","floor":36},{"not_picked":["Yin","Wellcheers"],"picked":"CrumblingArmor","floor":38},{"not_picked":["Discord+1"],"picked":"SKIP","floor":38},{"not_picked":["BearPaw+1"],"picked":"SKIP","floor":38},{"not_picked":["FairyFestival","QueenBee","Yin"],"picked":"Singing Bowl","floor":44},{"not_picked":["WhitesApple","MeatLantern"],"picked":"GreedKing","floor":44},{"not_picked":[],"picked":"SoundOfStar+1","floor":44},{"not_picked":["Beak+1"],"picked":"SKIP","floor":44},{"not_picked":[],"picked":"CherryBlossom+1","floor":45},{"not_picked":["Freischutz","Rudolta"],"picked":"BlackArmy","floor":45},{"not_picked":[],"picked":"Regret_ego+1","floor":45},{"not_picked":["SnowQueen","Mercenary","SingingMachine"],"picked":"Singing Bowl","floor":48},{"not_picked":["FeatherOfHonor+1"],"picked":"SKIP","floor":48}],"player_experience":193464,"relics_obtained":[{"floor":9,"key":"War Paint"},{"floor":11,"key":"Strawberry"},{"floor":14,"key":"Odd Mushroom"},{"floor":24,"key":"Potion Belt"},{"floor":26,"key":"Darkstone Periapt"},{"floor":31,"key":"DeathAngel"},{"floor":43,"key":"InkBottle"},{"floor":44,"key":"StoneCalendar"},{"floor":48,"key":"Whetstone"}],"event_choices":[{"damage_healed":0,"gold_gain":0,"player_choice":"Rummage","damage_taken":0,"relics_obtained":["WarpedTongs"],"max_hp_gain":0,"max_hp_loss":0,"event_name":"Accursed Blacksmith","floor":3,"gold_loss":0,"cards_obtained":["Pain"]},{"damage_healed":0,"gold_gain":0,"player_choice":"Fought Mushrooms","damage_taken":0,"max_hp_gain":0,"max_hp_loss":0,"event_name":"Mushrooms","floor":14,"gold_loss":0},{"damage_healed":0,"gold_gain":0,"player_choice":"Bought 0 Potions","damage_taken":0,"max_hp_gain":0,"max_hp_loss":0,"event_name":"The Woman in Blue","floor":19,"gold_loss":0},{"damage_healed":0,"gold_gain":0,"player_choice":"Copied","damage_taken":0,"max_hp_gain":0,"max_hp_loss":0,"event_name":"Duplicator","floor":21,"gold_loss":0,"cards_obtained":["DisciplinaryCode"]},{"damage_healed":0,"gold_gain":0,"player_choice":"Ignored","damage_taken":0,"max_hp_gain":0,"max_hp_loss":0,"event_name":"WeMeetAgain","floor":37,"gold_loss":0},{"cards_removed":["GreenStem"],"damage_healed":0,"gold_gain":0,"player_choice":"Removed Power","damage_taken":0,"max_hp_gain":0,"max_hp_loss":0,"event_name":"Falling","floor":41,"gold_loss":0},{"damage_healed":0,"gold_gain":0,"player_choice":"Paid","damage_taken":0,"relics_obtained":["Red Mask"],"max_hp_gain":0,"max_hp_loss":0,"event_name":"Tomb of Lord Red Mask","floor":47,"gold_loss":115}],"is_beta":false,"boss_relics":[{"not_picked":["Ectoplasm","Snecko Eye"],"picked":"Empty Cage"},{"not_picked":["Velvet Choker","Calling Bell"],"picked":"Busted Crown"}],"items_purged_floors":[5],"is_endless":false,"potions_floor_spawned":[],"killed_by":"FixerMidnight","ascension_level":0}}