{"host":"ixl9a8gzl87gveif","time":1609876684,"event":{"mods":["2.2 Compatiblity","BaseMod","Better Note","Colored Map","Colored Powertips","Minty Spire (QoL Compilation)","Permanent Neow","Relic Stats","StSLib","everything is the same but u backflip on backflip"],"gold_per_floor":[119,133,147,147,170,170,211,176,199,222,297,347,390,63,63,157,157,176,195,15,28,49,49,49],"floor_reached":23,"playtime":727,"items_purged":["Strike_B"],"score":406,"play_id":"475c9c50-1f0e-4b39-84dd-034a0107cf90","local_time":"20210105195804","is_ascension_mode":true,"campfire_choices":[{"floor":6.0,"key":"REST"},{"floor":15,"key":"REST"}],"circlet_count":0,"master_deck":["AscendersBane","Defend_B","Defend_B","Defend_B","Defend_B","Zap","Dualcast","Doom and Gloom+1","Loop+1","Capacitor+1","Go for the Eyes+1","White Noise","Hologram","Leap","Redo","Turbo","Doom and Gloom+1","Electrodynamics","Undo","Defragment","Leap"],"relics":["Astrolabe","Golden Idol","MealTicket","Blood Vial","Art of War","Whetstone","Sozu","Membership Card"],"acts_visited":["Exordium","TheCity"],"potions_floor_usage":[],"damage_taken":[{"damage":7.0,"enemies":"Jaw Worm","floor":1.0,"turns":2.0},{"damage":3.0,"enemies":"2 Louse","floor":2.0,"turns":2.0},{"damage":7.0,"enemies":"Small Slimes","floor":3.0,"turns":2.0},{"damage":37.0,"enemies":"Gremlin Gang","floor":5.0,"turns":4.0},{"damage":26.0,"enemies":"Gremlin Nob","floor":7.0,"turns":4.0},{"damage":1.0,"enemies":"2 Fungi Beasts","floor":10.0,"turns":4.0},{"damage":3.0,"enemies":"Lagavulin","floor":13.0,"turns":6.0},{"damage":36,"enemies":"Hexaghost","floor":16,"turns":8},{"damage":0,"enemies":"3 Byrds","floor":18,"turns":2},{"damage":3,"enemies":"Chosen","floor":19,"turns":3},{"damage":9,"enemies":"Snecko","floor":21,"turns":5},{"damage":35,"enemies":"Sentry and Sphere","floor":22,"turns":5},{"damage":29,"enemies":"Gremlin Leader","floor":23,"turns":3}],"seed_played":"-7453672474286639756","potions_obtained":[{"floor":2.0,"key":"Strength Potion"},{"floor":3.0,"key":"Strength Potion"},{"floor":7.0,"key":"EntropicBrew"},{"floor":13.0,"key":"SpeedPotion"}],"is_trial":false,"path_per_floor":["M","M","M","?","M","R","E","?","T","M","?","?","E","$","R","B",null,"M","M","$","M","M","E"],"character_chosen":"DEFECT","items_purchased":["Doom and Gloom","Whetstone","Membership Card","Defragment"],"campfire_rested":2,"item_purchase_floors":[14,14,20,20],"current_hp_per_floor":[57,54,47,47,10,29,3,19,19,20,9,9,8,23,42,8,50,52,51,64,55,22,0,0],"gold":49,"neow_bonus":"BOSS_RELIC","is_daily":false,"chose_seed":false,"campfire_upgraded":0,"win_rate":0.0,"timestamp":1609876684,"path_taken":["M","M","M","?","M","R","E","?","T","?","?","?","E","$","R","BOSS","M","M","$","M","M","E"],"items_purchased_type":["Card","Relic","Relic","Card"],"build_version":"2020-12-22","purchased_purges":1,"victory":false,"max_hp_per_floor":[71,71,71,64,64,64,64,64,64,64,64,64,64,64,64,64,64,64,64,64,64,64,64,64],"relic_stats":{"Blood Vial":14,"Sozu":1,"counters":[13,50],"Golden Idol":61,"Astrolabe":["Doom and Gloom","Loop","Capacitor"],"MealTicket":28,"Art of War":[6],"Whetstone":["Doom and Gloom","Go for the Eyes"],"obtain_stats":[{"Blood Vial":9,"Sozu":17,"Golden Idol":4,"Astrolabe":0,"MealTicket":7,"Art of War":13,"Whetstone":14,"Membership Card":20,"Cracked Core":0},{"Blood Vial":5,"Sozu":8,"Golden Idol":3,"Astrolabe":0,"MealTicket":5,"Art of War":7,"Whetstone":7,"Membership Card":10,"Cracked Core":0},{"Blood Vial":14,"Sozu":32,"Golden Idol":6,"Astrolabe":0,"MealTicket":14,"Art of War":24,"Whetstone":24,"Membership Card":37,"Cracked Core":0}]},"card_choices":[{"not_picked":["Streamline","Redo"],"picked":"Go for the Eyes","floor":1.0},{"not_picked":["Recycle","Go for the Eyes"],"picked":"White Noise","floor":2.0},{"not_picked":["Sunder","Barrage"],"picked":"Hologram","floor":3.0},{"not_picked":["Skim","Conserve Battery"],"picked":"Leap","floor":5.0},{"not_picked":["Machine Learning","Barrage"],"picked":"Redo","floor":7.0},{"not_picked":["Redo","Force Field"],"picked":"Turbo","floor":10.0},{"not_picked":["Lockon","Melter","Aggregate"],"picked":"SKIP","floor":13.0},{"not_picked":["Core Surge","Hyperbeam"],"picked":"Electrodynamics","floor":16},{"not_picked":["Heatsinks","Streamline+1","Stack"],"picked":"SKIP","floor":18},{"not_picked":["Beam Cell","Scrape"],"picked":"Undo","floor":19},{"not_picked":["Steam","Genetic Algorithm","Hello World"],"picked":"SKIP","floor":21},{"not_picked":["Turbo","Rebound"],"picked":"Leap","floor":22}],"player_experience":353420,"relics_obtained":[{"floor":7.0,"key":"MealTicket"},{"floor":9.0,"key":"Blood Vial"},{"floor":13.0,"key":"Art of War"}],"event_choices":[{"damage_healed":0.0,"max_hp_gain":0.0,"max_hp_loss":7.0,"gold_gain":0.0,"event_name":"Golden Idol","player_choice":"Lose Max HP","floor":4.0,"gold_loss":0.0,"damage_taken":0.0,"relics_obtained":["Golden Idol"]},{"damage_healed":16.0,"max_hp_gain":0.0,"max_hp_loss":0.0,"gold_gain":0.0,"event_name":"The Cleric","player_choice":"Healed","floor":8.0,"gold_loss":35.0,"damage_taken":0.0},{"damage_healed":0.0,"max_hp_gain":0.0,"max_hp_loss":0.0,"gold_gain":75.0,"event_name":"World of Goop","player_choice":"Gather Gold","floor":11.0,"gold_loss":0.0,"damage_taken":11.0},{"damage_healed":0.0,"max_hp_gain":0.0,"max_hp_loss":0.0,"gold_gain":50.0,"event_name":"Golden Shrine","player_choice":"Pray","floor":12.0,"gold_loss":0.0,"damage_taken":0.0}],"is_beta":false,"boss_relics":[{"not_picked":["Empty Cage","Busted Crown"],"picked":"Sozu"}],"items_purged_floors":[14],"is_endless":false,"potions_floor_spawned":[2,3,5,7,13,21],"killed_by":"Gremlin Leader","ascension_level":20}}