{"host":"jpcy2bclvs7juczu","time":1609876249,"event":{"mods":["AchievementEnabler","BaseMod","Block Reminder","Colored Map","Colored Powertips","Curses Come First","Minty Spire (QoL Compilation)","Quick Restart","Relic Stats","StSLib","ojb\u0027s Better Paths Mod","ojb\u0027s Info Mod","slay the spire mod where everything is the same but ironclad has a cowboy hat"],"gold_per_floor":[109,31,45,57,3,36,36,36,36],"floor_reached":8,"playtime":243,"items_purged":[],"score":112,"play_id":"1f3de397-3075-480e-bd99-5bdddfc32911","local_time":"20210105195049","is_ascension_mode":true,"campfire_choices":[{"data":"Dagger Spray","floor":7,"key":"SMITH"}],"circlet_count":0,"master_deck":["AscendersBane","Strike_G","Strike_G","Strike_G","Strike_G","Strike_G","Defend_G","Defend_G","Defend_G","Defend_G","Defend_G","Survivor","Neutralize","Quick Slash","Dash","Dagger Spray+1","Poisoned Stab"],"relics":["Runic Dome","Prayer Wheel"],"acts_visited":["Exordium"],"potions_floor_usage":[6],"damage_taken":[{"damage":1,"enemies":"Cultist","floor":1,"turns":6},{"damage":2,"enemies":"Jaw Worm","floor":3,"turns":4},{"damage":0,"enemies":"Small Slimes","floor":4,"turns":3},{"damage":23,"enemies":"3 Sentries","floor":6,"turns":7},{"damage":52,"enemies":"Gremlin Nob","floor":8,"turns":4}],"seed_played":"-848033794389417865","potions_obtained":[{"floor":3,"key":"LiquidMemories"}],"is_trial":false,"path_per_floor":["M","$","M","M","$","E","R","E"],"character_chosen":"THE_SILENT","items_purchased":["Dash","Dagger Spray"],"campfire_rested":0,"item_purchase_floors":[2,5],"current_hp_per_floor":[58,58,56,56,56,33,33,0,0],"gold":36,"neow_bonus":"BOSS_RELIC","is_daily":false,"chose_seed":false,"campfire_upgraded":1,"win_rate":0.0,"timestamp":1609876249,"path_taken":["M","?","M","M","$","E","R","E"],"items_purchased_type":["Card","Card"],"build_version":"2020-12-22","purchased_purges":0,"victory":false,"max_hp_per_floor":[66,66,66,66,66,66,66,66,66],"relic_stats":{"counters":[5,24],"Prayer Wheel":0,"obtain_stats":[{"Runic Dome":0,"Prayer Wheel":6,"Ring of the Snake":0},{"Runic Dome":0,"Prayer Wheel":4,"Ring of the Snake":0},{"Runic Dome":0,"Prayer Wheel":20,"Ring of the Snake":0}]},"card_choices":[{"not_picked":["Sucker Punch","Tactician"],"picked":"Quick Slash","floor":1},{"not_picked":["Prepared","Slice","Heel Hook"],"picked":"SKIP","floor":3},{"not_picked":["Finisher","Dodge and Roll","Bane"],"picked":"SKIP","floor":4},{"not_picked":["Dagger Throw","Distraction"],"picked":"Poisoned Stab","floor":6}],"player_experience":366315,"relics_obtained":[{"floor":6,"key":"Prayer Wheel"}],"event_choices":[],"is_beta":false,"boss_relics":[],"items_purged_floors":[],"is_endless":false,"potions_floor_spawned":[3],"killed_by":"Gremlin Nob","ascension_level":20}}