{"host":"9ndbo4kgsfoemf7y","time":1609845709,"event":{"mods":["AchievementEnabler","BaseMod","Colored Map","DeckTracker","Keyboard Shortcuts","Minty Spire (QoL Compilation)","Permanent Neow","Quick Restart","Relic Stats","StSLib","SuperFastMode"],"gold_per_floor":[117,127,15,29,40,68,68,78,158,158,173,187,187,217,217,217,217],"floor_reached":16,"playtime":546,"items_purged":["Strike_R"],"score":228,"play_id":"81b93b1f-b62c-43f8-82f2-b834b5af2e26","local_time":"20210105202149","is_ascension_mode":true,"campfire_choices":[{"data":"Dark Embrace","floor":7.0,"key":"SMITH"},{"floor":10.0,"key":"REST"},{"data":"Exhume","floor":13,"key":"SMITH"},{"floor":15,"key":"REST"}],"circlet_count":0,"master_deck":["AscendersBane","Strike_R","Strike_R","Defend_R","Defend_R","Defend_R","Defend_R","Bash","Headbutt","Headbutt","Sever Soul","Rampage","Uppercut","Armaments","Dark Embrace+1","Second Wind","Exhume+1","Body Slam","Pommel Strike","Seeing Red"],"relics":["Burning Blood","Bird Faced Urn","InkBottle","Dead Branch"],"acts_visited":["Exordium"],"potions_floor_usage":[],"damage_taken":[{"damage":6.0,"enemies":"Cultist","floor":1.0,"turns":3.0},{"damage":12.0,"enemies":"Jaw Worm","floor":2.0,"turns":3.0},{"damage":13.0,"enemies":"Small Slimes","floor":4.0,"turns":3.0},{"damage":0.0,"enemies":"3 Louse","floor":5.0,"turns":3.0},{"damage":40.0,"enemies":"3 Sentries","floor":6.0,"turns":8.0},{"damage":10.0,"enemies":"Large Slime","floor":8.0,"turns":7.0},{"damage":3,"enemies":"Looter","floor":11,"turns":3},{"damage":14,"enemies":"3 Louse","floor":12,"turns":3},{"damage":38,"enemies":"Lagavulin","floor":14,"turns":8},{"damage":36,"enemies":"The Guardian","floor":16,"turns":2}],"seed_played":"2178938167227324718","potions_obtained":[{"floor":4.0,"key":"EntropicBrew"},{"floor":6.0,"key":"EssenceOfSteel"}],"is_trial":false,"path_per_floor":["M","M","$","M","M","E","R","M","T","R","M","M","R","E","R","B"],"character_chosen":"IRONCLAD","items_purchased":["Uppercut"],"campfire_rested":2,"item_purchase_floors":[3],"current_hp_per_floor":[68,62,62,55,61,27,27,25,25,45,50,44,44,14,34,0,0],"gold":217,"neow_bonus":"TRANSFORM_TWO_CARDS","is_daily":false,"chose_seed":false,"campfire_upgraded":2,"win_rate":0.0,"timestamp":1609845709,"path_taken":["M","M","?","M","?","E","R","M","T","R","M","M","R","E","R","BOSS"],"items_purchased_type":["Card"],"build_version":"2020-12-22","purchased_purges":1,"victory":false,"max_hp_per_floor":[68,68,68,68,68,68,68,68,68,68,68,68,68,68,68,68,68],"relic_stats":{"counters":[10,43],"Bird Faced Urn":[10],"Dead Branch":[3],"obtain_stats":[{"Bird Faced Urn":6,"Dead Branch":14,"Burning Blood":0,"InkBottle":9},{"Bird Faced Urn":5,"Dead Branch":9,"Burning Blood":0,"InkBottle":6},{"Bird Faced Urn":20,"Dead Branch":41,"Burning Blood":0,"InkBottle":27}],"Burning Blood":54,"InkBottle":[3]},"card_choices":[{"not_picked":["Havoc","Reckless Charge"],"picked":"Sever Soul","floor":1.0},{"not_picked":["Havoc","Twin Strike"],"picked":"Rampage","floor":2.0},{"not_picked":["Heavy Blade","Armaments","Combust"],"picked":"SKIP","floor":4.0},{"not_picked":["Heavy Blade","Combust"],"picked":"Armaments","floor":4.0},{"not_picked":["Thunderclap","Battle Trance"],"picked":"Dark Embrace","floor":5.0},{"not_picked":["Whirlwind","Warcry"],"picked":"Second Wind","floor":6.0},{"not_picked":["Flame Barrier","Dual Wield"],"picked":"Exhume","floor":8.0},{"not_picked":["Headbutt","True Grit"],"picked":"Body Slam","floor":11},{"not_picked":["Power Through","Armaments"],"picked":"Pommel Strike","floor":12},{"not_picked":["Clothesline","Armaments"],"picked":"Seeing Red","floor":14}],"player_experience":779443,"relics_obtained":[{"floor":6.0,"key":"Bird Faced Urn"},{"floor":9.0,"key":"InkBottle"},{"floor":14,"key":"Dead Branch"}],"event_choices":[],"is_beta":false,"boss_relics":[],"items_purged_floors":[3],"is_endless":false,"potions_floor_spawned":[4,6,12],"killed_by":"The Guardian","ascension_level":20}}