{"host":"d9m9v0h6vo0edadb","time":1609832888,"event":{"mods":["BaseMod","Hermit","Keyboard Shortcuts","Minty Spire (QoL Compilation)","StSLib","SuperFastMode","The Cursed"],"gold_per_floor":[19,30,48,48,65,65,91,91,118,168,202,215,246,261,261,261,261],"floor_reached":16,"playtime":237,"items_purged":[],"score":244,"play_id":"8b8ccce4-4d47-41b7-b527-f1a2a4801877","local_time":"20210105164808","is_ascension_mode":true,"campfire_choices":[{"data":"Bouncing Flask","floor":6.0,"key":"SMITH"},{"floor":8.0,"key":"REST"},{"data":"Poisoned Stab","floor":15.0,"key":"SMITH"}],"circlet_count":0,"master_deck":["AscendersBane","Strike_G","Strike_G","Strike_G","Defend_G","Defend_G","Defend_G","Defend_G","Survivor","Neutralize","Masterful Stab","Bouncing Flask+1","Escape Plan","Backstab","Poisoned Stab+1","Well Laid Plans"],"relics":["Ring of the Snake","Toy Ornithopter","Ancient Tea Set","Lantern","White Beast Statue"],"acts_visited":["Exordium"],"potions_floor_usage":[16,16],"damage_taken":[{"damage":4.0,"enemies":"Cultist","floor":1.0,"turns":5.0},{"damage":0.0,"enemies":"2 Louse","floor":2.0,"turns":2.0},{"damage":4.0,"enemies":"Small Slimes","floor":3.0,"turns":3.0},{"damage":14.0,"enemies":"3 Louse","floor":5.0,"turns":5.0},{"damage":17.0,"enemies":"3 Sentries","floor":7.0,"turns":7.0},{"damage":3.0,"enemies":"Gremlin Nob","floor":11.0,"turns":3.0},{"damage":1.0,"enemies":"Looter","floor":12.0,"turns":2.0},{"damage":17.0,"enemies":"Lagavulin","floor":13.0,"turns":6.0},{"damage":0.0,"enemies":"Exordium Wildlife","floor":14.0,"turns":2.0},{"damage":25,"enemies":"Slime Boss","floor":16,"turns":6}],"seed_played":"-6081061075189027452","potions_obtained":[{"floor":3.0,"key":"Weak Potion"},{"floor":5.0,"key":"PowerPotion"},{"floor":13.0,"key":"Poison Potion"},{"floor":14.0,"key":"GamblersBrew"}],"is_trial":false,"path_per_floor":["M","M","M","?","M","R","E","R","T","?","E","M","E","M","R","B"],"character_chosen":"THE_SILENT","items_purchased":[],"campfire_rested":1,"item_purchase_floors":[],"current_hp_per_floor":[55,55,51,44,30,30,13,32,32,32,29,28,16,16,16,1,1],"gold":261,"neow_bonus":"REMOVE_TWO","is_daily":false,"chose_seed":false,"campfire_upgraded":2,"win_rate":0.0,"timestamp":1609832888,"path_taken":["M","M","M","?","M","R","E","R","T","?","E","?","E","M","R","BOSS"],"items_purchased_type":[],"build_version":"2020-12-22","purchased_purges":0,"victory":false,"max_hp_per_floor":[66,66,66,66,66,66,66,66,66,66,66,66,66,66,66,66,66],"card_choices":[{"not_picked":["Sucker Punch","Deadly Poison"],"picked":"Masterful Stab","floor":1.0},{"not_picked":["Dash","Dagger Spray"],"picked":"Bouncing Flask","floor":2.0},{"not_picked":["Calculated Gamble","Underhanded Strike","Cloak And Dagger"],"picked":"SKIP","floor":3.0},{"not_picked":["Doppelganger","Bane"],"picked":"Escape Plan","floor":5.0},{"not_picked":["Backflip","Slice"],"picked":"Backstab","floor":7.0},{"not_picked":["Underhanded Strike","Expertise"],"picked":"Poisoned Stab","floor":11.0},{"not_picked":["Expertise","Deflect","Dodge and Roll"],"picked":"SKIP","floor":12.0},{"not_picked":["Underhanded Strike","Quick Slash"],"picked":"Well Laid Plans","floor":13.0},{"not_picked":["Endless Agony","Quick Slash","Prepared"],"picked":"SKIP","floor":14.0}],"player_experience":951881,"relics_obtained":[{"floor":7.0,"key":"Toy Ornithopter"},{"floor":9.0,"key":"Ancient Tea Set"},{"floor":11.0,"key":"Lantern"},{"floor":13.0,"key":"White Beast Statue"}],"event_choices":[{"cards_removed":["Strike_G"],"damage_healed":0.0,"max_hp_gain":0.0,"max_hp_loss":0.0,"gold_gain":0.0,"event_name":"Golden Wing","player_choice":"Card Removal","floor":4.0,"gold_loss":0.0,"damage_taken":7.0},{"damage_healed":0.0,"max_hp_gain":0.0,"max_hp_loss":0.0,"gold_gain":50.0,"event_name":"Golden Shrine","player_choice":"Pray","floor":10.0,"gold_loss":0.0,"damage_taken":0.0}],"is_beta":false,"boss_relics":[],"items_purged_floors":[],"is_endless":false,"potions_floor_spawned":[3,5,13,14],"killed_by":"Slime Boss","ascension_level":20}}