{"host":"7xbu8gt067z192g2","time":1609842303,"event":{"mods":["BaseMod","Better Note","Colored Map","Colored Powertips","Googly Eyes","Highlight Path","Minty Spire (QoL Compilation)","Rare Cards Sparkle","Replay The Spire","StSLib","The Bladedancer","The Cursed","The Hierophant","The Valiant","The Wild Card"],"gold_per_floor":[110,110,4,15,31,63,63,63,63,63,91,91,91,91,91],"floor_reached":14,"playtime":614,"items_purged":[],"score":110,"play_id":"fab60ecd-4296-47e6-bb66-79e78c94c7a7","local_time":"20210105052503","is_ascension_mode":true,"campfire_choices":[{"data":"Feel No Pain","floor":7.0,"key":"SMITH"},{"data":"True Grit","floor":10.0,"key":"SMITH"}],"circlet_count":0,"master_deck":["Strike_R","Strike_R","Strike_R","Strike_R","Strike_R","Defend_R","Defend_R","Defend_R","Bash","ReplayTheSpireMod:Strike From Hell","Decay","True Grit+1","True Grit","Feel No Pain+1","Thunderclap","Exhume","Sever Soul"],"relics":["Burning Blood","NeowsBlessing","Pantograph","Replay:WaspNest"],"acts_visited":["Exordium"],"potions_floor_usage":[],"damage_taken":[{"damage":0.0,"enemies":"2 Louse","floor":1.0,"turns":2.0},{"damage":0.0,"enemies":"Cultist","floor":4.0,"turns":1.0},{"damage":0.0,"enemies":"Jaw Worm","floor":5.0,"turns":1.0},{"damage":50.0,"enemies":"Gremlin Nob","floor":6.0,"turns":5.0},{"damage":38.0,"enemies":"3 Sentries","floor":11.0,"turns":11.0},{"damage":18,"enemies":"Lagavulin","floor":14,"turns":2}],"seed_played":"-7704557831607023217","potions_obtained":[{"floor":5.0,"key":"Fruit Juice"},{"floor":6.0,"key":"Reflective Coating"},{"floor":11.0,"key":"EssenceOfSteel"}],"is_trial":false,"path_per_floor":["M","?","$","M","M","E","R","?","T","R","E","PTL","PTL","E"],"character_chosen":"IRONCLAD","items_purchased":["True Grit","Feel No Pain"],"campfire_rested":0,"item_purchase_floors":[3,3],"current_hp_per_floor":[80,80,80,80,80,41,41,41,41,41,9,9,9,0,0],"gold":91,"neow_bonus":"THREE_ENEMY_KILL","is_daily":false,"chose_seed":false,"campfire_upgraded":2,"win_rate":0.0,"timestamp":1609842303,"path_taken":["M","?","?","?","M","E","R","?","T","R","E","PTL","PTL","E"],"items_purchased_type":["Card","Card"],"build_version":"2020-12-22","purchased_purges":0,"victory":false,"max_hp_per_floor":[80,80,80,80,80,85,85,85,85,85,85,85,85,85,85],"card_choices":[{"not_picked":["Iron Wave","Heavy Blade"],"picked":"ReplayTheSpireMod:Strike From Hell","floor":1.0},{"not_picked":["Wild Strike","Spot Weakness"],"picked":"Thunderclap","floor":4.0},{"not_picked":["Twin Strike","Run Through","ReplayTheSpireMod:Limb From Limb"],"picked":"SKIP","floor":5.0},{"not_picked":["Perfected Strike","Thunderclap"],"picked":"Exhume","floor":6.0},{"not_picked":["Demon Form","Rupture"],"picked":"Sever Soul","floor":11.0}],"player_experience":139848,"relics_obtained":[{"floor":6.0,"key":"Pantograph"},{"floor":11.0,"key":"Replay:WaspNest"}],"event_choices":[{"damage_healed":0.0,"max_hp_gain":0.0,"max_hp_loss":0.0,"gold_gain":0.0,"event_name":"Wheel of Change","player_choice":"Cursed","floor":2.0,"gold_loss":0.0,"damage_taken":0.0,"cards_obtained":["Decay"]}],"is_beta":false,"boss_relics":[],"items_purged_floors":[],"is_endless":false,"potions_floor_spawned":[5,6,11],"killed_by":"Lagavulin","ascension_level":3}}