{"host":"8rwquwrlbfkmmuup","time":1609867122,"event":{"mods":["BaseMod","Downfall","Halation","Infinite Spire","Marisa????????","Minty Spire (QoL Compilation)","Replay The Spire","Shop Mod","StSLib","The Animator","The Senshi","The Servant 0.9.4"],"gold_per_floor":[112,44,57,77,77,77,97,125,125,153,153,30,40,50,50,50],"floor_reached":15,"playtime":533,"items_purged":["Strike_R"],"score":112,"play_id":"d3a2d69b-ef68-4571-b602-05c183a56025","local_time":"20210105091842","is_ascension_mode":true,"campfire_choices":[{"data":"Berserk","floor":9,"key":"SMITH"}],"circlet_count":0,"master_deck":["Strike_R","Strike_R","Strike_R","Strike_R","Defend_R","Defend_R","Defend_R","Defend_R","Bash","Anger","Inflame","Berserk+1","Uppercut","Clothesline","Dropkick","Rupture"],"relics":["Burning Blood","NeowsBlessing","halation:BottledLove","Question Card","ReplayTheSpireMod:Ninjato"],"acts_visited":["Exordium"],"potions_floor_usage":[8,8,10],"damage_taken":[{"damage":0,"enemies":"Cultist","floor":1,"turns":1},{"damage":0,"enemies":"Small Slimes","floor":3,"turns":1},{"damage":0,"enemies":"Jaw Worm","floor":4,"turns":1},{"damage":10,"enemies":"Red Slaver","floor":7,"turns":6},{"damage":38,"enemies":"Lagavulin","floor":8,"turns":4},{"damage":35,"enemies":"Gremlin Nob","floor":10,"turns":4},{"damage":11,"enemies":"Looter","floor":13,"turns":3},{"damage":14,"enemies":"Blue Slaver","floor":14,"turns":3},{"damage":17,"enemies":"3 Sentries","floor":15,"turns":4}],"seed_played":"-2822138035680920932","potions_obtained":[{"floor":1,"key":"Block Potion"},{"floor":7,"key":"champ:CounterPotion"},{"floor":10,"key":"BloodPotion"}],"is_trial":false,"path_per_floor":["M","$","M","M","PTL","PTL","M","E","R","E","T","$","M","M","E"],"character_chosen":"IRONCLAD","items_purchased":["Inflame","Clothesline"],"campfire_rested":0,"item_purchase_floors":[2,12],"current_hp_per_floor":[80,80,80,80,80,80,76,44,44,31,31,31,26,18,1,1],"gold":50,"neow_bonus":"THREE_ENEMY_KILL","is_daily":false,"chose_seed":false,"campfire_upgraded":1,"win_rate":0.0,"timestamp":1609867122,"path_taken":["M","$","?","M","PTL","PTL","?","E","R","E","T","?","M","M","E"],"items_purchased_type":["Card","Card"],"build_version":"2020-12-22","purchased_purges":1,"victory":false,"max_hp_per_floor":[80,80,80,80,80,80,80,80,80,80,80,80,80,80,80,80],"card_choices":[{"not_picked":["Flex","Rage"],"picked":"Anger","floor":1},{"not_picked":["Twin Strike","Armaments","Warcry"],"picked":"SKIP","floor":3},{"not_picked":["Iron Wave","Pummel","Thunderclap"],"picked":"SKIP","floor":4},{"not_picked":["Anger","Inflame"],"picked":"Berserk","floor":7},{"not_picked":["Iron Wave","Heavy Blade","Rampage"],"picked":"SKIP","floor":8},{"not_picked":["Body Slam","Thunderclap"],"picked":"Uppercut","floor":10},{"not_picked":["Run Through","Second Wind","ReplayTheSpireMod:Stacked"],"picked":"Dropkick","floor":13},{"not_picked":["Anger","Headbutt","Iron Wave"],"picked":"Rupture","floor":14}],"player_experience":66855,"relics_obtained":[{"floor":8,"key":"halation:BottledLove"},{"floor":10,"key":"Question Card"},{"floor":11,"key":"ReplayTheSpireMod:Ninjato"}],"event_choices":[],"is_beta":false,"boss_relics":[],"items_purged_floors":[12],"is_endless":false,"potions_floor_spawned":[1,7,10],"killed_by":"3 Sentries","ascension_level":1}}