{"host":"r6da5kb9dzaaglw2","time":1609855552,"event":{"mods":["AchievementEnabler","BaseMod","Colored Powertips","Duelist Mod","GifTheSpireLib","Minty Spire (QoL Compilation)","StSLib"],"gold_per_floor":[13,13,32,32,46,76,76,93,119,153,167,244,304,317,317,414,414,428,428,428,447,447,447,447,87,87,106,122,156,169,69,69,171,171,190,190,210,0,0,0,17,44,123,150,164,181,197,219,219,219],"floor_reached":51,"playtime":7808,"items_purged":["Writhe","theDuelist:IceQueen"],"score":1016,"play_id":"22f9d619-9638-4cf2-a6c0-3dfe246295bf","local_time":"20210105150552","is_ascension_mode":false,"campfire_choices":[{"data":"theDuelist:Yami","floor":7.0,"key":"SMITH"},{"data":"theDuelist:Yami","floor":15.0,"key":"SMITH"},{"data":"theDuelist:GrandSpellbookTower","floor":23.0,"key":"SMITH"},{"floor":32.0,"key":"DIG"},{"floor":40.0,"key":"DIG"},{"floor":49,"key":"DIG"}],"circlet_count":0,"master_deck":["theDuelist:BloodSparks","theDuelist:DarkMagician","theDuelist:MysticalElf+1","theDuelist:MysticalElf+1","theDuelist:NeoMagic","theDuelist:NeoMagic","theDuelist:Sparks","theDuelist:Yami+1","theDuelist:Yami+1","theDuelist:ExodiaNecross","theDuelist:SpiritHarp","theDuelist:Yami+1","theDuelist:BlueDragonSummoner","theDuelist:GrandSpellbookTower+1","theDuelist:WhiteHowling+1","theDuelist:RainbowKuriboh+1","theDuelist:ExodiaLL"],"relics":["theDuelist:MillenniumPuzzle","theDuelist:CardPoolRelic","theDuelist:CardPoolBasicRelic","theDuelist:BoosterPackPoolRelic","theDuelist:CardPoolAddRelic","theDuelist:CardPoolMinusRelic","theDuelist:CardPoolSaveRelic","theDuelist:CardPoolOptionsRelic","War Paint","Oddly Smooth Stone","Darkstone Periapt","Gremlin Horn","Busted Crown","Shovel","Thread and Needle","theDuelist:SpellcasterStone","theDuelist:InversionRelic","Incense Burner","Black Star","Red Mask","Omamori","Frozen Eye","CaptainsWheel","theDuelist:KaibaToken","Meat on the Bone","theDuelist:SummonAnchor","Letter Opener","theDuelist:ZombieRelic"],"acts_visited":["Exordium","TheCity","TheBeyond"],"potions_floor_usage":[50],"damage_taken":[{"damage":0.0,"enemies":"Cultist","floor":1.0,"turns":3.0},{"damage":0.0,"enemies":"Jaw Worm","floor":3.0,"turns":4.0},{"damage":0.0,"enemies":"2 Louse","floor":5.0,"turns":2.0},{"damage":12.0,"enemies":"Gremlin Nob","floor":6.0,"turns":6.0},{"damage":4.0,"enemies":"Looter","floor":8.0,"turns":4.0},{"damage":0.0,"enemies":"3 Sentries","floor":10.0,"turns":6.0},{"damage":0.0,"enemies":"Large Slime","floor":11.0,"turns":5.0},{"damage":0.0,"enemies":"Gremlin Nob","floor":13.0,"turns":4.0},{"damage":0.0,"enemies":"Blue Slaver","floor":14.0,"turns":4.0},{"damage":0.0,"enemies":"Slime Boss","floor":16.0,"turns":9.0},{"damage":15.0,"enemies":"3 Byrds","floor":18.0,"turns":5.0},{"damage":0.0,"enemies":"Shell Parasite","floor":21.0,"turns":7.0},{"damage":0.0,"enemies":"Shelled Parasite and Fungi","floor":27.0,"turns":5.0},{"damage":3.0,"enemies":"Cultist and Chosen","floor":28.0,"turns":7.0},{"damage":0.0,"enemies":"theDuelist:KaibaA2","floor":29.0,"turns":7.0},{"damage":0.0,"enemies":"Snecko","floor":30.0,"turns":6.0},{"damage":0.0,"enemies":"Collector","floor":33.0,"turns":18.0},{"damage":0.0,"enemies":"Orb Walker","floor":35.0,"turns":6.0},{"damage":2.0,"enemies":"3 Shapes","floor":37.0,"turns":5.0},{"damage":20.0,"enemies":"Transient","floor":41.0,"turns":5.0},{"damage":49.0,"enemies":"Nemesis","floor":42.0,"turns":11.0},{"damage":0.0,"enemies":"Giant Head","floor":44.0,"turns":13.0},{"damage":9.0,"enemies":"Writhing Mass","floor":45.0,"turns":6.0},{"damage":0.0,"enemies":"Maw","floor":46.0,"turns":9.0},{"damage":8.0,"enemies":"4 Shapes","floor":47.0,"turns":6.0},{"damage":8,"enemies":"3 Darklings","floor":48,"turns":6},{"damage":5,"enemies":"Donu and Deca","floor":50,"turns":21}],"seed_played":"-809624428244869096","potions_obtained":[{"floor":5.0,"key":"theDuelist:TributeBottle"},{"floor":6.0,"key":"theDuelist:BottledKuriboh"},{"floor":10.0,"key":"AttackPotion"},{"floor":41.0,"key":"SneckoOil"},{"floor":42.0,"key":"theDuelist:BottledKuriboh"},{"floor":45.0,"key":"BlessingOfTheForge"}],"is_trial":false,"path_per_floor":["M","$","M","?","M","E","R","M","T","E","M","T","?","M","R","B",null,"M","?","?","M","?","R","?","$","T","M","M","E","M","$","R","B",null,"M","?","M","?","?","R","M","E","T","E","M","M","M","M","R","B",null],"character_chosen":"THE_DUELIST","items_purchased":["Thread and Needle"],"campfire_rested":0,"item_purchase_floors":[25],"current_hp_per_floor":[84,84,84,84,88,80,80,80,80,84,88,88,88,92,92,92,108,97,97,97,97,103,103,103,103,103,103,100,100,100,100,100,100,118,118,118,116,116,116,116,96,47,47,59,62,62,66,70,70,65],"gold":219,"neow_bonus":"REMOVE_TWO","is_daily":false,"chose_seed":false,"campfire_upgraded":3,"win_rate":0.0,"timestamp":1609855552,"path_taken":["M","?","M","?","?","E","R","?","T","E","M","?","?","M","R","BOSS","M","?","?","M","?","R","?","?","T","M","?","E","M","$","R","BOSS","M","?","M","?","?","R","M","E","T","E","M","M","?","M","R","BOSS"],"items_purchased_type":["Relic"],"build_version":"2020-12-22","purchased_purges":2,"victory":true,"max_hp_per_floor":[84,84,84,84,88,92,92,96,96,100,104,104,104,108,108,108,108,112,112,112,112,118,118,118,118,118,118,118,118,118,118,118,118,118,118,118,118,118,118,118,118,118,118,118,118,118,118,118,118,118],"card_choices":[{"not_picked":["theDuelist:InariFire","theDuelist:TimeWizard","theDuelist:WonderWand"],"picked":"theDuelist:Yami","floor":1.0},{"not_picked":["theDuelist:LightningDarts","theDuelist:WormApocalypse","theDuelist:BattleFootballer","theDuelist:PotDichotomy","theDuelist:MagicHoleGolem"],"picked":"SKIP","floor":3.0},{"not_picked":["theDuelist:MagicalBlast","theDuelist:ContractExodia","theDuelist:MagiciansRobe","theDuelist:BookSecret"],"picked":"theDuelist:Yami","floor":5.0},{"not_picked":["theDuelist:LegendaryExodia","theDuelist:GuardianAngel"],"picked":"theDuelist:ExodiaNecross","floor":6.0},{"not_picked":["theDuelist:DarkMagician","theDuelist:NeoMagic","theDuelist:CallAtlanteans","theDuelist:MagicalBlast"],"picked":"theDuelist:SpiritHarp","floor":8.0},{"not_picked":["theDuelist:CrystalWingDragon","theDuelist:RainbowDarkDragon","theDuelist:IrisEarthMother","theDuelist:QueenDragunDjinn","theDuelist:RainbowMagician"],"picked":"SKIP","floor":10.0},{"not_picked":["theDuelist:MagiciansRobe","theDuelist:VoidExpansion","theDuelist:StatueAnguishPattern"],"picked":"theDuelist:Yami","floor":11.0},{"not_picked":["theDuelist:SangaThunder","theDuelist:NeoMagic","theDuelist:SpiritHarp","theDuelist:WonderWand"],"picked":"theDuelist:BlueDragonSummoner","floor":14.0},{"not_picked":["theDuelist:ExodiaNecross","theDuelist:RainbowDarkDragon","theDuelist:QueenDragunDjinn","theDuelist:VoidVanishment"],"picked":"theDuelist:IceQueen","floor":16.0},{"not_picked":["theDuelist:SpellShatteringArrow","theDuelist:CallAtlanteans","theDuelist:CircleFireKings"],"picked":"SKIP","floor":18.0},{"not_picked":["Metamorphosis","Violence+1"],"picked":"SKIP","floor":21.0},{"not_picked":["theDuelist:NeoMagic+1","theDuelist:FairyBox+1","theDuelist:DarkHorizon"],"picked":"SKIP","floor":27.0},{"not_picked":["theDuelist:CharcoalInpachi","theDuelist:SilentDoom+1","theDuelist:ApprenticeIllusionMagician"],"picked":"SKIP","floor":28.0},{"not_picked":["theDuelist:MysticalElf","theDuelist:SpiritHarp","theDuelist:IceQueen"],"picked":"SKIP","floor":29.0},{"not_picked":["theDuelist:InjectionFairy","theDuelist:SpellShatteringArrow+1","theDuelist:GeminiElf"],"picked":"SKIP","floor":30.0},{"not_picked":["theDuelist:BadReaction+1","theDuelist:WonderWand+1"],"picked":"theDuelist:WhiteHowling+1","floor":35.0},{"not_picked":["theDuelist:RainbowDarkDragon","theDuelist:IrisEarthMother+1"],"picked":"theDuelist:RainbowKuriboh+1","floor":37.0},{"not_picked":["theDuelist:CharcoalInpachi","theDuelist:SilentDoom+3","theDuelist:ApprenticeIllusionMagician+1"],"picked":"SKIP","floor":41.0},{"not_picked":["theDuelist:ApprenticeIllusionMagician","theDuelist:MythicalBeast+1","theDuelist:FrontierWiseman"],"picked":"SKIP","floor":42.0},{"not_picked":["theDuelist:SpellShatteringArrow+1","theDuelist:OnslaughtFireKings+1","theDuelist:InfernoFireBlast"],"picked":"SKIP","floor":44.0},{"not_picked":["theDuelist:MistOrbCard","theDuelist:ReducerOrbCard","theDuelist:SummonerOrbCard"],"picked":"SKIP","floor":45.0},{"not_picked":["theDuelist:RainbowMagician+1","theDuelist:RainbowKuriboh","theDuelist:RainbowOverdragon"],"picked":"SKIP","floor":46.0},{"not_picked":["theDuelist:GiantTrapHole","theDuelist:PotDichotomy","theDuelist:Jinzo+1"],"picked":"SKIP","floor":47.0},{"not_picked":["theDuelist:BlizzardWarrior","theDuelist:InariFire+1"],"picked":"theDuelist:ExodiaLL","floor":48}],"player_experience":442841,"relics_obtained":[{"floor":6.0,"key":"War Paint"},{"floor":10.0,"key":"Oddly Smooth Stone"},{"floor":12.0,"key":"Darkstone Periapt"},{"floor":13.0,"key":"Gremlin Horn"},{"floor":26.0,"key":"theDuelist:SpellcasterStone"},{"floor":29.0,"key":"theDuelist:InversionRelic"},{"floor":32.0,"key":"Incense Burner"},{"floor":40.0,"key":"Omamori"},{"floor":42.0,"key":"CaptainsWheel"},{"floor":42.0,"key":"theDuelist:KaibaToken"},{"floor":43.0,"key":"Meat on the Bone"},{"floor":44.0,"key":"theDuelist:SummonAnchor"},{"floor":44.0,"key":"Letter Opener"},{"floor":49,"key":"theDuelist:ZombieRelic"}],"event_choices":[{"damage_healed":0.0,"max_hp_gain":0.0,"max_hp_loss":0.0,"gold_gain":0.0,"event_name":"Living Wall","player_choice":"Grow","floor":4.0,"gold_loss":0.0,"damage_taken":0.0,"cards_upgraded":["theDuelist:Yami"]},{"damage_healed":0.0,"max_hp_gain":0.0,"max_hp_loss":0.0,"gold_gain":0.0,"event_name":"Dead Adventurer","player_choice":"Searched \u00272\u0027 times","floor":13.0,"gold_loss":0.0,"damage_taken":0.0},{"max_hp_gain":0.0,"max_hp_loss":0.0,"total_magic_score":47.0,"gold_gain":0.0,"event_name":"Nameless Tomb","duelist":true,"floor":19.0,"gold_loss":0.0,"damage_taken":0.0,"cards_obtained":[],"relics_obtained":[],"points":1.0},{"damage_healed":0.0,"max_hp_gain":0.0,"max_hp_loss":0.0,"gold_gain":0.0,"event_name":"The Library","player_choice":"Read","floor":20.0,"gold_loss":0.0,"damage_taken":0.0,"cards_obtained":["theDuelist:GrandSpellbookTower"]},{"damage_healed":0.0,"max_hp_gain":0.0,"max_hp_loss":0.0,"gold_gain":0.0,"event_name":"The Mausoleum","player_choice":"Opened","floor":22.0,"gold_loss":0.0,"damage_taken":0.0,"relics_obtained":["Shovel"],"cards_obtained":["Writhe"]},{"damage_healed":0.0,"max_hp_gain":0.0,"max_hp_loss":0.0,"gold_gain":0.0,"event_name":"Ghosts","player_choice":"Ignored","floor":24.0,"gold_loss":0.0,"damage_taken":0.0},{"damage_healed":0.0,"max_hp_gain":0.0,"max_hp_loss":0.0,"gold_gain":0.0,"event_name":"Card Trader","player_choice":"Leave","duelist":true,"floor":36.0,"gold_loss":0.0,"damage_taken":0.0},{"damage_healed":0.0,"max_hp_gain":0.0,"max_hp_loss":0.0,"gold_gain":0.0,"event_name":"Tomb of Lord Red Mask","player_choice":"Paid","floor":38.0,"gold_loss":210.0,"damage_taken":0.0,"relics_obtained":["Red Mask"]},{"cards_removed":["theDuelist:Sparks"],"damage_healed":0.0,"max_hp_gain":0.0,"max_hp_loss":0.0,"gold_gain":0.0,"event_name":"Bonfire Elementals","player_choice":"Offered Basic","floor":39.0,"gold_loss":0.0,"damage_taken":0.0}],"is_beta":false,"boss_relics":[{"not_picked":["Tiny House","Runic Dome"],"picked":"Busted Crown"},{"not_picked":["Calling Bell","Inserter"],"picked":"Black Star"}],"items_purged_floors":[25,31],"is_endless":false,"potions_floor_spawned":[5,6,10,18,29,30,33,41,42,45],"ascension_level":0}}