{"host":"aaqofma31c3gm2hj","time":1609817019,"event":{"mods":["BaseMod","Minty Spire (QoL Compilation)","Replay The Spire","Spicy Shops","StSLib"],"gold_per_floor":[110,110,110,122,47,47,76,146,227,227,238,238,272,289,289,366,366,385,403,220,135,135,135,135],"floor_reached":23,"playtime":457,"items_purged":["Defend_P","Defend_P","Strike_P"],"score":494,"play_id":"36aa016d-3e87-474f-b1d9-404d2f61903b","local_time":"20210105112339","is_ascension_mode":true,"campfire_choices":[{"data":"Eruption","floor":6.0,"key":"SMITH"},{"floor":10.0,"key":"DIG"},{"floor":15,"key":"DIG"}],"circlet_count":0,"master_deck":["AscendersBane","Strike_P","Strike_P","Strike_P","Eruption+1","Vigilance","Replay:Hum","Conclude","MasterReality","Wallop","LessonLearned","Pray+1"],"relics":["PureWater","NeowsBlessing","Snack Pack","Replay:Multitool","Letter Opener","Replay:Accelerometer","Smiling Mask","Art of War","HornCleat","Replay:Bronze Core","Strange Spoon","Replay:Rubber Ducky","Pear"],"acts_visited":["Exordium","TheCity"],"potions_floor_usage":[16,18,19],"damage_taken":[{"damage":0.0,"enemies":"Small Slimes","floor":1.0,"turns":1.0},{"damage":0.0,"enemies":"2 Louse","floor":4.0,"turns":1.0},{"damage":0.0,"enemies":"3 Sentries","floor":7.0,"turns":1.0},{"damage":0.0,"enemies":"Cultist","floor":11.0,"turns":2.0},{"damage":12.0,"enemies":"Lagavulin","floor":13.0,"turns":4.0},{"damage":6.0,"enemies":"Exordium Thugs","floor":14.0,"turns":4.0},{"damage":31,"enemies":"Hexaghost","floor":16,"turns":9},{"damage":8,"enemies":"Shell Parasite","floor":18,"turns":2},{"damage":16,"enemies":"2 Thieves","floor":19,"turns":5},{"damage":0,"enemies":"Book of Stabbing","floor":23,"turns":1}],"seed_played":"3609918950219203661","potions_obtained":[{"floor":1.0,"key":"Death Potion"},{"floor":11.0,"key":"LiquidMemories"},{"floor":13.0,"key":"LifebloodPotion"},{"floor":16,"key":"BlessingOfTheForge"},{"floor":19,"key":"Ambrosia"}],"is_trial":false,"path_per_floor":["M","?","?","M","$","R","E","T","T","R","M","R","E","M","R","B",null,"M","M","$","?","T","E"],"character_chosen":"WATCHER","items_purchased":["Strange Spoon"],"campfire_rested":0,"item_purchase_floors":[20],"current_hp_per_floor":[61,56,56,56,56,56,58,58,58,58,60,60,52,50,50,25,57,53,39,39,39,49,51,51],"gold":135,"neow_bonus":"THREE_ENEMY_KILL","is_daily":false,"chose_seed":false,"campfire_upgraded":1,"win_rate":0.0,"timestamp":1609817019,"path_taken":["M","?","?","?","?","R","E","?","T","R","M","R","E","M","R","BOSS","M","M","$","?","?","E"],"items_purchased_type":["Relic"],"build_version":"2020-12-22","purchased_purges":3,"victory":false,"max_hp_per_floor":[68,68,68,68,68,68,68,68,68,68,68,68,68,68,68,68,68,68,68,68,68,78,78,78],"card_choices":[{"not_picked":["BattleHymn","EmptyFist"],"picked":"Replay:Hum","floor":1.0},{"not_picked":["CrushJoints","ClearTheMind"],"picked":"Conclude","floor":4.0},{"not_picked":["Replay:BluntJabs","CrushJoints","Evaluate"],"picked":"SKIP","floor":7.0},{"not_picked":["Consecrate","Replay:Anticipation","Protect"],"picked":"SKIP","floor":11.0},{"not_picked":["DeceiveReality","ReachHeaven","Evaluate"],"picked":"SKIP","floor":13.0},{"not_picked":["Pray","Replay:AllIn"],"picked":"Wallop","floor":14.0},{"not_picked":["Alpha","Omniscience"],"picked":"LessonLearned","floor":16},{"not_picked":["Protect","Pray","Sanctity"],"picked":"SKIP","floor":18},{"not_picked":["Protect","Sanctity"],"picked":"Pray","floor":18},{"not_picked":["Consecrate","PathToVictory","Replay:AtTheReady"],"picked":"SKIP","floor":19}],"player_experience":553989,"relics_obtained":[{"floor":7.0,"key":"Replay:Multitool"},{"floor":8.0,"key":"Letter Opener"},{"floor":9.0,"key":"Replay:Accelerometer"},{"floor":10.0,"key":"Smiling Mask"},{"floor":13.0,"key":"Art of War"},{"floor":15,"key":"HornCleat"},{"floor":22,"key":"Pear"}],"event_choices":[{"damage_healed":0.0,"max_hp_gain":0.0,"max_hp_loss":0.0,"gold_gain":0.0,"event_name":"Scrap Ooze","player_choice":"Success","floor":2.0,"gold_loss":0.0,"damage_taken":5.0,"relics_obtained":["Snack Pack"]},{"cards_removed":["Defend_P"],"damage_healed":0.0,"max_hp_gain":0.0,"max_hp_loss":0.0,"gold_gain":0.0,"event_name":"Purifier","player_choice":"Purged","floor":3.0,"gold_loss":0.0,"damage_taken":0.0},{"damage_healed":0,"gold_gain":0,"player_choice":"Obtained Relic","damage_taken":0,"relics_obtained":["Replay:Rubber Ducky"],"max_hp_gain":0,"max_hp_loss":0,"event_name":"Addict","floor":21,"gold_loss":85}],"is_beta":false,"boss_relics":[{"not_picked":["ChewingGum","Kintsugi"],"picked":"Replay:Bronze Core"}],"items_purged_floors":[5,20,20],"is_endless":false,"potions_floor_spawned":[1,11,13,16,19],"killed_by":"Book of Stabbing","ascension_level":20}}