{"host":"crmowuwgj9wiiaqp","time":1609826548,"event":{"mods":["Act Like it!","BaseMod","Gensokyo","Mathematician","Mathemortician","Minty Spire (QoL Compilation)","Potionbrewer","StSLib","The Noble Warrior"],"gold_per_floor":[114,114,114,127,127,127,140,140,163,181,1,1,1,44,44,170,170,193,0,24,2,27,27,62,385,385,175,199,214,214,214,214,339,339,359,359,382,382,4,35,35,50,50,50,70,23,41,80,80,80,80,80,11,49,49,49],"floor_reached":55,"playtime":3742,"items_purged":["NobleWarrior:StrikeNW","NobleWarrior:StrikeNW","NobleWarrior:Rush+1"],"score":645,"play_id":"0e4b321e-79ce-4a87-b78a-a3e7fbf8c9d2","local_time":"20210104230228","is_ascension_mode":false,"campfire_choices":[{"data":"NobleWarrior:ChargeUp","floor":6,"key":"SMITH"},{"data":"NobleWarrior:BalancedStrike","floor":8,"key":"SMITH"},{"data":"NobleWarrior:Fury","floor":13,"key":"SMITH"},{"data":"NobleWarrior:IntoShadows","floor":15,"key":"SMITH"},{"data":"NobleWarrior:DefendNW","floor":23,"key":"SMITH"},{"data":"NobleWarrior:DrawOutMuramasa","floor":30,"key":"SMITH"},{"data":"NobleWarrior:SeekCover","floor":32,"key":"SMITH"},{"floor":41,"key":"REST"},{"data":"NobleWarrior:GainHeight","floor":44,"key":"SMITH"},{"floor":49,"key":"RECALL"},{"data":"NobleWarrior:CounterFlood","floor":52,"key":"SMITH"}],"circlet_count":0,"master_deck":["NobleWarrior:StrikeNW+1","NobleWarrior:StrikeNW+1","NobleWarrior:DefendNW+1","NobleWarrior:DefendNW","NobleWarrior:DefendNW","NobleWarrior:BalancedStrike+1","NobleWarrior:ChargeUp+1","NobleWarrior:StealArmor+1","NobleWarrior:ShieldBreak+1","NobleWarrior:BombToss","NobleWarrior:IntoShadows+1","NobleWarrior:WildShot","NobleWarrior:SpinFist","NobleWarrior:Pitfall","NobleWarrior:CounterFlood+1","NobleWarrior:SeekCover+1","NobleWarrior:DrawOutMuramasa+1","Dash","NobleWarrior:GainHeight+1","NobleWarrior:UnlimitedArsenal+1","NobleWarrior:UnlimitedArsenal+1","NobleWarrior:Kamaitachi+1","Flash of Steel","NobleWarrior:MountingFury","NobleWarrior:PiercingShot"],"relics":["NobleWarrior:BroadSword","Bag of Preparation","Golden Idol","Regal Pillow","Lizard Tail","Busted Crown","Unceasing Top","Astrolabe","Anchor","The Courier","Meat on the Bone","Oddly Smooth Stone","potionbrewer:BottledElixir","Nunchaku"],"acts_visited":["Exordium","Exordium","Gensokyo:Gensokyoer","TheEnding"],"potions_floor_usage":[16,24,48,55,55,55],"damage_taken":[{"damage":3,"enemies":"Small Slimes","floor":1,"turns":3},{"damage":6,"enemies":"2 Louse","floor":4,"turns":3},{"damage":0,"enemies":"Cultist","floor":7,"turns":3},{"damage":1,"enemies":"Lots of Slimes","floor":10,"turns":4},{"damage":0,"enemies":"Gremlin Nob","floor":14,"turns":4},{"damage":0,"enemies":"Slime Boss","floor":16,"turns":8},{"damage":0,"enemies":"Gensokyo:Chomper","floor":18,"turns":3},{"damage":6,"enemies":"Gensokyo:2_Gloops","floor":20,"turns":4},{"damage":0,"enemies":"Gensokyo:Swordslinger","floor":22,"turns":5},{"damage":12,"enemies":"Gensokyo:Tenshi","floor":24,"turns":5},{"damage":1,"enemies":"Gensokyo:Wraith","floor":25,"turns":5},{"damage":17,"enemies":"Gensokyo:Slime_Group","floor":28,"turns":6},{"damage":0,"enemies":"Gensokyo:Swordslinger","floor":29,"turns":5},{"damage":16,"enemies":"Gensokyo:Kaguya","floor":33,"turns":11},{"damage":6,"enemies":"Gensokyo:AncientGuardian","floor":35,"turns":5},{"damage":18,"enemies":"Gensokyo:3_Boulders","floor":37,"turns":5},{"damage":33,"enemies":"Gensokyo:Doremy","floor":40,"turns":6},{"damage":17,"enemies":"Gensokyo:SeedOfUnknown","floor":42,"turns":5},{"damage":4,"enemies":"Gensokyo:Sharpion","floor":45,"turns":6},{"damage":15,"enemies":"Gensokyo:3_Boulders","floor":47,"turns":6},{"damage":13,"enemies":"Gensokyo:Kasen","floor":48,"turns":6},{"damage":16,"enemies":"Shield and Spear","floor":54,"turns":5},{"damage":123,"enemies":"The Heart","floor":55,"turns":9}],"seed_played":"-5700888774392027838","potions_obtained":[{"floor":1,"key":"potionbrewer:AcidPotion"},{"floor":4,"key":"Weak Potion"},{"floor":10,"key":"potionbrewer:HastePotion"},{"floor":22,"key":"FairyPotion"},{"floor":25,"key":"potionbrewer:NoxiousPotion"},{"floor":29,"key":"CultistPotion"},{"floor":47,"key":"Dexterity Potion"},{"floor":54,"key":"DuplicationPotion"}],"is_trial":false,"path_per_floor":["M","?","?","M","?","R","M","R","T","M","$","?","R","E","R","B",null,"M","?","M","COS","M","R","E","M","T","$","M","M","R","?","R","B",null,"M","?","M","?","$","E","R","M","T","R","M","COS","M","E","R","B",null,"R","$","E","B"],"character_chosen":"NOBLEWARRIOR_CLASS","items_purchased":["NobleWarrior:Fury","NobleWarrior:IntoShadows","NobleWarrior:CounterFlood","NobleWarrior:SeekCover","Anchor","Flash of Steel","NobleWarrior:MountingFury","NobleWarrior:PiercingShot"],"campfire_rested":1,"item_purchase_floors":[11,11,27,27,39,39,53,53],"current_hp_per_floor":[79,76,56,50,55,55,55,55,55,54,54,37,37,37,37,37,87,87,87,81,81,81,81,69,68,68,68,51,51,51,51,51,35,87,81,81,63,63,63,30,71,54,54,54,50,50,47,46,46,46,87,87,87,71,0,0],"gold":49,"neow_bonus":"TEN_PERCENT_HP_BONUS","is_daily":false,"chose_seed":false,"campfire_upgraded":9,"win_rate":0.0,"timestamp":1609826548,"path_taken":["M","?","?","M","?","R","M","R","T","M","$","?","R","E","R","BOSS","M","?","M","COS","?","R","E","M","T","$","?","M","R","?","R","BOSS","M","?","M","?","?","E","R","M","T","R","M","COS","M","E","R","BOSS","R","$","E","BOSS"],"items_purchased_type":["Card","Card","Card","Card","Relic","Card","Card","Card"],"build_version":"2020-12-22","purchased_purges":3,"victory":false,"max_hp_per_floor":[82,82,82,82,87,87,87,87,87,87,87,87,87,87,87,87,87,87,87,87,87,87,87,87,87,87,87,87,87,87,87,87,87,87,87,87,87,87,87,87,87,87,87,87,87,87,87,87,87,87,87,87,87,87,87,87],"card_choices":[{"not_picked":["NobleWarrior:Accumulate","NobleWarrior:RepeatingFist"],"picked":"NobleWarrior:ChargeUp","floor":1},{"not_picked":["NobleWarrior:SpeedBreak","NobleWarrior:Jump"],"picked":"NobleWarrior:StealArmor","floor":4},{"not_picked":["NobleWarrior:StealArmor","NobleWarrior:BalancedStrike"],"picked":"NobleWarrior:ShieldBreak","floor":7},{"not_picked":["NobleWarrior:Utsusemi","NobleWarrior:VenomShot"],"picked":"NobleWarrior:BombToss","floor":10},{"not_picked":["NobleWarrior:Disillusion","NobleWarrior:Reflexes"],"picked":"NobleWarrior:Sift","floor":14},{"not_picked":["NobleWarrior:DrawOutChirijiraden","NobleWarrior:Infiltrate"],"picked":"NobleWarrior:WildShot","floor":16},{"not_picked":["NobleWarrior:BodyLanguage"],"picked":"SKIP","floor":18},{"not_picked":["NobleWarrior:StealGil+1"],"picked":"SKIP","floor":20},{"not_picked":["NobleWarrior:DrawOutAmeNoMurakumo"],"picked":"SKIP","floor":22},{"not_picked":[],"picked":"NobleWarrior:SpinFist","floor":24},{"not_picked":[],"picked":"NobleWarrior:Pitfall","floor":25},{"not_picked":["NobleWarrior:Salve"],"picked":"SKIP","floor":28},{"not_picked":[],"picked":"NobleWarrior:DrawOutMuramasa","floor":29},{"not_picked":[],"picked":"NobleWarrior:GainHeight","floor":33},{"not_picked":["NobleWarrior:DrawOutKoutetsu"],"picked":"SKIP","floor":35},{"not_picked":[],"picked":"NobleWarrior:Kamaitachi+1","floor":37},{"not_picked":["NobleWarrior:StealGil"],"picked":"SKIP","floor":40},{"not_picked":["NobleWarrior:PowerBreak+1"],"picked":"SKIP","floor":42},{"not_picked":["NobleWarrior:WithKnives"],"picked":"SKIP","floor":45},{"not_picked":["NobleWarrior:ShieldBreak"],"picked":"SKIP","floor":47},{"not_picked":["NobleWarrior:DrawOutKoutetsu+1"],"picked":"SKIP","floor":48},{"not_picked":["NobleWarrior:MindBreak"],"picked":"SKIP","floor":54}],"player_experience":1433103,"relics_obtained":[{"floor":9,"key":"Regal Pillow"},{"floor":14,"key":"Lizard Tail"},{"floor":24,"key":"Unceasing Top"},{"floor":40,"key":"The Courier"},{"floor":43,"key":"Meat on the Bone"},{"floor":48,"key":"Oddly Smooth Stone"},{"floor":54,"key":"Nunchaku"}],"event_choices":[{"damage_healed":0,"gold_gain":0,"player_choice":"Success","damage_taken":3,"relics_obtained":["Bag of Preparation"],"max_hp_gain":0,"max_hp_loss":0,"event_name":"Scrap Ooze","floor":2,"gold_loss":0},{"damage_healed":0,"gold_gain":0,"player_choice":"Take Damage","damage_taken":20,"relics_obtained":["Golden Idol"],"max_hp_gain":0,"max_hp_loss":0,"event_name":"Golden Idol","floor":3,"gold_loss":0},{"damage_healed":0,"gold_gain":0,"player_choice":"Donut","damage_taken":0,"max_hp_gain":5,"max_hp_loss":0,"event_name":"Big Fish","floor":5,"gold_loss":0},{"damage_healed":0,"gold_gain":0,"player_choice":"Entered Light","damage_taken":17,"max_hp_gain":0,"max_hp_loss":0,"event_name":"Shining Light","floor":12,"gold_loss":0,"cards_upgraded":["NobleWarrior:ShieldBreak","NobleWarrior:StrikeNW"]}],"is_beta":false,"boss_relics":[{"not_picked":["Empty Cage","Cursed Key"],"picked":"Busted Crown"},{"not_picked":["Snecko Eye","Black Star"],"picked":"Astrolabe"}],"items_purged_floors":[11,27,39],"is_endless":false,"potions_floor_spawned":[1,4,10,22,25,29,35,42,47,54],"killed_by":"The Heart","ascension_level":0}}