{"host":"a0paspe0zwqgzttz","time":1609877205,"event":{"mods":["AchievementEnabler","Act Like it!","BaseMod","BetterRewards","Colored Powertips","Conspire","Downfall","GifTheSpireLib","Hermit","Highlight Path","Lobotomy","Marisa????????","Minty Spire (QoL Compilation)","Quick Restart","Replay The Spire","Robot Space Explorer","Shop Mod","StSLib","SuperFastMode","The Bug Knight","The Construct","The Cursed","The Hierophant","The Jungle","The Mystic","The Necromancer","The Runesmith","The Senshi","The Servant 0.9.4"],"gold_per_floor":[110,110,10,90,141,141,183,183,183,183,200,52,52,65,30,62,62],"floor_reached":16,"playtime":449,"items_purged":[],"score":98,"play_id":"df091d7d-da4d-4bac-8153-6db14f613ab1","local_time":"20210105150645","is_ascension_mode":false,"campfire_choices":[{"data":"conspire:SpireCoStock","floor":6,"key":"SMITH"},{"data":"hermit:BlackWind","floor":8,"key":"SMITH"},{"data":"conspire:SpireCoStock","floor":10,"key":"SMITH"},{"data":"hermit:Snapshot","floor":13,"key":"SMITH"}],"circlet_count":0,"master_deck":["hermit:Strike_Hermit","hermit:Strike_Hermit","hermit:Strike_Hermit","hermit:Strike_Hermit","hermit:Defend_Hermit","hermit:Defend_Hermit","hermit:Defend_Hermit","hermit:Defend_Hermit","hermit:Snapshot+1","hermit:Covet","sneckomod:Bewildered","hermit:GoldenBullet+1","conspire:SpireCoStock+1","conspire:SpireCoStock+1","hermit:ShadowCloak+1","hermit:BlackWind+1","hermit:LowProfile+1","hermit:EyeOfTheStorm"],"relics":["hermit:Momento","Pocketwatch","ReplayTheSpireMod:Lightbulb","Guide Book"],"acts_visited":["Exordium"],"potions_floor_usage":[7,16],"damage_taken":[{"damage":12,"enemies":"Small Slimes","floor":1,"turns":5},{"damage":5,"enemies":"2 Louse","floor":5,"turns":4},{"damage":30,"enemies":"Gremlin Nob","floor":7,"turns":5},{"damage":0,"enemies":"Jaw Worm","floor":11,"turns":2},{"damage":0,"enemies":"2 Fungi Beasts","floor":14,"turns":1},{"damage":49,"enemies":"The Guardian","floor":16,"turns":12}],"seed_played":"-1815927131048254591","potions_obtained":[{"floor":1,"key":"LiquidMemories"},{"floor":7,"key":"Weak Potion"}],"is_trial":false,"path_per_floor":["M","?","?","?","M","R","E","R","T","R","M","$","R","M","R","B"],"character_chosen":"HERMIT","items_purchased":["Guide Book"],"campfire_rested":0,"item_purchase_floors":[12],"current_hp_per_floor":[63,63,63,63,58,58,28,28,28,28,28,28,28,28,46,0,0],"gold":62,"neow_bonus":"ONE_RARE_RELIC","is_daily":false,"chose_seed":false,"campfire_upgraded":4,"win_rate":0.0,"timestamp":1609877205,"path_taken":["M","?","?","?","?","R","E","R","T","R","M","$","R","M","R","BOSS"],"items_purchased_type":["Relic"],"build_version":"2020-12-22","purchased_purges":0,"victory":false,"max_hp_per_floor":[75,75,75,75,75,75,75,75,75,75,75,75,75,75,75,75,75],"card_choices":[{"not_picked":["hermit:TrackingShot","hermit:NoHoldsBarred"],"picked":"hermit:GoldenBullet","floor":1},{"not_picked":["hermit:TrackingShot","hermit:Manifest"],"picked":"hermit:ShadowCloak","floor":5},{"not_picked":["hermit:TakeCover","hermit:Vantage"],"picked":"hermit:BlackWind","floor":7},{"not_picked":["hermit:Ricochet","hermit:Headshot"],"picked":"hermit:LowProfile","floor":11},{"not_picked":["hermit:Combo","hermit:Headshot"],"picked":"hermit:EyeOfTheStorm","floor":14}],"player_experience":388298,"relics_obtained":[{"floor":7,"key":"ReplayTheSpireMod:Lightbulb"}],"event_choices":[{"damage_healed":0,"gold_gain":0,"player_choice":"Grow","damage_taken":0,"max_hp_gain":0,"max_hp_loss":0,"event_name":"Living Wall","floor":2,"gold_loss":0,"cards_upgraded":["hermit:GoldenBullet"]},{"damage_healed":0,"gold_gain":0,"player_choice":"Invest 2","damage_taken":0,"max_hp_gain":0,"max_hp_loss":0,"event_name":"conspire:Investor","floor":3,"gold_loss":0},{"damage_healed":0,"gold_gain":80,"player_choice":"Gained Gold","damage_taken":0,"max_hp_gain":0,"max_hp_loss":0,"event_name":"Golden Wing","floor":4,"gold_loss":0},{"damage_healed":18,"gold_gain":0,"player_choice":"Healed","damage_taken":0,"max_hp_gain":0,"max_hp_loss":0,"event_name":"The Cleric","floor":15,"gold_loss":35}],"is_beta":false,"boss_relics":[],"items_purged_floors":[],"is_endless":false,"potions_floor_spawned":[1,7],"killed_by":"The Guardian","ascension_level":0}}