{"host":"nptej036rrbiurf5","time":1609811273,"event":{"mods":["BaseMod","Colored Map","Colored Powertips","DeckTracker","Minty Spire (QoL Compilation)","StSLib","SuperFastMode"],"gold_per_floor":[12,12,12,25,43,43,71,82,82,82,98,98,398,418,418,489,489,500,500,500,500,220,220,232,232,232,61,77,107,122,152,152,228,228,244,544,31,48,66,66,93,93,173,189,215,215,0,15,15,15,15,15,15,15,41,41,41],"floor_reached":56,"playtime":1725,"items_purged":["Strike_R","Strike_R"],"score":1965,"play_id":"5297cddb-d910-4cf0-9746-c32d513c22e9","local_time":"20210105104753","is_ascension_mode":true,"campfire_choices":[{"data":"1","floor":6.0,"key":"LIFT"},{"data":"2","floor":10.0,"key":"LIFT"},{"data":"3","floor":12.0,"key":"LIFT"},{"data":"Heavy Blade","floor":15.0,"key":"SMITH"},{"data":"Limit Break","floor":23,"key":"SMITH"},{"data":"Inflame","floor":25,"key":"SMITH"},{"data":"Master of Strategy","floor":32,"key":"SMITH"},{"floor":40,"key":"RECALL"},{"floor":42,"key":"REST"},{"data":"Offering","floor":46,"key":"SMITH"},{"data":"Dual Wield","floor":49,"key":"SMITH"},{"data":"Disarm","floor":53,"key":"SMITH"}],"circlet_count":0,"master_deck":["AscendersBane","Strike_R","Strike_R","Defend_R","Defend_R","Defend_R","Bash","Disarm","Disarm+1","Inflame+1","Spot Weakness","Heavy Blade+1","Twin Strike","Limit Break+1","Impervious","Shrug It Off","Master of Strategy+1","Reaper","Bloodletting","Dual Wield+1","Sword Boomerang","Feel No Pain","Offering+1","Battle Trance"],"relics":["Burning Blood","Girya","Bag of Marbles","Ornamental Fan","Old Coin","Sozu","Sling","Tiny Chest","Self Forming Clay","Runic Dome","Dead Branch","Toy Ornithopter","Bottled Flame","Letter Opener","Red Mask","Bag of Preparation"],"acts_visited":["Exordium","TheCity","TheBeyond","TheEnding"],"potions_floor_usage":[],"damage_taken":[{"damage":5.0,"enemies":"Small Slimes","floor":1.0,"turns":3.0},{"damage":4.0,"enemies":"Cultist","floor":4.0,"turns":3.0},{"damage":6.0,"enemies":"Jaw Worm","floor":5.0,"turns":5.0},{"damage":42.0,"enemies":"3 Sentries","floor":7.0,"turns":7.0},{"damage":2.0,"enemies":"Exordium Thugs","floor":8.0,"turns":4.0},{"damage":5.0,"enemies":"2 Fungi Beasts","floor":11.0,"turns":3.0},{"damage":8.0,"enemies":"Large Slime","floor":14.0,"turns":4.0},{"damage":19.0,"enemies":"The Guardian","floor":16.0,"turns":6.0},{"damage":11.0,"enemies":"Spheric Guardian","floor":18.0,"turns":3.0},{"damage":10,"enemies":"2 Thieves","floor":24,"turns":3},{"damage":18,"enemies":"Snake Plant","floor":28,"turns":4},{"damage":8,"enemies":"Book of Stabbing","floor":29,"turns":4},{"damage":4,"enemies":"3 Cultists","floor":30,"turns":4},{"damage":39,"enemies":"Slavers","floor":31,"turns":5},{"damage":82,"enemies":"Automaton","floor":33,"turns":8},{"damage":17,"enemies":"Orb Walker","floor":35,"turns":3},{"damage":32,"enemies":"3 Darklings","floor":38,"turns":4},{"damage":32,"enemies":"Spire Growth","floor":39,"turns":4},{"damage":60,"enemies":"Giant Head","floor":41,"turns":7},{"damage":12,"enemies":"Maw","floor":44,"turns":6},{"damage":23,"enemies":"Reptomancer","floor":45,"turns":4},{"damage":10,"enemies":"4 Shapes","floor":48,"turns":4},{"damage":47,"enemies":"Awakened One","floor":50,"turns":6},{"damage":55,"enemies":"Time Eater","floor":51,"turns":7},{"damage":17,"enemies":"Shield and Spear","floor":55,"turns":5},{"damage":90,"enemies":"The Heart","floor":56,"turns":5}],"seed_played":"2306959544309114066","potions_obtained":[{"floor":4.0,"key":"PowerPotion"},{"floor":5.0,"key":"Energy Potion"},{"floor":11.0,"key":"Regen Potion"}],"is_trial":false,"path_per_floor":["M","?","?","M","M","R","E","M","T","R","M","R","?","M","R","B",null,"M","?","?","?","$","R","M","R","T","$","M","E","M","E","R","B",null,"M","?","$","M","M","R","E","R","T","M","E","R","?","M","R","B","B",null,"R","$","E","B"],"character_chosen":"IRONCLAD","items_purchased":["Master of Strategy","Sling","Dead Branch","Feel No Pain"],"campfire_rested":1,"item_purchase_floors":[22,27,37,37],"current_hp_per_floor":[69,69,69,71,71,71,35,39,39,39,40,40,40,38,38,25,63,58,58,58,58,58,58,54,54,54,54,42,40,72,60,60,69,74,75,75,75,75,75,75,21,43,43,58,58,58,58,60,60,62,29,64,64,64,73,0,0],"gold":41,"neow_bonus":"ONE_RARE_RELIC","is_daily":false,"chose_seed":false,"campfire_upgraded":7,"win_rate":0.0,"timestamp":1609811273,"path_taken":["M","?","?","M","?","R","E","M","T","R","M","R","?","M","R","BOSS","M","?","?","?","$","R","?","R","T","?","?","E","M","E","R","BOSS","M","?","$","?","M","R","E","R","T","M","E","R","?","M","R","BOSS","BOSS","R","$","E","BOSS"],"items_purchased_type":["Card","Relic","Relic","Card"],"build_version":"2020-12-22","purchased_purges":2,"victory":false,"max_hp_per_floor":[75,75,75,75,75,75,75,75,75,75,75,75,75,75,75,75,75,75,75,75,75,75,75,75,75,75,75,75,75,75,75,75,75,75,75,75,75,75,75,75,75,75,75,75,75,75,75,75,75,75,75,75,75,75,75,75,75],"card_choices":[{"not_picked":["Iron Wave","Rage"],"picked":"Disarm","floor":1.0},{"not_picked":["Infernal Blade","Iron Wave"],"picked":"Disarm","floor":4.0},{"not_picked":["Flex","Perfected Strike"],"picked":"Inflame","floor":5.0},{"not_picked":["Burning Pact","Intimidate"],"picked":"Spot Weakness","floor":7.0},{"not_picked":["Rupture","Pommel Strike"],"picked":"Heavy Blade","floor":8.0},{"not_picked":["Thunderclap","True Grit","Clothesline"],"picked":"SKIP","floor":11.0},{"not_picked":["Headbutt","Infernal Blade"],"picked":"Twin Strike","floor":14.0},{"not_picked":["Feed","Demon Form"],"picked":"Limit Break","floor":16.0},{"not_picked":["True Grit","Headbutt","Reckless Charge"],"picked":"SKIP","floor":18.0},{"not_picked":["Reckless Charge","Clash","Clothesline"],"picked":"SKIP","floor":24},{"not_picked":["Headbutt+1","Armaments","Carnage"],"picked":"SKIP","floor":28},{"not_picked":["Dropkick","Intimidate"],"picked":"Reaper","floor":29},{"not_picked":["Warcry","Rage"],"picked":"Bloodletting","floor":30},{"not_picked":["Sword Boomerang","Clothesline"],"picked":"Dual Wield","floor":31},{"not_picked":["Dropkick","Wild Strike"],"picked":"Sword Boomerang","floor":35},{"not_picked":["Body Slam","Perfected Strike","Pommel Strike"],"picked":"SKIP","floor":38},{"not_picked":["Pommel Strike","Rupture","Armaments"],"picked":"SKIP","floor":39},{"not_picked":["Rage+1","Reckless Charge+1","Whirlwind"],"picked":"SKIP","floor":41},{"not_picked":["Warcry","Cleave","Sword Boomerang"],"picked":"SKIP","floor":44},{"not_picked":["Barricade","Carnage"],"picked":"Offering","floor":45},{"not_picked":["Warcry","Disarm","Wild Strike"],"picked":"SKIP","floor":48},{"not_picked":["Armaments","Cleave"],"picked":"Battle Trance","floor":55}],"player_experience":876418,"relics_obtained":[{"floor":7.0,"key":"Bag of Marbles"},{"floor":9.0,"key":"Ornamental Fan"},{"floor":29,"key":"Tiny Chest"},{"floor":31,"key":"Self Forming Clay"},{"floor":41,"key":"Toy Ornithopter"},{"floor":43,"key":"Bottled Flame"},{"floor":45,"key":"Letter Opener"},{"floor":55,"key":"Bag of Preparation"}],"event_choices":[{"cards_removed":["Strike_R"],"damage_healed":0.0,"max_hp_gain":0.0,"max_hp_loss":0.0,"gold_gain":0.0,"event_name":"Living Wall","player_choice":"Forget","floor":2.0,"gold_loss":0.0,"damage_taken":0.0},{"cards_removed":["Defend_R"],"damage_healed":0.0,"max_hp_gain":0.0,"max_hp_loss":0.0,"gold_gain":0.0,"event_name":"Purifier","player_choice":"Purged","floor":3.0,"gold_loss":0.0,"damage_taken":0.0},{"damage_healed":0.0,"max_hp_gain":0.0,"max_hp_loss":0.0,"gold_gain":0.0,"event_name":"WeMeetAgain","player_choice":"Gave Potion","floor":13.0,"gold_loss":0.0,"damage_taken":0.0,"relics_obtained":["Old Coin"]},{"damage_healed":0.0,"max_hp_gain":0.0,"max_hp_loss":0.0,"gold_gain":0.0,"event_name":"Vampires","player_choice":"Ignored","floor":19.0,"gold_loss":0.0,"damage_taken":0.0},{"damage_healed":0.0,"max_hp_gain":0.0,"max_hp_loss":0.0,"gold_gain":0.0,"event_name":"Ghosts","player_choice":"Ignored","floor":20.0,"gold_loss":0.0,"damage_taken":0.0},{"damage_healed":0,"gold_gain":0,"player_choice":"2 cards matched","damage_taken":0,"max_hp_gain":0,"max_hp_loss":0,"event_name":"Match and Keep!","floor":21,"gold_loss":0,"cards_obtained":["Impervious","Shrug It Off"]},{"damage_healed":0,"gold_gain":300,"player_choice":"Gold","damage_taken":0,"max_hp_gain":0,"max_hp_loss":0,"event_name":"Wheel of Change","floor":36,"gold_loss":0},{"damage_healed":0,"gold_gain":0,"player_choice":"Paid","damage_taken":0,"relics_obtained":["Red Mask"],"max_hp_gain":0,"max_hp_loss":0,"event_name":"Tomb of Lord Red Mask","floor":47,"gold_loss":215}],"is_beta":false,"boss_relics":[{"not_picked":["Fusion Hammer","Snecko Eye"],"picked":"Sozu"},{"not_picked":["Busted Crown","Cursed Key"],"picked":"Runic Dome"}],"items_purged_floors":[22,37],"is_endless":false,"potions_floor_spawned":[4,5,11,30,31,33,38,39,41,45],"killed_by":"The Heart","ascension_level":20}}