{"host":"5s7sm4h73jkd9266","time":1609840682,"event":{"mods":["AchievementEnabler","Bartender","BaseMod","Better Match","Better Vampires","BetterRewards","Colored Map","Colored Powertips","Conspire","Downfall","Energized Spire","GifTheSpireLib","Hermit","Hubris","Magitek Elite","Marisa????????","Melee Mod","Minty Spire (QoL Compilation)","Potion Indicator Mod","Rare Cards Sparkle","Relic Stats","Replay The Spire","Robot Space Explorer","Shop Mod","StSLib","Stuff the Spire","The Bladedancer","The Blue Laboratory","The Cursed","The Disciple","The Dragon Tamer","The Forsaken","The Necromancer","The Wild Card","The Witch","Virulent Crown","everything is the same but u backflip on backflip","slay the spire mod where everything is the same but ironclad has a cowboy hat","vexMod"],"gold_per_floor":[116,116,18,29,48,48,68,83,83,83,83,94,94,94,94,191,191,206,206,222,222,222,222,253,268,315,315,325,40,54,54,54,54,54],"floor_reached":33,"playtime":12834,"items_purged":[],"score":257,"play_id":"5f1d7d42-f214-44b3-b9d6-ce7fd833b963","local_time":"20210105045802","is_ascension_mode":false,"campfire_choices":[{"data":"theWildCard:PaleRider","floor":6.0,"key":"SMITH"},{"floor":10.0,"key":"REST"},{"data":"Butterfly_Float","floor":13.0,"key":"SMITH"},{"floor":15.0,"key":"REST"},{"floor":23.0,"key":"REST"},{"floor":27.0,"key":"REST"},{"floor":32,"key":"REST"}],"circlet_count":0,"master_deck":["Strike_Bartender+1","Strike_Bartender+1","Strike_Bartender+1","Strike_Bartender+1","Defend_Bartender","Defend_Bartender","Defend_Bartender","Defend_Bartender","Somersault","Training_Dummy","theWildCard:PaleRider+1","Free_Pour","Foot_Thrust","Raptor_Form","Pony_Shot+1","Dancing_Jab+1","Butterfly_Float+1","Form_Shift","RockBreaker","Shame","Dragonkick","With_A_Twist","Spirits_Within","Free_Pour+1","Center_Self+1","Blizzard_Spikes+1","expansioncontent:CaCaw","ReplayTheSpireMod:Necrogeddon","Stick_and_Move+1"],"relics":["Sneakers","Replay:Bottled Eggs","hubris:SlimyHat","SacredBark","hubris:TinFlute","conspire:GiftBox","Whetstone","Replay:Baseball"],"acts_visited":["Exordium","TheCity"],"potions_floor_usage":[],"damage_taken":[{"damage":6.0,"enemies":"Jaw Worm","floor":1.0,"turns":3.0},{"damage":4.0,"enemies":"2 Louse","floor":4.0,"turns":3.0},{"damage":0.0,"enemies":"Small Slimes","floor":5.0,"turns":3.0},{"damage":11.0,"enemies":"Exordium Wildlife","floor":7.0,"turns":6.0},{"damage":12.0,"enemies":"Blue Slaver","floor":8.0,"turns":2.0},{"damage":6.0,"enemies":"Looter","floor":12.0,"turns":2.0},{"damage":44.0,"enemies":"The Guardian","floor":16.0,"turns":9.0},{"damage":14.0,"enemies":"2 Thieves","floor":18.0,"turns":3.0},{"damage":4.0,"enemies":"Spheric Guardian","floor":20.0,"turns":3.0},{"damage":46.0,"enemies":"Book of Stabbing","floor":24.0,"turns":7.0},{"damage":10.0,"enemies":"Centurion and Healer","floor":25.0,"turns":5.0},{"damage":9.0,"enemies":"Snake Plant","floor":28.0,"turns":5.0},{"damage":21.0,"enemies":"Cultist and Chosen","floor":30.0,"turns":6.0},{"damage":37,"enemies":"conspire:MysteriousRune","floor":33,"turns":10}],"seed_played":"-4388880432824807740","potions_obtained":[{"floor":1.0,"key":"Venom Potion"},{"floor":12.0,"key":"Fire Potion"},{"floor":24.0,"key":"Reflective Coating"},{"floor":25.0,"key":"Block Potion"}],"is_trial":false,"path_per_floor":["M","?","$","M","M","R","M","M","T","R","?","M","R","?","R","B",null,"M","?","M","?","T","R","E","M","T","R","M","$","M","?","R","B"],"character_chosen":"BARTENDER","items_purchased":["Free_Pour","blueLaboratory:PolymorphPotion","expansioncontent:CaCaw","ReplayTheSpireMod:Necrogeddon"],"campfire_rested":5,"item_purchase_floors":[3,3,29,29],"current_hp_per_floor":[71,71,71,67,67,67,56,44,44,67,67,61,61,49,72,28,77,63,63,59,59,59,77,31,21,21,44,35,35,14,14,37,0,0],"gold":54,"neow_bonus":"TEN_PERCENT_HP_BONUS","is_daily":false,"chose_seed":false,"campfire_upgraded":2,"win_rate":0.0,"timestamp":1609840682,"path_taken":["M","?","$","M","M","R","M","M","T","R","?","M","R","?","R","BOSS","M","?","M","?","?","R","E","M","T","R","M","$","M","?","R","BOSS"],"items_purchased_type":["Card","Potion","Card","Card"],"build_version":"2020-12-22","purchased_purges":0,"victory":false,"max_hp_per_floor":[77,77,77,77,77,77,77,77,77,77,77,77,77,77,77,77,77,77,77,77,77,77,77,77,77,77,77,77,77,77,77,77,77,77],"relic_stats":{"counters":[14,66],"Whetstone":["Dancing_Jab","Pony_Shot"],"obtain_stats":[{"conspire:GiftBox":22,"Replay:Baseball":26,"Sneakers":0,"SacredBark":17,"hubris:SlimyHat":14,"Whetstone":24,"Replay:Bottled Eggs":9,"hubris:TinFlute":19},{"conspire:GiftBox":9,"Replay:Baseball":11,"Sneakers":0,"SacredBark":7,"hubris:SlimyHat":6,"Whetstone":10,"Replay:Bottled Eggs":5,"hubris:TinFlute":8},{"conspire:GiftBox":34,"Replay:Baseball":46,"Sneakers":0,"SacredBark":28,"hubris:SlimyHat":19,"Whetstone":41,"Replay:Bottled Eggs":17,"hubris:TinFlute":31}]},"card_choices":[{"not_picked":["Mirage","Ripple"],"picked":"Training_Dummy","floor":1.0},{"not_picked":["With_A_Twist","Fading_Blow"],"picked":"Foot_Thrust","floor":4.0},{"not_picked":["Meteodrive","Bouncer"],"picked":"Raptor_Form","floor":5.0},{"not_picked":["Greased_Lightning","OpoOpo_Form"],"picked":"Pony_Shot","floor":7.0},{"not_picked":["With_A_Twist","Tornado_Kick"],"picked":"Dancing_Jab","floor":8.0},{"not_picked":["Dancing_Jab","Dart"],"picked":"Butterfly_Float","floor":12.0},{"not_picked":["Windup","Spirits_Within"],"picked":"Form_Shift","floor":16.0},{"not_picked":["Press_Forward","Scowl"],"picked":"RockBreaker","floor":18.0},{"not_picked":["Feint","Snap_Punch+1"],"picked":"Dragonkick","floor":20.0},{"not_picked":["Butterfly_Float","High_Tide"],"picked":"Spirits_Within","floor":22.0},{"not_picked":["Elbow_Slash+1","Well_Drinks"],"picked":"Free_Pour+1","floor":24.0},{"not_picked":["Stick_and_Move","Momentum"],"picked":"Center_Self+1","floor":25.0},{"not_picked":["Rising_Crane","Foot_Thrust"],"picked":"Blizzard_Spikes+1","floor":28.0},{"not_picked":["Dancing_Jab","Alacrity"],"picked":"Stick_and_Move+1","floor":30.0}],"player_experience":5385217,"relics_obtained":[{"floor":9.0,"key":"Replay:Bottled Eggs"},{"floor":22.0,"key":"conspire:GiftBox"},{"floor":24.0,"key":"Whetstone"},{"floor":26.0,"key":"Replay:Baseball"}],"event_choices":[{"damage_healed":0.0,"max_hp_gain":0.0,"max_hp_loss":0.0,"gold_gain":0.0,"event_name":"conspire:LoneGhost","player_choice":"Disagree","floor":11.0,"gold_loss":0.0,"damage_taken":0.0},{"damage_healed":0.0,"max_hp_gain":0.0,"max_hp_loss":0.0,"gold_gain":0.0,"event_name":"Scrap Ooze","player_choice":"Success","floor":14.0,"gold_loss":0.0,"damage_taken":12.0,"relics_obtained":["hubris:SlimyHat"]},{"damage_healed":0.0,"max_hp_gain":0.0,"max_hp_loss":0.0,"gold_gain":0.0,"event_name":"Addict","player_choice":"Stole Relic","floor":19.0,"gold_loss":0.0,"damage_taken":0.0,"relics_obtained":["hubris:TinFlute"],"cards_obtained":["Shame"]}],"is_beta":false,"boss_relics":[{"not_picked":["Runic Dome","Empty Cage"],"picked":"SacredBark"}],"items_purged_floors":[],"is_endless":false,"potions_floor_spawned":[1,12,24,25],"killed_by":"conspire:MysteriousRune","ascension_level":0}}