{"host":"1a3cjta80tad0aqj","time":1609831873,"event":{"mods":["2.2 Compatiblity","AchievementEnabler","BaseMod","Colored Map","DeckTracker","KOR Keyword Fix","Keyboard Shortcuts","Minty Spire (QoL Compilation)","Permanent Neow","Quick Restart","Random Character Button","StSLib","SuperFastMode","everything is the same but u backflip on backflip"],"gold_per_floor":[115,33,49,68,20,20,31,31,84,100,111,130,55,55,55,156,156,167,117,128,128,128,128,141,141,141,141,155,6,16,28,28,127,127,141,141,154,104,104,136,14,14,14,14,14,24,49,67,67,67,67],"floor_reached":50,"playtime":2959,"items_purged":["Defend_G","Defend_G","Strike_G","Defend_G"],"score":489,"play_id":"4a818c74-79de-49e3-b77d-36a20ba291d7","local_time":"20210105163113","is_ascension_mode":false,"campfire_choices":[{"data":"Predator","floor":6,"key":"SMITH"},{"data":"Quick Slash","floor":8,"key":"SMITH"},{"data":"Crippling Poison","floor":15,"key":"SMITH"},{"data":"Dagger Throw","floor":23,"key":"SMITH"},{"data":"Phantasmal Killer","floor":25,"key":"SMITH"},{"data":"Flying Knee","floor":27,"key":"SMITH"},{"floor":32,"key":"REST"},{"floor":49,"key":"REST"}],"circlet_count":0,"master_deck":["Strike_G","Strike_G","Strike_G","Strike_G","Defend_G","Defend_G","Survivor","Neutralize","Sucker Punch","Predator+1","Flying Knee+1","Quick Slash+1","Dagger Throw+1","Slice","Leg Sweep","Crippling Poison+1","Phantasmal Killer+1","CurseOfTheBell","Slice","Terror+1","Dagger Spray+1","Storm of Steel","Dagger Spray+1","Prepared+1","PanicButton","Doubt","Distraction+1"],"relics":["Ring of the Snake","Bag of Preparation","PreservedInsect","Calling Bell","Smiling Mask","Eternal Feather","Ice Cream","Kunai","HandDrill","WristBlade","Pear","Gremlin Horn","Toy Ornithopter"],"acts_visited":["Exordium","TheCity","TheBeyond"],"potions_floor_usage":[4,16,16,24,33,33,35,40,46,50,50],"damage_taken":[{"damage":0,"enemies":"Jaw Worm","floor":1,"turns":5},{"damage":2,"enemies":"Small Slimes","floor":3,"turns":4},{"damage":1,"enemies":"Cultist","floor":4,"turns":4},{"damage":1,"enemies":"Red Slaver","floor":7,"turns":3},{"damage":1,"enemies":"3 Louse","floor":10,"turns":4},{"damage":0,"enemies":"Large Slime","floor":11,"turns":3},{"damage":0,"enemies":"Blue Slaver","floor":12,"turns":5},{"damage":38,"enemies":"The Guardian","floor":16,"turns":10},{"damage":12,"enemies":"Shell Parasite","floor":18,"turns":3},{"damage":0,"enemies":"Chosen","floor":20,"turns":4},{"damage":4,"enemies":"3 Cultists","floor":24,"turns":5},{"damage":21,"enemies":"Snake Plant","floor":28,"turns":3},{"damage":6,"enemies":"Centurion and Healer","floor":30,"turns":3},{"damage":2,"enemies":"Cultist and Chosen","floor":31,"turns":4},{"damage":55,"enemies":"Champ","floor":33,"turns":9},{"damage":23,"enemies":"3 Shapes","floor":35,"turns":4},{"damage":10,"enemies":"Orb Walker","floor":37,"turns":2},{"damage":24,"enemies":"Nemesis","floor":40,"turns":3},{"damage":35,"enemies":"Writhing Mass","floor":46,"turns":5},{"damage":42,"enemies":"Spire Growth","floor":48,"turns":4},{"damage":77,"enemies":"Donu and Deca","floor":50,"turns":5}],"seed_played":"6509370346121617350","potions_obtained":[{"floor":0,"key":"Explosive Potion"},{"floor":0,"key":"SpeedPotion"},{"floor":0,"key":"Ancient Potion"},{"floor":4,"key":"Fruit Juice"},{"floor":11,"key":"EssenceOfSteel"},{"floor":12,"key":"Energy Potion"},{"floor":16,"key":"BlessingOfTheForge"},{"floor":24,"key":"Energy Potion"},{"floor":28,"key":"LiquidMemories"},{"floor":33,"key":"LiquidBronze"},{"floor":37,"key":"DistilledChaos"},{"floor":48,"key":"Strength Potion"}],"is_trial":false,"path_per_floor":["M","$","M","M","$","R","M","R","T","M","M","M","$","?","R","B",null,"M","$","M","?","?","R","M","R","T","R","M","$","M","M","R","B",null,"M","?","M","$","?","E","$","?","T","?","$","M","T","M","R","B"],"character_chosen":"THE_SILENT","items_purchased":["Predator","SteroidPotion","HandDrill","Regen Potion"],"campfire_rested":2,"item_purchase_floors":[2,5,29,41],"current_hp_per_floor":[70,70,68,72,72,72,71,71,71,70,70,70,70,67,67,29,75,63,63,63,63,63,75,71,75,75,75,54,54,48,46,75,20,75,52,52,42,42,42,28,28,28,28,85,85,62,62,20,60,0,0],"gold":67,"neow_bonus":"THREE_SMALL_POTIONS","is_daily":false,"chose_seed":false,"campfire_upgraded":6,"win_rate":0.0,"timestamp":1609831873,"path_taken":["M","$","M","M","$","R","M","R","T","M","M","M","$","?","R","BOSS","M","$","M","?","?","R","M","R","T","R","M","$","M","M","R","BOSS","M","?","?","$","?","E","$","?","T","?","?","?","?","M","R","BOSS"],"items_purchased_type":["Card","Potion","Relic","Potion"],"build_version":"2020-12-22","purchased_purges":4,"victory":false,"max_hp_per_floor":[70,70,70,75,75,75,75,75,75,75,75,75,75,75,75,75,75,75,75,75,75,75,75,75,75,75,75,75,75,75,75,75,75,75,75,75,75,75,75,85,85,85,85,85,85,85,85,85,85,85,85],"card_choices":[{"not_picked":["Deflect","Backflip"],"picked":"Sucker Punch","floor":1},{"not_picked":["Quick Slash","Footwork"],"picked":"Flying Knee","floor":3},{"not_picked":["Bane","Acrobatics"],"picked":"Quick Slash","floor":4},{"not_picked":["Acrobatics","Heel Hook"],"picked":"Dagger Throw","floor":7},{"not_picked":["Deadly Poison","Outmaneuver"],"picked":"Slice","floor":10},{"not_picked":["Blade Dance","Outmaneuver"],"picked":"Leg Sweep","floor":11},{"not_picked":["Cloak And Dagger","Bane"],"picked":"Crippling Poison","floor":12},{"not_picked":["Die Die Die","Tools of the Trade"],"picked":"Phantasmal Killer","floor":16},{"not_picked":["Reflex","Riddle With Holes"],"picked":"Slice","floor":18},{"not_picked":["Flying Knee","Outmaneuver"],"picked":"Terror+1","floor":20},{"not_picked":["Slice","Choke+1","Footwork"],"picked":"SKIP","floor":24},{"not_picked":["Endless Agony","Caltrops+1"],"picked":"Dagger Spray+1","floor":28},{"not_picked":["Sucker Punch","Poisoned Stab","Dodge and Roll"],"picked":"SKIP","floor":30},{"not_picked":["Flying Knee+1","Dagger Throw"],"picked":"Outmaneuver","floor":31},{"not_picked":["Die Die Die","Burst"],"picked":"Storm of Steel","floor":33},{"not_picked":["Flechettes","Quick Slash+1"],"picked":"Dagger Spray+1","floor":35},{"not_picked":["Tactician","Poisoned Stab"],"picked":"Prepared+1","floor":37},{"not_picked":["Finesse","Metamorphosis"],"picked":"PanicButton","floor":39},{"not_picked":["Slice","Deadly Poison+1","Cloak And Dagger+1"],"picked":"SKIP","floor":40},{"not_picked":["Cloak And Dagger+1","Bouncing Flask","Dash"],"picked":"SKIP","floor":46},{"not_picked":["Predator","Cloak And Dagger+1"],"picked":"Distraction+1","floor":48}],"player_experience":120364,"relics_obtained":[{"floor":9,"key":"Bag of Preparation"},{"floor":17,"key":"Smiling Mask"},{"floor":17,"key":"Eternal Feather"},{"floor":17,"key":"Ice Cream"},{"floor":26,"key":"Kunai"},{"floor":40,"key":"Pear"},{"floor":43,"key":"Gremlin Horn"},{"floor":47,"key":"Toy Ornithopter"}],"event_choices":[{"damage_healed":0,"gold_gain":0,"player_choice":"Success","damage_taken":3,"relics_obtained":["PreservedInsect"],"max_hp_gain":0,"max_hp_loss":0,"event_name":"Scrap Ooze","floor":14,"gold_loss":0},{"damage_healed":0,"gold_gain":0,"player_choice":"Smashed Altar","damage_taken":0,"max_hp_gain":0,"max_hp_loss":0,"event_name":"Forgotten Altar","floor":21,"gold_loss":0,"cards_obtained":["Decay"]},{"cards_removed":["Decay"],"damage_healed":0,"gold_gain":0,"player_choice":"Purged","damage_taken":0,"max_hp_gain":0,"max_hp_loss":0,"event_name":"Purifier","floor":22,"gold_loss":0},{"damage_healed":0,"gold_gain":0,"player_choice":"Ignored","damage_taken":0,"max_hp_gain":0,"max_hp_loss":0,"event_name":"SecretPortal","floor":36,"gold_loss":0},{"damage_healed":0,"gold_gain":0,"player_choice":"Memory 1","damage_taken":0,"max_hp_gain":0,"max_hp_loss":0,"event_name":"SensoryStone","floor":39,"gold_loss":0},{"cards_removed":["Outmaneuver"],"damage_healed":0,"gold_gain":0,"player_choice":"Removed Skill","damage_taken":0,"max_hp_gain":0,"max_hp_loss":0,"event_name":"Falling","floor":42,"gold_loss":0},{"damage_healed":57,"gold_gain":0,"player_choice":"Heal","damage_taken":0,"max_hp_gain":0,"max_hp_loss":0,"event_name":"MindBloom","floor":44,"gold_loss":0,"cards_obtained":["Doubt"]}],"is_beta":false,"boss_relics":[{"not_picked":["HoveringKite","SacredBark"],"picked":"Calling Bell"},{"not_picked":["Empty Cage","Busted Crown"],"picked":"WristBlade"}],"items_purged_floors":[13,19,38,41],"is_endless":false,"potions_floor_spawned":[4,11,12,16,24,28,33,37,48],"killed_by":"Donu and Deca","ascension_level":0}}