{"host":"0jor5hi4rp0tpy7j","time":1609884894,"event":{"mods":["AchievementEnabler","BaseMod","Better Match","Better Note","Colored Map","Colored Powertips","Downfall","Highlight Path","Minty Spire (QoL Compilation)","StSLib"],"gold_per_floor":[99,115,132,149,149,74,99,113,126,126,142,45,45,61,73,73,73,73],"floor_reached":16,"playtime":1095,"items_purged":[],"score":96,"play_id":"e4e6fd9e-57f9-46b4-aab0-f122a0bfd9eb","local_time":"20210105231454","is_ascension_mode":false,"campfire_choices":[{"floor":1,"key":"RECALL"},{"data":"champ:CrookedStrike","floor":6,"key":"SMITH"},{"data":"champ:ArenaPreparation","floor":13,"key":"SMITH"}],"circlet_count":0,"master_deck":["champ:Strike","champ:Strike","champ:Strike","champ:Strike","champ:Defend","champ:Defend","champ:Defend","champ:Defend","champ:Execute","champ:Taunt","champ:StanceDance","champ:CrookedStrike+1","champ:ArenaPreparation+1","champ:CalledShot","champ:Shatter","champ:GutPunch","champ:FocusedBerserking","champ:IronFortress","champ:DefensiveStyle","champ:FlashCut","champ:Backstep","champ:TornadoPunch"],"relics":["champ:ChampionCrown","champ:LiftRelic","downfall:HeartBlessingRed","Anchor"],"acts_visited":["Exordium"],"potions_floor_usage":[9,16,16],"damage_taken":[{"damage":15,"enemies":"Jaw Worm","floor":2,"turns":7},{"damage":5,"enemies":"2 Louse","floor":3,"turns":4},{"damage":20,"enemies":"Cultist","floor":4,"turns":3},{"damage":10,"enemies":"Lots of Slimes","floor":8,"turns":4},{"damage":10,"enemies":"Blue Slaver","floor":9,"turns":2},{"damage":5,"enemies":"Exordium Wildlife","floor":11,"turns":3},{"damage":20,"enemies":"downfall:FleeingMerchant","floor":12,"turns":4},{"damage":13,"enemies":"Red Slaver","floor":14,"turns":2},{"damage":14,"enemies":"Exordium Thugs","floor":15,"turns":4},{"damage":85,"enemies":"downfall:Defect","floor":16,"turns":11}],"seed_played":"-1283486380309853803","potions_obtained":[{"floor":3,"key":"Fruit Juice"},{"floor":4,"key":"champ:CounterPotion"},{"floor":8,"key":"FearPotion"},{"floor":11,"key":"EssenceOfSteel"}],"is_trial":false,"path_per_floor":["R","M","M","M","?","R","T","M","M","?","M","$","R","M","M","B"],"character_chosen":"THE_CHAMP","items_purchased":["champ:DefensiveStyle","champ:FlashCut"],"campfire_rested":0,"item_purchase_floors":[12,12],"current_hp_per_floor":[90,83,83,83,83,83,83,83,83,83,83,78,78,75,75,0,0,0],"gold":73,"neow_bonus":"THREE_CARDS","is_daily":false,"chose_seed":false,"campfire_upgraded":2,"win_rate":0.0,"timestamp":1609884894,"path_taken":["R","M","M","M","?","R","T","M","M","?","M","$","R","M","M","BOSS"],"items_purchased_type":["Card","Card"],"build_version":"2020-12-22","purchased_purges":0,"victory":false,"max_hp_per_floor":[90,90,90,90,90,90,90,90,90,90,90,90,90,90,90,95,95,95],"card_choices":[{"not_picked":["champ:BerserkersShout","champ:Circumvent"],"picked":"champ:StanceDance","floor":0},{"not_picked":["champ:BringItOn","champ:PreciseThrust"],"picked":"champ:CrookedStrike","floor":2},{"not_picked":["champ:GutPunch","champ:BerserkersShout"],"picked":"champ:ArenaPreparation","floor":3},{"not_picked":["champ:Haymaker","champ:DeathBlow"],"picked":"champ:CalledShot","floor":4},{"not_picked":["champ:EnragedBash","champ:TornadoPunch"],"picked":"champ:Shatter","floor":8},{"not_picked":["champ:EnragedBash","champ:FalseCounter"],"picked":"champ:GutPunch","floor":9},{"not_picked":["champ:BladeFlurry","champ:CalledShot"],"picked":"champ:FocusedBerserking","floor":11},{"not_picked":["champ:Riposte","champ:Haymaker"],"picked":"champ:IronFortress","floor":12},{"not_picked":["champ:Haymaker","champ:FocusedBerserking"],"picked":"champ:Backstep","floor":14},{"not_picked":["champ:Haymaker","champ:AdrenalArmor"],"picked":"champ:TornadoPunch","floor":15}],"player_experience":352450,"relics_obtained":[{"floor":7,"key":"Anchor"}],"event_choices":[],"is_beta":false,"boss_relics":[],"items_purged_floors":[],"is_endless":false,"potions_floor_spawned":[3,4,8,11],"killed_by":"downfall:Defect","ascension_level":0}}