{"host":"z9grmtg2w0nmz8n1","time":1609807900,"event":{"mods":["Aspiration","Bard","BaseMod","Beaked The Cultist","Better Altar","Better Match","Better Note","Better Sensory Stone","Better Skull","Better Third Choice","BetterRewards","CCEM","Colored Map","Conspire","Downfall","GifTheSpireLib","Googly Eyes","Halation","Hermit","Highlight Path","Hubris","Hunter ??","Jedi Mod","Jorbs\u0027s Wanderer Trilogy","Mad Scientist","Marisa????????","Minty Spire (QoL Compilation)","Permanent Neow","Replay The Spire","Shade Mod","Shop Mod","Spicy Shops","StSLib","Stuff the Spire","The Bug Knight","The Construct","The Necromancer","The Runesmith","The Witch"],"gold_per_floor":[119,119,129,79,97,97,125,125,125,4,21,21,35,62,62,159,159,175,185,199,213,313,339,359,371,371,371,371],"floor_reached":27,"playtime":876,"items_purged":[],"score":259,"play_id":"bffa390b-5c48-48c6-9ccd-3d463599f36a","local_time":"20210104225140","is_ascension_mode":true,"campfire_choices":[{"floor":6,"key":"RECALL"},{"floor":8,"key":"REST"},{"floor":15,"key":"REST"}],"circlet_count":0,"master_deck":["Strike_B","Strike_B","Strike_B","Defend_B","Defend_B","Defend_B","Defend_B","Zap","StuffTheSpire:Plugnplay","Biased Cognition+1","jedi:blockon","jedi:blockon","StuffTheSpire:Synthwave","StuffTheSpire:Synthwave","Ball Lightning"],"relics":["Cracked Core","aspiration:DSix","conspire:Flyswatter","Runesmith:Nanobots","jedi:kaleidoscope","hubris:ScarierMask","jedi:purplefairy"],"acts_visited":["Exordium","TheCity"],"potions_floor_usage":[14,19,23,24,24],"damage_taken":[{"damage":1,"enemies":"Jaw Worm","floor":1,"turns":3},{"damage":2,"enemies":"Small Slimes","floor":3,"turns":3},{"damage":1,"enemies":"Cultist","floor":5,"turns":3},{"damage":25,"enemies":"Lagavulin","floor":7,"turns":6},{"damage":15,"enemies":"2 Fungi Beasts","floor":11,"turns":3},{"damage":24,"enemies":"Gremlin Gang","floor":13,"turns":3},{"damage":17,"enemies":"3 Sentries","floor":14,"turns":5},{"damage":26,"enemies":"The Guardian","floor":16,"turns":5},{"damage":1,"enemies":"Chosen","floor":18,"turns":4},{"damage":5,"enemies":"3 Byrds","floor":19,"turns":3},{"damage":0,"enemies":"3 Cultists","floor":20,"turns":3},{"damage":1,"enemies":"Shelled Parasite and Fungi","floor":21,"turns":4},{"damage":19,"enemies":"Slavers","floor":23,"turns":4},{"damage":21,"enemies":"Snake Plant","floor":24,"turns":4},{"damage":0,"enemies":"Sentry and Sphere","floor":25,"turns":3},{"damage":20,"enemies":"Gremlin Leader","floor":27,"turns":3}],"seed_played":"8687411315028078444","potions_obtained":[{"floor":3,"key":"Elixir"},{"floor":13,"key":"Adrenaline Potion"},{"floor":14,"key":"hexamod:EctoCoolerPotion"},{"floor":20,"key":"SteroidPotion"},{"floor":21,"key":"Fire Potion"},{"floor":23,"key":"LifebloodPotion"}],"is_trial":false,"path_per_floor":["M","?","M","?","M","R","E","R","T","$","M","?","M","E","R","B",null,"M","M","M","M","?","E","M","M","T","E"],"character_chosen":"DEFECT","items_purchased":["StuffTheSpire:Synthwave"],"campfire_rested":2,"item_purchase_floors":[10],"current_hp_per_floor":[74,74,72,72,71,71,46,68,68,68,53,53,29,12,34,8,75,74,69,69,68,68,49,28,28,28,8,8],"gold":371,"neow_bonus":"DSIX","is_daily":false,"chose_seed":false,"campfire_upgraded":0,"win_rate":0.0,"timestamp":1609807900,"path_taken":["M","?","M","?","M","R","E","R","T","$","M","?","M","E","R","BOSS","M","?","M","M","?","E","M","M","T","E"],"items_purchased_type":["Card"],"build_version":"2020-12-22","purchased_purges":0,"victory":false,"max_hp_per_floor":[75,75,75,75,75,75,75,75,75,75,75,75,75,75,75,75,75,75,75,75,75,75,75,75,75,75,75,75],"card_choices":[{"not_picked":["Coolheaded","Sunder"],"picked":"StuffTheSpire:Plugnplay","floor":1},{"not_picked":["Lockon","Doom and Gloom"],"picked":"jedi:blockon","floor":3},{"not_picked":["Cold Snap","StuffTheSpire:LoadUp"],"picked":"jedi:blockon","floor":5},{"not_picked":["Cold Snap","StuffTheSpire:ForEach","Storm"],"picked":"SKIP","floor":7},{"not_picked":["Hologram","Beam Cell","Self Repair"],"picked":"SKIP","floor":11},{"not_picked":["Go for the Eyes","Rebound"],"picked":"StuffTheSpire:Synthwave","floor":13},{"not_picked":["jedi:markofdeath","Redo","Cold Snap"],"picked":"SKIP","floor":14},{"not_picked":["StuffTheSpire:LoadUp","Leap"],"picked":"Ball Lightning","floor":18},{"not_picked":["Cold Snap","Panic Button","aspiration:Polymerization"],"picked":"SKIP","floor":19},{"not_picked":["Undo+1","Coolheaded","hubris:SpecializedCircuitry"],"picked":"SKIP","floor":20},{"not_picked":["jedi:BurstFrost","Beam Cell","Rip and Tear"],"picked":"SKIP","floor":21},{"not_picked":["jedi:BurstLightning","Core Surge","FTL"],"picked":"SKIP","floor":23},{"not_picked":["StuffTheSpire:Rend","Leap","jedi:overflow"],"picked":"SKIP","floor":24},{"not_picked":["Hologram","ReplayTheSpireMod:System Scan","Stack"],"picked":"SKIP","floor":25}],"player_experience":782388,"relics_obtained":[{"floor":7,"key":"conspire:Flyswatter"},{"floor":14,"key":"jedi:kaleidoscope"},{"floor":23,"key":"jedi:purplefairy"}],"event_choices":[{"cards_removed":["Strike_B"],"damage_healed":0,"gold_gain":0,"player_choice":"Card Removal","damage_taken":0,"max_hp_gain":0,"max_hp_loss":0,"event_name":"The Cleric","floor":4,"gold_loss":50},{"damage_healed":0,"gold_gain":0,"player_choice":"Gave Potion","damage_taken":0,"relics_obtained":["Runesmith:Nanobots"],"max_hp_gain":0,"max_hp_loss":0,"event_name":"WeMeetAgain","floor":12,"gold_loss":0},{"damage_healed":0,"gold_gain":100,"player_choice":"Pray","damage_taken":0,"max_hp_gain":0,"max_hp_loss":0,"event_name":"Golden Shrine","floor":22,"gold_loss":0}],"is_beta":false,"boss_relics":[{"not_picked":["FrozenCore","Pandora\u0027s Box"],"picked":"hubris:ScarierMask"}],"items_purged_floors":[],"is_endless":false,"potions_floor_spawned":[3,13,14,20,21,23],"killed_by":"Gremlin Leader","ascension_level":1}}