{"host":"tom9euzqew4po1rs","time":1609888642,"event":{"mods":["BaseMod","Minty Spire (QoL Compilation)","Quick Restart","Rare Cards Sparkle","Replay The Spire","StSLib","The Animator","The Cursed"],"gold_per_floor":[14,24,99,110,127,127,138,138,138,10,110,127,49,83,83,180,180,165,1,20,30,30,30,41,41,67,67,81,97,97,117,117,117,117],"floor_reached":33,"playtime":1680,"items_purged":[],"score":276,"play_id":"e92b4ee5-e51c-4680-b3c3-8c8ef7825ddc","local_time":"20210105181722","is_ascension_mode":false,"campfire_choices":[{"floor":6,"key":"RECALL"},{"data":"Neutralize","floor":8,"key":"SMITH"},{"data":"After Image","floor":15,"key":"SMITH"},{"data":"Envenom","floor":23,"key":"SMITH"},{"floor":25,"key":"REST"},{"data":"Catalyst","floor":27,"key":"SMITH"},{"floor":32,"key":"REST"}],"circlet_count":0,"master_deck":["Strike_G","Strike_G","Strike_G","Strike_G","Strike_G","Defend_G","Defend_G","Defend_G","Defend_G","Survivor","Neutralize+1","Blur","Backflip","Cloak And Dagger","After Image+1","Deadly Poison","Bouncing Flask","Bouncing Flask","Endless Agony","Envenom+1","Blade Dance","Catalyst+1","Cloak And Dagger","Poisoned Stab","Backflip","Noxious Fumes","Backflip+1","Blur+1","Dodge and Roll+1","Fluid Movement+1"],"relics":["Ring of the Snake","Paper Crane","Tiny Chest"],"acts_visited":["Exordium","TheCity"],"potions_floor_usage":[14,16,18,28,33],"damage_taken":[{"damage":0,"enemies":"Cultist","floor":1,"turns":4},{"damage":0,"enemies":"Jaw Worm","floor":2,"turns":5},{"damage":0,"enemies":"Small Slimes","floor":4,"turns":4},{"damage":11,"enemies":"Exordium Thugs","floor":5,"turns":12},{"damage":0,"enemies":"2 Fungi Beasts","floor":7,"turns":6},{"damage":0,"enemies":"Blue Slaver","floor":12,"turns":4},{"damage":2,"enemies":"Lagavulin","floor":14,"turns":5},{"damage":1,"enemies":"Hexaghost","floor":16,"turns":9},{"damage":14,"enemies":"2 Thieves","floor":18,"turns":5},{"damage":0,"enemies":"Chosen","floor":20,"turns":6},{"damage":18,"enemies":"Snake Plant","floor":21,"turns":5},{"damage":11,"enemies":"Snecko","floor":24,"turns":4},{"damage":3,"enemies":"Chosen and Byrds","floor":28,"turns":5},{"damage":22,"enemies":"Centurion and Healer","floor":29,"turns":8},{"damage":5,"enemies":"Snake Plant","floor":31,"turns":6},{"damage":49,"enemies":"Collector","floor":33,"turns":5}],"seed_played":"-7637474870468768416","potions_obtained":[{"floor":5,"key":"Swift Potion"},{"floor":12,"key":"LifebloodPotion"},{"floor":16,"key":"Flashbang"},{"floor":21,"key":"FearPotion"},{"floor":24,"key":"Fire Potion"},{"floor":31,"key":"Fire Potion"}],"is_trial":false,"path_per_floor":["M","M","?","M","M","R","M","R","T","$","?","M","$","E","R","B",null,"M","$","M","M","?","R","M","R","T","R","M","M","?","M","R","B"],"character_chosen":"THE_SILENT","items_purchased":["After Image","Deadly Poison","Bouncing Flask","Catalyst","Cloak And Dagger","Poisoned Stab"],"campfire_rested":2,"item_purchase_floors":[10,10,13,19,19,19],"current_hp_per_floor":[84,84,76,76,65,65,65,65,65,65,65,65,65,63,63,62,84,70,70,70,52,52,52,41,66,66,66,63,41,25,20,46,0,0],"gold":117,"neow_bonus":"TWENTY_PERCENT_HP_BONUS","is_daily":false,"chose_seed":false,"campfire_upgraded":4,"win_rate":0.0,"timestamp":1609888642,"path_taken":["M","M","?","M","M","R","?","R","T","$","?","?","$","E","R","BOSS","M","$","M","M","?","R","?","R","T","R","M","M","?","M","R","BOSS"],"items_purchased_type":["Card","Card","Card","Card","Card","Card"],"build_version":"2020-12-22","purchased_purges":0,"victory":false,"max_hp_per_floor":[84,84,84,84,84,84,84,84,84,84,84,84,84,84,84,84,84,84,84,84,84,84,84,84,84,84,84,84,84,89,89,89,89,89],"card_choices":[{"not_picked":["Quick Slash","Flying Knee","ReplayTheSpireMod:Exploit Weakness"],"picked":"SKIP","floor":1},{"not_picked":["ReplayTheSpireMod:Scrap Shanks","ReplayTheSpireMod:The Works"],"picked":"Blur","floor":2},{"not_picked":["PiercingWail","Hidden Blade","ReplayTheSpireMod:Tripwire"],"picked":"SKIP","floor":4},{"not_picked":["ReplayTheSpireMod:The Works","PiercingWail"],"picked":"Backflip","floor":5},{"not_picked":["Prepared","Hidden Blade"],"picked":"Cloak And Dagger","floor":7},{"not_picked":["All Out Attack","Footwork"],"picked":"Bouncing Flask","floor":12},{"not_picked":["Glass Knife","Skewer"],"picked":"Endless Agony","floor":14},{"not_picked":["Tools of the Trade","Doppelganger"],"picked":"Envenom","floor":16},{"not_picked":["Bane","Crippling Poison"],"picked":"Blade Dance","floor":18},{"not_picked":["Poisoned Stab","Escape Plan"],"picked":"Backflip","floor":20},{"not_picked":["Sucker Punch+1","Skewer+1"],"picked":"Noxious Fumes","floor":21},{"not_picked":["Dagger Throw","Flying Knee"],"picked":"Backflip+1","floor":24},{"not_picked":["Flying Knee","Poisoned Stab+1"],"picked":"Blur+1","floor":28},{"not_picked":["Tools of the Trade","Hidden Blade+1"],"picked":"Dodge and Roll+1","floor":29},{"not_picked":["Sucker Punch","Flying Knee"],"picked":"Fluid Movement+1","floor":31}],"player_experience":61028,"relics_obtained":[{"floor":14,"key":"Paper Crane"},{"floor":26,"key":"Tiny Chest"}],"event_choices":[{"damage_healed":0,"gold_gain":75,"player_choice":"Touch","damage_taken":8,"max_hp_gain":0,"max_hp_loss":0,"event_name":"FaceTrader","floor":3,"gold_loss":0},{"damage_healed":0,"gold_gain":100,"player_choice":"Pray","damage_taken":0,"max_hp_gain":0,"max_hp_loss":0,"event_name":"Golden Shrine","floor":11,"gold_loss":0},{"cards_removed":["Defend_G"],"damage_healed":0,"gold_gain":0,"player_choice":"Offered Basic","damage_taken":0,"max_hp_gain":0,"max_hp_loss":0,"event_name":"Bonfire Elementals","floor":22,"gold_loss":0},{"damage_healed":0,"gold_gain":0,"player_choice":"Shed Blood","damage_taken":21,"max_hp_gain":5,"max_hp_loss":0,"event_name":"Forgotten Altar","floor":30,"gold_loss":0}],"is_beta":false,"boss_relics":[{"not_picked":["Snecko Eye","Velvet Choker","Ectoplasm"]}],"items_purged_floors":[],"is_endless":false,"potions_floor_spawned":[5,12,16,21,24,31],"killed_by":"Collector","ascension_level":0}}