{"host":"28bpuzdckreop5i0","time":1609820923,"event":{"mods":["Act Like it!","Aspiration","BaseMod","Beaked The Cultist","Best Route Mod","BetterRewards","Challenge The Spire","Clawfect","Conspire","Defuse TimeMaze Blight","Downfall","Energized Spire","GifTheSpireLib","Googly Eyes","Hubris","Infinite Spire","Lobotomy","Mimic Mod","Minty Spire (QoL Compilation)","Relic Stats","Replay The Spire","Retaliation","Shop Mod","Spicy Shops","StSLib","Stuff the Spire","The Awakened One except there are too many feathers","The Construct","The Cursed","The Disciple","The Hierophant","The IronCluck","The Jungle","The Runesmith","Thieving Mod","Transform Curses","Wandering Minibosses","slay the spire mod where everything is the same but ironclad has a cowboy hat"],"gold_per_floor":[118,118,118,143,166,166,197,210,210,230,230,248,142,142,142,268,268,283,276,276,276,290,239,239,255,282,282,282,315,340,340,340],"floor_reached":31,"playtime":1086,"items_purged":["Injury"],"score":282,"play_id":"5588e34b-277f-46c2-94f4-6b76f4865975","local_time":"20210104222843","is_ascension_mode":false,"campfire_choices":[{"floor":6,"key":"REST"},{"data":"Clawfect:Clawline","floor":11,"key":"SMITH"},{"floor":15,"key":"REST"},{"floor":24,"key":"REST"},{"floor":27,"key":"REST"}],"circlet_count":0,"master_deck":["Gash","Gash","Gash","Gash","Gash","Defend_B","Defend_B","Defend_B","Defend_B","Defend_B","Clawfect:Clawline+1","Clawfect:ClawSnap+1","Gash+1","FTL+1","StuffTheSpire:ShieldGenerator","Conserve Battery","Clawfect:ClawCell+1","Coolheaded"],"relics":["Clawfect:DRClaw","aspiration:Nostalgia","m_DevilBlood","Molten Egg 2","Golden Idol","hubris:BallOfYels","Akabeko","energizedSpire:DeadBattery","wanderingMiniBosses:CarrionFlame","Anchor","aspiration:RitualStick","Quantum Egg"],"acts_visited":["Exordium","TheCity"],"potions_floor_usage":[8,16,18,19,29,30],"damage_taken":[{"damage":2,"enemies":"Small Slimes","floor":1,"turns":4},{"damage":0,"enemies":"conspire:RoseBush","floor":4,"turns":4},{"damage":11,"enemies":"Jaw Worm","floor":5,"turns":4},{"damage":13,"enemies":"Lagavulin","floor":7,"turns":5},{"damage":11,"enemies":"Exordium Thugs","floor":8,"turns":5},{"damage":12,"enemies":"2 Fungi Beasts","floor":10,"turns":4},{"damage":6,"enemies":"3 Louse","floor":12,"turns":3},{"damage":30,"enemies":"Slime Boss","floor":16,"turns":8},{"damage":24,"enemies":"Shell Parasite","floor":18,"turns":6},{"damage":15,"enemies":"2 Thieves","floor":19,"turns":4},{"damage":35,"enemies":"Shelled Parasite and Fungi","floor":22,"turns":6},{"damage":21,"enemies":"Snake Plant","floor":25,"turns":5},{"damage":20,"enemies":"Gremlin Leader","floor":29,"turns":5},{"damage":0,"enemies":"Centurion and Healer","floor":30,"turns":4},{"damage":7,"enemies":"Snecko","floor":31,"turns":2}],"seed_played":"-3477490903314947745","potions_obtained":[{"floor":1,"key":"FocusPotion"},{"floor":4,"key":"FearPotion"},{"floor":5,"key":"EssenceOfSteel"},{"floor":8,"key":"Doom Potion"},{"floor":16,"key":"DistilledChaos"},{"floor":18,"key":"ColorlessPotion"},{"floor":25,"key":"Block Potion"},{"floor":30,"key":"Death Potion"}],"is_trial":false,"path_per_floor":["M","?","?","M","M","R","E","M","T","M","R","M","$","$","R","B",null,"M","M","?","?","M","$","R","M","T","R","?","E","M","M"],"character_chosen":"DEFECT","items_purchased":["Conserve Battery","Coolheaded"],"campfire_rested":4,"item_purchase_floors":[13,23],"current_hp_per_floor":[73,73,55,55,44,66,53,42,42,30,30,24,24,24,46,16,75,58,50,50,50,15,15,37,16,16,38,23,3,3,0,0],"gold":340,"neow_bonus":"NOSTALGIA","is_daily":false,"chose_seed":false,"campfire_upgraded":1,"win_rate":0.0,"timestamp":1609820923,"path_taken":["M","?","?","M","M","R","E","M","T","?","R","M","?","$","R","BOSS","M","M","?","?","?","$","R","M","T","R","?","E","M","M"],"items_purchased_type":["Card","Card"],"build_version":"2020-12-22","purchased_purges":1,"victory":false,"max_hp_per_floor":[75,75,75,75,75,75,75,75,75,75,75,75,75,75,75,75,75,75,75,75,75,75,75,75,75,75,75,75,75,75,75,75],"relic_stats":{"counters":[15,69],"Golden Idol":78,"obtain_stats":[{"hubris:BallOfYels":7,"Anchor":26,"wanderingMiniBosses:CarrionFlame":22,"aspiration:Nostalgia":0,"Golden Idol":3,"Quantum Egg":29,"m_DevilBlood":0,"Molten Egg 2":2,"Clawfect:DRClaw":0,"energizedSpire:DeadBattery":17,"Akabeko":9,"aspiration:RitualStick":28},{"hubris:BallOfYels":4,"Anchor":12,"wanderingMiniBosses:CarrionFlame":11,"aspiration:Nostalgia":0,"Golden Idol":1,"Quantum Egg":13,"m_DevilBlood":0,"Molten Egg 2":1,"Clawfect:DRClaw":0,"energizedSpire:DeadBattery":8,"Akabeko":5,"aspiration:RitualStick":12},{"hubris:BallOfYels":17,"Anchor":58,"wanderingMiniBosses:CarrionFlame":53,"aspiration:Nostalgia":0,"Golden Idol":4,"Quantum Egg":63,"m_DevilBlood":0,"Molten Egg 2":4,"Clawfect:DRClaw":0,"energizedSpire:DeadBattery":37,"Akabeko":22,"aspiration:RitualStick":58}],"aspiration:RitualStick":[0]},"card_choices":[{"not_picked":["Capacitor","FTL"],"picked":"Clawfect:Clawline","floor":1},{"not_picked":["Conserve Battery","FTL+1"],"picked":"Clawfect:ClawSnap+1","floor":4},{"not_picked":["Clawfect:ClawForTheEyes+1","Crystallizer"],"picked":"Gash+1","floor":5},{"not_picked":["hubris:PowerSurge","StuffTheSpire:Synthwave"],"picked":"FTL+1","floor":7},{"not_picked":["Clawfect:Clawrage+1","True Grit"],"picked":"StuffTheSpire:ShieldGenerator","floor":8},{"not_picked":["hubris:PowerSurge","hexamod:GhostLash+1","Stack"],"picked":"SKIP","floor":10},{"not_picked":["Consume","Clawfect:ClawForTheEyes+1"],"picked":"hexamod:FirstSeal","floor":12},{"not_picked":["Hologram","ReplayTheSpireMod:Reroute Power","Clawfect:ClawForTheEyes+1"],"picked":"SKIP","floor":18},{"not_picked":["Rebound+1","White Noise"],"picked":"Clawfect:ClawCell+1","floor":19},{"not_picked":["Clawfect:Clawter+1","Clawfect:Clawline+1","Clawfect:Clawrage+1"],"picked":"SKIP","floor":22},{"not_picked":["ReplaySolidLightProjector+1","Clawfect:ClawingBeam+1","BasicCrystalCard"],"picked":"SKIP","floor":25},{"not_picked":["Redo","Buffer","Clawfect:ClawLightning+1"],"picked":"SKIP","floor":29},{"not_picked":["Clawfect:ClawLightning+1","Capacitor","Clawfect:Clawrage+1"],"picked":"SKIP","floor":30}],"player_experience":948980,"relics_obtained":[{"floor":7,"key":"hubris:BallOfYels"},{"floor":9,"key":"Akabeko"},{"floor":22,"key":"wanderingMiniBosses:CarrionFlame"},{"floor":26,"key":"Anchor"},{"floor":29,"key":"Quantum Egg"}],"event_choices":[{"damage_healed":0,"gold_gain":0,"player_choice":"Take Damage","damage_taken":18,"relics_obtained":["Golden Idol"],"max_hp_gain":0,"max_hp_loss":0,"event_name":"Golden Idol","floor":3,"gold_loss":0},{"damage_healed":0,"gold_gain":0,"player_choice":"Ignored","damage_taken":0,"max_hp_gain":0,"max_hp_loss":0,"event_name":"Ghosts","floor":20,"gold_loss":0},{"cards_removed":["hexamod:FirstSeal"],"damage_healed":0,"gold_gain":0,"player_choice":"Purged","damage_taken":0,"max_hp_gain":0,"max_hp_loss":0,"event_name":"Purifier","floor":21,"gold_loss":0}],"is_beta":false,"boss_relics":[{"not_picked":["Ectoplasm","aspiration:Stellarator"],"picked":"energizedSpire:DeadBattery"}],"items_purged_floors":[13],"is_endless":false,"potions_floor_spawned":[1,4,5,8,16,18,25,30],"killed_by":"Snecko","ascension_level":0}}