{"host":"okln270zkafj6dck","time":1609835387,"event":{"mods":["BaseMod","Minty Spire (QoL Compilation)","Permanent Neow","Quick Restart","Relic Stats","StSLib","SuperFastMode"],"gold_per_floor":[360,360,381,40,60,60,95,95,95,67,111,130,130,146,146,240,240,258,258,283,44,64,103,103,134,134,54,70,88,126,126,126,220,220,245,245,145,201,222,222,222,222],"floor_reached":41,"playtime":1198,"items_purged":["Strike_G+1","Strike_G+1"],"score":1068,"play_id":"be93b1c9-7943-499c-bb1e-54e8cbb76dc1","local_time":"20210105002947","is_ascension_mode":true,"campfire_choices":[{"data":"Poisoned Stab","floor":6.0,"key":"SMITH"},{"floor":8.0,"key":"REST"},{"floor":15.0,"key":"REST"},{"floor":24.0,"key":"REST"},{"data":"Catalyst","floor":32.0,"key":"SMITH"},{"floor":40,"key":"REST"}],"circlet_count":0,"master_deck":["AscendersBane","Strike_G+1","Strike_G+1","Strike_G+1","Defend_G+1","Defend_G+1","Defend_G+1","Defend_G+1","Defend_G+1","Survivor","Neutralize","Poisoned Stab+1","Sucker Punch","Caltrops","Poisoned Stab+1","Poisoned Stab","Leg Sweep","Corpse Explosion","Catalyst+1","Crippling Poison","Backflip","Noxious Fumes","Acrobatics","Malaise","Blade Dance"],"relics":["Ring of the Snake","Golden Idol","Thread and Needle","Gremlin Horn","The Specimen","Dream Catcher","Snecko Eye","Lantern","Kunai","Turnip","Pen Nib","Blood Vial","MutagenicStrength","Busted Crown","Prayer Wheel"],"acts_visited":["Exordium","TheCity","TheBeyond"],"potions_floor_usage":[38,41],"damage_taken":[{"damage":0.0,"enemies":"2 Louse","floor":1.0,"turns":3.0},{"damage":0.0,"enemies":"Cultist","floor":3.0,"turns":3.0},{"damage":5.0,"enemies":"Small Slimes","floor":5.0,"turns":4.0},{"damage":36.0,"enemies":"3 Sentries","floor":7.0,"turns":14.0},{"damage":13.0,"enemies":"Gremlin Nob","floor":11.0,"turns":3.0},{"damage":10.0,"enemies":"3 Louse","floor":12.0,"turns":3.0},{"damage":0.0,"enemies":"2 Fungi Beasts","floor":14.0,"turns":3.0},{"damage":0.0,"enemies":"The Guardian","floor":16.0,"turns":13.0},{"damage":1.0,"enemies":"Spheric Guardian","floor":18.0,"turns":5.0},{"damage":3.0,"enemies":"Shell Parasite","floor":20.0,"turns":5.0},{"damage":8.0,"enemies":"Cultist and Chosen","floor":22.0,"turns":5.0},{"damage":16.0,"enemies":"Book of Stabbing","floor":23.0,"turns":5.0},{"damage":12.0,"enemies":"Gremlin Leader","floor":25.0,"turns":5.0},{"damage":0.0,"enemies":"Shelled Parasite and Fungi","floor":28.0,"turns":4.0},{"damage":0.0,"enemies":"Snake Plant","floor":29.0,"turns":5.0},{"damage":6.0,"enemies":"Book of Stabbing","floor":30.0,"turns":5.0},{"damage":4.0,"enemies":"Champ","floor":33.0,"turns":9.0},{"damage":0.0,"enemies":"3 Shapes","floor":35.0,"turns":3.0},{"damage":0,"enemies":"2 Orb Walkers","floor":38,"turns":3},{"damage":28,"enemies":"3 Darklings","floor":39,"turns":4},{"damage":59,"enemies":"Giant Head","floor":41,"turns":8}],"seed_played":"-2256539722796840359","potions_obtained":[{"floor":3.0,"key":"DistilledChaos"},{"floor":7.0,"key":"Ancient Potion"},{"floor":11.0,"key":"Explosive Potion"},{"floor":16.0,"key":"CunningPotion"},{"floor":18.0,"key":"CultistPotion"},{"floor":25.0,"key":"Energy Potion"},{"floor":30.0,"key":"PowerPotion"},{"floor":38,"key":"SkillPotion"}],"is_trial":false,"path_per_floor":["M","?","M","$","M","R","E","R","T","$","E","M","?","M","R","B",null,"M","?","M","$","M","E","R","E","T","$","M","M","E","?","R","B",null,"M","?","$","?","M","R","E"],"character_chosen":"THE_SILENT","items_purchased":["Thread and Needle","Poisoned Stab","Lantern","Noxious Fumes"],"campfire_rested":4,"item_purchase_floors":[4,10,21,27],"current_hp_per_floor":[59,54,54,54,49,49,13,29,29,29,16,6,6,6,22,22,46,45,45,42,42,34,18,34,22,22,22,22,22,16,16,16,14,44,46,46,46,48,22,38,0,0],"gold":222,"neow_bonus":"TWO_FIFTY_GOLD","is_daily":false,"chose_seed":false,"campfire_upgraded":2,"win_rate":0.0,"timestamp":1609835387,"path_taken":["M","?","M","$","M","R","E","R","T","$","E","M","?","?","R","BOSS","M","?","M","$","M","E","R","E","T","$","M","M","E","?","R","BOSS","M","?","$","?","M","R","E"],"items_purchased_type":["Relic","Card","Relic","Card"],"build_version":"2020-12-22","purchased_purges":2,"victory":false,"max_hp_per_floor":[60,54,54,54,54,54,54,54,54,54,54,54,54,54,54,54,54,54,54,54,54,54,54,54,54,54,54,54,54,54,54,54,54,54,54,54,54,54,54,54,54,54],"relic_stats":{"Gremlin Horn":[9,9],"counters":[21,112],"Golden Idol":131,"Pen Nib":[6],"Blood Vial":10,"Dream Catcher":3,"Busted Crown":10,"Snecko Eye":[143,114,123,118],"Prayer Wheel":1,"Turnip":[6],"Kunai":[12],"obtain_stats":[{"Lantern":21,"Gremlin Horn":7,"The Specimen":9,"Golden Idol":2,"Thread and Needle":4,"Pen Nib":26,"Blood Vial":30,"Dream Catcher":11,"Busted Crown":34,"MutagenicStrength":31,"Snecko Eye":17,"Prayer Wheel":38,"Turnip":25,"Kunai":23,"Ring of the Snake":0},{"Lantern":10,"Gremlin Horn":4,"The Specimen":4,"Golden Idol":1,"Thread and Needle":2,"Pen Nib":13,"Blood Vial":16,"Dream Catcher":5,"Busted Crown":17,"MutagenicStrength":16,"Snecko Eye":8,"Prayer Wheel":19,"Turnip":13,"Kunai":12,"Ring of the Snake":0},{"Lantern":56,"Gremlin Horn":24,"The Specimen":24,"Golden Idol":3,"Thread and Needle":6,"Pen Nib":71,"Blood Vial":85,"Dream Catcher":27,"Busted Crown":94,"MutagenicStrength":85,"Snecko Eye":46,"Prayer Wheel":100,"Turnip":71,"Kunai":66,"Ring of the Snake":0}],"Ring of the Snake":[42]},"card_choices":[{"not_picked":["Outmaneuver","Bane"],"picked":"Poisoned Stab","floor":1.0},{"not_picked":["Heel Hook","Acrobatics","Outmaneuver"],"picked":"SKIP","floor":3.0},{"not_picked":["Prepared","Infinite Blades"],"picked":"Sucker Punch","floor":5.0},{"not_picked":["Tactician","Concentrate"],"picked":"Caltrops","floor":7.0},{"not_picked":["Heel Hook","Dagger Spray","Deflect"],"picked":"SKIP","floor":11.0},{"not_picked":["Cloak And Dagger","Dagger Spray"],"picked":"Poisoned Stab","floor":12.0},{"not_picked":["Accuracy","Well Laid Plans"],"picked":"Leg Sweep","floor":14.0},{"not_picked":["Night Terror","Unload"],"picked":"Corpse Explosion","floor":16.0},{"not_picked":["Dagger Throw","Reflex","Prepared"],"picked":"SKIP","floor":18.0},{"not_picked":["Caltrops","Sucker Punch","Cloak And Dagger"],"picked":"SKIP","floor":20.0},{"not_picked":["Deadly Poison","Footwork"],"picked":"Catalyst","floor":22.0},{"not_picked":["Blade Dance","Slice"],"picked":"Crippling Poison","floor":23.0},{"not_picked":["Flying Knee","Blur"],"picked":"Backflip","floor":24.0},{"not_picked":["Crippling Poison","Tools of the Trade","Quick Slash"],"picked":"SKIP","floor":25.0},{"not_picked":["Dagger Spray+1","Infinite Blades"],"picked":"Acrobatics","floor":28.0},{"not_picked":["Backstab","Outmaneuver","Sucker Punch+1"],"picked":"SKIP","floor":29.0},{"not_picked":["Underhanded Strike","Choke","Deflect"],"picked":"SKIP","floor":30.0},{"not_picked":["Glass Knife","Tools of the Trade"],"picked":"Malaise","floor":33.0},{"not_picked":["Dodge and Roll"],"picked":"SKIP","floor":35.0},{"not_picked":[],"picked":"Blade Dance","floor":39},{"not_picked":["Underhanded Strike"],"picked":"SKIP","floor":39}],"player_experience":80795,"relics_obtained":[{"floor":7.0,"key":"Gremlin Horn"},{"floor":9.0,"key":"The Specimen"},{"floor":11.0,"key":"Dream Catcher"},{"floor":23.0,"key":"Kunai"},{"floor":25.0,"key":"Turnip"},{"floor":26.0,"key":"Pen Nib"},{"floor":30.0,"key":"Blood Vial"},{"floor":38,"key":"Prayer Wheel"}],"event_choices":[{"damage_healed":0.0,"max_hp_gain":0.0,"max_hp_loss":6.0,"gold_gain":0.0,"event_name":"Golden Idol","player_choice":"Lose Max HP","floor":2.0,"gold_loss":0.0,"damage_taken":0.0,"relics_obtained":["Golden Idol"]},{"damage_healed":0.0,"max_hp_gain":0.0,"max_hp_loss":0.0,"gold_gain":0.0,"event_name":"Upgrade Shrine","player_choice":"Upgraded","floor":13.0,"gold_loss":0.0,"damage_taken":0.0,"cards_upgraded":["Poisoned Stab"]},{"damage_healed":0.0,"max_hp_gain":0.0,"max_hp_loss":0.0,"gold_gain":0.0,"event_name":"Back to Basics","player_choice":"Simplicity","floor":19.0,"gold_loss":0.0,"damage_taken":0.0,"cards_upgraded":["Strike_G","Strike_G","Strike_G","Strike_G","Strike_G","Defend_G","Defend_G","Defend_G","Defend_G","Defend_G"]},{"damage_healed":0.0,"max_hp_gain":0.0,"max_hp_loss":0.0,"gold_gain":0.0,"event_name":"Drug Dealer","player_choice":"Inject Mutagens","floor":31.0,"gold_loss":0.0,"damage_taken":0.0,"relics_obtained":["MutagenicStrength"]},{"damage_healed":0.0,"max_hp_gain":0.0,"max_hp_loss":0.0,"gold_gain":0.0,"event_name":"Tomb of Lord Red Mask","player_choice":"Ignored","floor":36.0,"gold_loss":0.0,"damage_taken":0.0},{"damage_healed":0,"gold_gain":0,"player_choice":"Fight","damage_taken":0,"max_hp_gain":0,"max_hp_loss":0,"event_name":"Mysterious Sphere","floor":38,"gold_loss":0}],"is_beta":false,"boss_relics":[{"not_picked":["Velvet Choker","Calling Bell"],"picked":"Snecko Eye"},{"not_picked":["Tiny House","Empty Cage"],"picked":"Busted Crown"}],"items_purged_floors":[21,37],"is_endless":false,"potions_floor_spawned":[3,7,11,16,18,25,30,38],"killed_by":"Giant Head","ascension_level":20}}