{"host":"vlqejv0notyktumz","time":1609876213,"event":{"mods":["AchievementEnabler","BaseMod","Googly Eyes","Minty Spire (QoL Compilation)"],"gold_per_floor":[119,132,132,147,160,160,174,203,230,248,263,263,274,293,293,293,293],"floor_reached":16,"playtime":525,"items_purged":[],"score":119,"play_id":"3d34ca37-a288-4ebd-9d8c-a77789629fee","local_time":"20210105135013","is_ascension_mode":true,"campfire_choices":[{"data":"Eruption","floor":6,"key":"SMITH"},{"data":"Vigilance","floor":12,"key":"SMITH"},{"floor":15,"key":"REST"}],"circlet_count":0,"master_deck":["Strike_P","Strike_P","Strike_P","Strike_P","Defend_P","Defend_P","Defend_P","Defend_P","Eruption+1","Vigilance+1","BattleHymn","FollowUp","PathToVictory","Protect","MasterReality","ForeignInfluence","DeceiveReality","EmptyFist"],"relics":["PureWater","Boot","Nunchaku"],"acts_visited":["Exordium"],"potions_floor_usage":[8,14,14],"damage_taken":[{"damage":2,"enemies":"Jaw Worm","floor":1,"turns":4},{"damage":0,"enemies":"2 Louse","floor":2,"turns":2},{"damage":0,"enemies":"Small Slimes","floor":4,"turns":3},{"damage":8,"enemies":"3 Louse","floor":5,"turns":3},{"damage":9,"enemies":"Red Slaver","floor":7,"turns":4},{"damage":34,"enemies":"Lagavulin","floor":8,"turns":5},{"damage":0,"enemies":"2 Fungi Beasts","floor":10,"turns":4},{"damage":0,"enemies":"3 Louse","floor":11,"turns":4},{"damage":9,"enemies":"Large Slime","floor":13,"turns":4},{"damage":18,"enemies":"2 Fungi Beasts","floor":14,"turns":3},{"damage":44,"enemies":"The Guardian","floor":16,"turns":6}],"seed_played":"-719189355763242237","potions_obtained":[{"floor":5,"key":"GamblersBrew"},{"floor":10,"key":"Swift Potion"},{"floor":13,"key":"EntropicBrew"},{"floor":14,"key":"GamblersBrew"}],"is_trial":false,"path_per_floor":["M","M","?","M","M","R","M","E","T","M","M","R","M","M","R","B"],"character_chosen":"WATCHER","items_purchased":[],"campfire_rested":1,"item_purchase_floors":[],"current_hp_per_floor":[70,70,72,72,64,64,55,21,21,21,21,21,12,21,42,0,0],"gold":293,"neow_bonus":"THREE_CARDS","is_daily":false,"chose_seed":false,"campfire_upgraded":2,"win_rate":0.0,"timestamp":1609876213,"path_taken":["M","M","?","M","M","R","M","E","T","M","M","R","M","M","R","BOSS"],"items_purchased_type":[],"build_version":"2020-12-22","purchased_purges":0,"victory":false,"max_hp_per_floor":[72,72,72,72,72,72,72,72,72,72,72,72,72,72,72,72,72],"card_choices":[{"not_picked":["ClearTheMind","CrushJoints"],"picked":"BattleHymn","floor":0},{"not_picked":["Halt","CrushJoints"],"picked":"FollowUp","floor":1},{"not_picked":["BowlingBash","FlurryOfBlows"],"picked":"PathToVictory","floor":2},{"not_picked":["Worship","Weave","FollowUp"],"picked":"SKIP","floor":4},{"not_picked":["ThirdEye","Evaluate","Blasphemy"],"picked":"SKIP","floor":5},{"not_picked":["PathToVictory","Worship"],"picked":"Protect","floor":7},{"not_picked":["ThirdEye","Swivel"],"picked":"MasterReality","floor":8},{"not_picked":["Halt","BowlingBash","JustLucky"],"picked":"SKIP","floor":10},{"not_picked":["Perseverance","EmptyFist"],"picked":"ForeignInfluence","floor":11},{"not_picked":["WaveOfTheHand","SashWhip"],"picked":"DeceiveReality","floor":13},{"not_picked":["SashWhip","Worship"],"picked":"EmptyFist","floor":14}],"player_experience":291938,"relics_obtained":[{"floor":8,"key":"Boot"},{"floor":9,"key":"Nunchaku"}],"event_choices":[{"damage_healed":24,"gold_gain":0,"player_choice":"Banana","damage_taken":0,"max_hp_gain":0,"max_hp_loss":0,"event_name":"Big Fish","floor":3,"gold_loss":0}],"is_beta":false,"boss_relics":[],"items_purged_floors":[],"is_endless":false,"potions_floor_spawned":[5,10,13,14],"killed_by":"The Guardian","ascension_level":2}}