{"host":"0vd2boh2oi7jm085","time":1609838829,"event":{"mods":["BaseMod","Colored Map","Colored Powertips","Highlight Path","Minty Spire (QoL Compilation)","Quick Restart","StSLib","The IronCluck"],"gold_per_floor":[116,135,155,155,3,3,22,22,48,48,198,123,123,143,143,218,218,233,76,76,126,146,146,146,159,159,174,174,174,174,190,190,267,267,278,296,48,62,0,0,0],"floor_reached":40,"playtime":769,"items_purged":["Doubt"],"score":714,"play_id":"8be24463-629a-447d-bf09-e3967b4a9a44","local_time":"20210105012709","is_ascension_mode":true,"campfire_choices":[{"data":"Double Tap","floor":6.0,"key":"SMITH"},{"data":"Immolate","floor":8.0,"key":"SMITH"},{"floor":13.0,"key":"REST"},{"data":"Shockwave","floor":15.0,"key":"SMITH"},{"data":"Flex","floor":23.0,"key":"SMITH"},{"data":"Immolate","floor":29.0,"key":"SMITH"},{"floor":32.0,"key":"REST"}],"circlet_count":0,"master_deck":["AscendersBane","Strike_R+1","Strike_R+1","Strike_R+1","Strike_R+1","Strike_R+1","Defend_R+1","Defend_R+1","Defend_R+1","Defend_R+1","Bash","Immolate+1","Thunderclap","Double Tap+1","Shockwave+1","Immolate+1","Flex+1","Anger","Demon Form","Pummel","Heavy Blade","Whirlwind"],"relics":["Burning Blood","Dead Branch","Potion Belt","Shuriken","Black Star","Strawberry","CaptainsWheel","Letter Opener","Runic Dome","HandDrill","Red Mask"],"acts_visited":["Exordium","TheCity","TheBeyond"],"potions_floor_usage":[33,33,33,40],"damage_taken":[{"damage":0.0,"enemies":"Cultist","floor":1.0,"turns":2.0},{"damage":0.0,"enemies":"2 Louse","floor":2.0,"turns":1.0},{"damage":14.0,"enemies":"Jaw Worm","floor":3.0,"turns":3.0},{"damage":7.0,"enemies":"Lots of Slimes","floor":7.0,"turns":2.0},{"damage":16.0,"enemies":"Blue Slaver","floor":14.0,"turns":4.0},{"damage":44.0,"enemies":"Hexaghost","floor":16.0,"turns":6.0},{"damage":0.0,"enemies":"2 Thieves","floor":18.0,"turns":1.0},{"damage":13.0,"enemies":"3 Byrds","floor":22.0,"turns":3.0},{"damage":12.0,"enemies":"3 Cultists","floor":25.0,"turns":4.0},{"damage":5.0,"enemies":"Chosen and Byrds","floor":27.0,"turns":5.0},{"damage":16.0,"enemies":"Sentry and Sphere","floor":31.0,"turns":5.0},{"damage":77,"enemies":"Automaton","floor":33,"turns":8},{"damage":20,"enemies":"Orb Walker","floor":35,"turns":3},{"damage":6,"enemies":"3 Shapes","floor":36,"turns":4},{"damage":28,"enemies":"Jaw Worm Horde","floor":38,"turns":3},{"damage":31,"enemies":"Maw","floor":40,"turns":4}],"seed_played":"6938684569141969128","potions_obtained":[{"floor":2.0,"key":"Weak Potion"},{"floor":7.0,"key":"DuplicationPotion"},{"floor":14.0,"key":"Energy Potion"},{"floor":22.0,"key":"AttackPotion"},{"floor":24.0,"key":"PowerPotion"},{"floor":24.0,"key":"Fire Potion"},{"floor":31.0,"key":"LiquidMemories"},{"floor":36,"key":"SteroidPotion"},{"floor":38,"key":"BlessingOfTheForge"}],"is_trial":false,"path_per_floor":["M","M","M","T","$","R","M","R","T","?","?","$","R","M","R","B",null,"M","$","T","?","M","R","?","M","T","M","?","R","?","M","R","B",null,"M","M","$","M","?","M"],"character_chosen":"IRONCLAD","items_purchased":["Double Tap","Strawberry","HandDrill","Whirlwind"],"campfire_rested":2,"item_purchase_floors":[5,19,37,37],"current_hp_per_floor":[74,75,67,67,67,67,66,66,66,55,55,55,75,65,65,27,63,69,76,76,76,69,69,69,63,63,64,64,64,64,54,78,7,63,49,49,49,27,27,0,0],"gold":0,"neow_bonus":"ONE_RANDOM_RARE_CARD","is_daily":false,"chose_seed":false,"campfire_upgraded":5,"win_rate":0.0,"timestamp":1609838829,"path_taken":["M","M","?","?","$","R","?","R","T","?","?","?","R","M","R","BOSS","M","$","?","?","M","R","?","M","T","?","?","R","?","M","R","BOSS","M","M","$","M","?","M"],"items_purchased_type":["Card","Relic","Relic","Card"],"build_version":"2020-12-22","purchased_purges":1,"victory":false,"max_hp_per_floor":[75,75,75,75,75,75,75,75,75,75,75,75,75,75,75,75,75,75,82,82,82,82,82,82,82,82,82,82,82,82,82,82,82,82,82,82,82,82,82,82,82],"card_choices":[{"not_picked":["Dropkick","Clothesline"],"picked":"Thunderclap","floor":1.0},{"not_picked":["Clash","Heavy Blade","Blood for Blood"],"picked":"SKIP","floor":2.0},{"not_picked":["Headbutt","Iron Wave","Flame Barrier"],"picked":"SKIP","floor":3.0},{"not_picked":["Pommel Strike","Clothesline","Disarm"],"picked":"SKIP","floor":7.0},{"not_picked":["Searing Blow","Fire Breathing"],"picked":"Shockwave","floor":14.0},{"not_picked":["Corruption","Brutality"],"picked":"Immolate","floor":16.0},{"not_picked":["Shockwave","Twin Strike"],"picked":"Flex","floor":18.0},{"not_picked":["Flex","Clothesline","Evolve"],"picked":"SKIP","floor":22.0},{"not_picked":["Burning Pact","Clash","Dual Wield"],"picked":"SKIP","floor":25.0},{"not_picked":["Warcry","Fire Breathing+1","Searing Blow"],"picked":"SKIP","floor":27.0},{"not_picked":["Combust+1","Headbutt"],"picked":"Anger","floor":31.0},{"not_picked":["Bludgeon","Impervious"],"picked":"Demon Form","floor":33},{"not_picked":["Wild Strike","Iron Wave"],"picked":"Pummel","floor":35},{"not_picked":["Rampage","Sword Boomerang+1"],"picked":"Heavy Blade","floor":36},{"not_picked":["Carnage+1","Heavy Blade","Wild Strike+1"],"picked":"SKIP","floor":38}],"player_experience":104015,"relics_obtained":[{"floor":4.0,"key":"Dead Branch"},{"floor":9.0,"key":"Potion Belt"},{"floor":20.0,"key":"CaptainsWheel"},{"floor":26.0,"key":"Letter Opener"}],"event_choices":[{"damage_healed":0.0,"max_hp_gain":0.0,"max_hp_loss":0.0,"gold_gain":0.0,"event_name":"Scrap Ooze","player_choice":"Success","floor":10.0,"gold_loss":0.0,"damage_taken":11.0,"relics_obtained":["Shuriken"]},{"damage_healed":0.0,"max_hp_gain":0.0,"max_hp_loss":0.0,"gold_gain":150.0,"event_name":"Liars Game","player_choice":"AGREE","floor":11.0,"gold_loss":0.0,"damage_taken":0.0,"cards_obtained":["Doubt"]},{"damage_healed":0.0,"max_hp_gain":0.0,"max_hp_loss":0.0,"gold_gain":50.0,"event_name":"Nest","player_choice":"Stole From Cult","floor":21.0,"gold_loss":0.0,"damage_taken":0.0},{"damage_healed":0.0,"max_hp_gain":0.0,"max_hp_loss":0.0,"gold_gain":0.0,"event_name":"Lab","player_choice":"Got Potions","floor":24.0,"gold_loss":0.0,"damage_taken":0.0},{"damage_healed":0.0,"max_hp_gain":0.0,"max_hp_loss":0.0,"gold_gain":0.0,"event_name":"Back to Basics","player_choice":"Simplicity","floor":28.0,"gold_loss":0.0,"damage_taken":0.0,"cards_upgraded":["Strike_R","Strike_R","Strike_R","Strike_R","Strike_R","Defend_R","Defend_R","Defend_R","Defend_R"]},{"damage_healed":0.0,"max_hp_gain":0.0,"max_hp_loss":0.0,"gold_gain":0.0,"event_name":"Vampires","player_choice":"Ignored","floor":30.0,"gold_loss":0.0,"damage_taken":0.0},{"damage_healed":0,"gold_gain":0,"player_choice":"Paid","damage_taken":0,"relics_obtained":["Red Mask"],"max_hp_gain":0,"max_hp_loss":0,"event_name":"Tomb of Lord Red Mask","floor":39,"gold_loss":62}],"is_beta":false,"boss_relics":[{"not_picked":["SlaversCollar","Tiny House"],"picked":"Black Star"},{"not_picked":["Sozu","Runic Cube"],"picked":"Runic Dome"}],"items_purged_floors":[12],"is_endless":false,"potions_floor_spawned":[2,7,14,22,31,36,38],"killed_by":"Maw","ascension_level":18}}