{"host":"o6rpelx2jpc8yies","time":1609828692,"event":{"mods":["BaseMod","Downfall","Minty Spire (QoL Compilation)","StSLib"],"gold_per_floor":[0,19,32,182,196,296,323,342,371,371,71,91,91,109,121,218,218,218,235,252,93,93,93,143,143,162,162,173,193,228,61,79,181,181,181,197,229,243,262,262,286,299,324,324,335,335,352,180,191,191,191,191,191],"floor_reached":52,"playtime":6307,"items_purged":["bronze:Strike","bronze:Strike"],"score":710,"play_id":"27e2b0f9-84bc-462a-9ac2-e5a117d0b7b5","local_time":"20210104233812","is_ascension_mode":false,"campfire_choices":[{"floor":1.0,"key":"RECALL"},{"floor":11.0,"key":"REST"},{"floor":13.0,"key":"REST"},{"data":"bronze:Goto","floor":18.0,"key":"SMITH"},{"data":"bronze:Repair","floor":23.0,"key":"SMITH"},{"data":"bronze:ItsAFeature","floor":25.0,"key":"SMITH"},{"data":"bronze:Verify","floor":35.0,"key":"SMITH"},{"data":"bronze:AlphaBuild","floor":46.0,"key":"SMITH"}],"circlet_count":0,"master_deck":["bronze:Strike","bronze:Defend","bronze:Defend","bronze:Defend","bronze:Defend","bronze:Replicate","bronze:Goto+1","Apotheosis+1","bronze:ChosenStrike","bronze:ClassDefault","bronze:BronzeArmor","bronze:FineTuning","bronze:Repair+1","bronze:FollowUp","bronze:Repulsor","bronze:Boost","bronze:Frontload","bronze:Format","bronze:Invalidate","bronze:BuggyMess","bronze:Fortify","bronze:ItsAFeature+1","bronze:Return","bronze:BugBarrage","bronze:Philosophize","bronze:Verify+1","bronze:OilSpill+1","bronze:SpaghettiCode","downfall:Aged","downfall:Bewildered","Normality","bronze:FindAndReplace","Decay","bronze:AlphaBuild+1","bronze:MaxOutput"],"relics":["bronze:BronzeCore","Juzu Bracelet","downfall:HeartBlessingRed","downfall:HeartBlessingGreen","downfall:HeartBlessingBlue","Coffee Dripper","Bag of Marbles","Enchiridion","Ice Cream","Guardian:PocketSentry","SlaversCollar","Bronze Scales","Du-Vu Doll","bronze:ProtectiveGoggles","PreservedInsect"],"acts_visited":["Exordium","TheCity","TheBeyond","TheEnding"],"potions_floor_usage":[50,50],"damage_taken":[{"damage":3.0,"enemies":"Jaw Worm","floor":2.0,"turns":4.0},{"damage":6.0,"enemies":"2 Louse","floor":3.0,"turns":4.0},{"damage":0.0,"enemies":"Small Slimes","floor":5.0,"turns":4.0},{"damage":38.0,"enemies":"downfall:Heads","floor":6.0,"turns":7.0},{"damage":0.0,"enemies":"3 Louse","floor":8.0,"turns":4.0},{"damage":26.0,"enemies":"3 Sentries","floor":9.0,"turns":10.0},{"damage":9.0,"enemies":"Gremlin Gang","floor":12.0,"turns":5.0},{"damage":17.0,"enemies":"Exordium Thugs","floor":14.0,"turns":4.0},{"damage":2.0,"enemies":"Large Slime","floor":15.0,"turns":6.0},{"damage":29.0,"enemies":"downfall:Defect","floor":16.0,"turns":14.0},{"damage":0.0,"enemies":"Chosen","floor":19.0,"turns":5.0},{"damage":3.0,"enemies":"3 Byrds","floor":20.0,"turns":5.0},{"damage":5.0,"enemies":"downfall:FleeingMerchant","floor":21.0,"turns":4.0},{"damage":10.0,"enemies":"Snecko","floor":26.0,"turns":5.0},{"damage":0.0,"enemies":"Centurion and Healer","floor":28.0,"turns":4.0},{"damage":14.0,"enemies":"Chosen and Byrds","floor":29.0,"turns":7.0},{"damage":47.0,"enemies":"Slavers","floor":30.0,"turns":7.0},{"damage":0.0,"enemies":"downfall:FleeingMerchant","floor":31.0,"turns":4.0},{"damage":12.0,"enemies":"Snecko","floor":32.0,"turns":3.0},{"damage":25.0,"enemies":"ArchetypeAct2MushroomsNewAge","floor":33.0,"turns":6.0},{"damage":17.0,"enemies":"3 Shapes","floor":36.0,"turns":5.0},{"damage":28.0,"enemies":"downfall:FleeingMerchant","floor":37.0,"turns":4.0},{"damage":2.0,"enemies":"Orb Walker","floor":38.0,"turns":4.0},{"damage":38.0,"enemies":"4 Shapes","floor":39.0,"turns":5.0},{"damage":23.0,"enemies":"Transient","floor":42.0,"turns":5.0},{"damage":12.0,"enemies":"Nemesis","floor":43.0,"turns":5.0},{"damage":11.0,"enemies":"3 Darklings","floor":45.0,"turns":3.0},{"damage":24.0,"enemies":"Jaw Worm Horde","floor":47.0,"turns":6.0},{"damage":33.0,"enemies":"Maw","floor":49.0,"turns":8.0},{"damage":9,"enemies":"downfall:Watcher","floor":50,"turns":9},{"damage":85,"enemies":"downfall:CharBossMerchant","floor":52,"turns":8}],"seed_played":"-1830149211128439591","potions_obtained":[{"floor":3.0,"key":"ColorlessPotion"},{"floor":5.0,"key":"Dexterity Potion"},{"floor":12.0,"key":"bronze:BuildAFunctionPotion"},{"floor":14.0,"key":"SpeedPotion"},{"floor":42.0,"key":"DistilledChaos"},{"floor":43.0,"key":"Swift Potion"},{"floor":45.0,"key":"SneckoOil"}],"is_trial":false,"path_per_floor":["R","M","M","?","M","?","T","M","E","?","R","M","R","M","M","B",null,"R","M","M","$","?","R","T","R","M","?","M","M","E","$","M","B",null,"R","M","$","M","M","?","T","M","E","?","M","R","M","$","M","B",null,"E"],"character_chosen":"THE_AUTOMATON","items_purchased":["bronze:ItsAFeature","Guardian:PocketSentry","Bronze Scales","bronze:SpaghettiCode","bronze:MaxOutput"],"campfire_rested":2,"item_purchase_floors":[21,31,37,37,48],"current_hp_per_floor":[70,67,61,61,61,23,23,23,7,7,41,42,66,49,69,50,80,80,80,80,75,75,75,75,75,70,54,64,60,23,33,31,16,80,80,73,55,53,25,30,30,17,15,74,63,63,39,39,16,17,74,0,0],"gold":191,"neow_bonus":"RANDOM_COLORLESS_2","is_daily":false,"chose_seed":false,"campfire_upgraded":5,"win_rate":0.0,"timestamp":1609828692,"path_taken":["R","M","M","?","M","?","T","M","E","?","R","M","R","M","M","BOSS","R","M","M","$","?","R","T","R","M","?","M","M","E","$","M","BOSS","R","M","$","M","M","?","T","M","E","?","M","R","M","$","M","BOSS","E"],"items_purchased_type":["Card","Relic","Relic","Card","Card"],"build_version":"2020-12-22","purchased_purges":2,"victory":false,"max_hp_per_floor":[70,70,70,70,70,70,70,70,70,70,80,80,80,80,80,80,80,80,80,80,80,80,80,80,80,80,80,80,80,80,80,80,80,80,80,80,80,80,80,85,85,85,85,74,74,74,74,74,74,74,74,74,74],"card_choices":[{"not_picked":["Sadistic Nature","HandOfGreed"],"picked":"Apotheosis","floor":0.0},{"not_picked":["bronze:Frontload","bronze:RecursiveStrike"],"picked":"bronze:ChosenStrike","floor":2.0},{"not_picked":["bronze:WildBeam","bronze:CutThrough"],"picked":"bronze:ClassDefault","floor":3.0},{"not_picked":["bronze:Overheat","bronze:Backtrace","bronze:SearingBeam"],"picked":"SKIP","floor":5.0},{"not_picked":["bronze:Frontload","bronze:OilSpill"],"picked":"bronze:BronzeArmor","floor":6.0},{"not_picked":["bronze:BugBarrage","bronze:FineTuning"],"picked":"bronze:Repair","floor":8.0},{"not_picked":["bronze:FindAndReplace","bronze:Shell"],"picked":"bronze:FollowUp","floor":9.0},{"not_picked":["bronze:ForLoop","bronze:Shell"],"picked":"bronze:Repulsor","floor":12.0},{"not_picked":["bronze:CutThrough","bronze:FineTuning"],"picked":"bronze:Boost","floor":14.0},{"not_picked":["bronze:CutThrough","bronze:DelayedGuard"],"picked":"bronze:Frontload","floor":15.0},{"not_picked":["bronze:HyperBeam","bronze:SpaghettiCode"],"picked":"bronze:Format","floor":16.0},{"not_picked":["bronze:Iterate+1","bronze:DigitalCarnage"],"picked":"bronze:Invalidate","floor":19.0},{"not_picked":["bronze:Shell","bronze:Branch"],"picked":"bronze:BuggyMess","floor":20.0},{"not_picked":["bronze:DigitalCarnage","bronze:ForceShield"],"picked":"bronze:Fortify","floor":21.0},{"not_picked":["bronze:CutThrough+1","bronze:Optimize"],"picked":"bronze:Return","floor":26.0},{"not_picked":["bronze:WhirlingStrike","bronze:FineTuning","bronze:Iterate"],"picked":"SKIP","floor":28.0},{"not_picked":["bronze:Shield","bronze:CutThrough"],"picked":"bronze:BugBarrage","floor":29.0},{"not_picked":["bronze:ChildClass","bronze:ForceShield","bronze:FollowUp"],"picked":"SKIP","floor":30.0},{"not_picked":["bronze:BuggyMess","bronze:OilSpill"],"picked":"bronze:Philosophize","floor":31.0},{"not_picked":["bronze:RecursiveStrike+1","bronze:CutThrough","bronze:Frontload+1"],"picked":"SKIP","floor":32.0},{"not_picked":["bronze:HyperBeam","bronze:SpaghettiCode"],"picked":"bronze:Verify","floor":33.0},{"not_picked":["bronze:Frontload+1","bronze:SearingBeam"],"picked":"bronze:OilSpill+1","floor":36.0},{"not_picked":["bronze:Turbo","bronze:NullPointer","bronze:GetLatest"],"picked":"SKIP","floor":37.0},{"not_picked":["bronze:ChildClass","bronze:Deprecate+1","bronze:ItsAFeature+1"],"picked":"SKIP","floor":38.0},{"not_picked":["bronze:GetLatest","bronze:SearingBeam+1","bronze:WildBeam"],"picked":"SKIP","floor":39.0},{"not_picked":["bronze:DelayedSlice+1","bronze:BugBarrage","bronze:FineTuning"],"picked":"SKIP","floor":42.0},{"not_picked":["bronze:Philosophize","bronze:Optimize"],"picked":"bronze:AlphaBuild","floor":43.0},{"not_picked":["bronze:WildBeam+1","bronze:BugBarrage+1","bronze:BitShift"],"picked":"SKIP","floor":45.0},{"not_picked":["bronze:ChildClass","bronze:Deprecate+1","bronze:DelayedSlice+1"],"picked":"SKIP","floor":47.0},{"not_picked":["bronze:Verify","bronze:BugBarrage","bronze:Optimize"],"picked":"SKIP","floor":49.0}],"player_experience":1727740,"relics_obtained":[{"floor":9.0,"key":"Juzu Bracelet"},{"floor":24.0,"key":"Bag of Marbles"},{"floor":27.0,"key":"Enchiridion"},{"floor":30.0,"key":"Ice Cream"},{"floor":41.0,"key":"bronze:ProtectiveGoggles"},{"floor":43.0,"key":"PreservedInsect"}],"event_choices":[],"is_beta":false,"boss_relics":[{"not_picked":["Empty Cage","SacredBark"],"picked":"Coffee Dripper"},{"not_picked":["Tiny House","Astrolabe"],"picked":"SlaversCollar"}],"items_purged_floors":[21,48],"is_endless":false,"potions_floor_spawned":[3,5,12,14,26,28,33,36,38,42,43,45],"killed_by":"downfall:CharBossMerchant","ascension_level":0}}