{"host":"t7mx8yfj1no5p62f","time":1609865933,"event":{"mods":["BaseMod","Colored Map","Colored Powertips","Minty Spire (QoL Compilation)","Relic Stats","StSLib"],"gold_per_floor":[114,125,90,90,90,90,110,142,142,176,186,218,234,250,250,327,327,341,355,2,19,19,46,46,46,119,150,150,178,178,207,207,207,207],"floor_reached":33,"playtime":940,"items_purged":["Strike_R"],"score":686,"play_id":"fbd5ddf5-d4f6-4823-a72d-84ddca0ac714","local_time":"20210105115853","is_ascension_mode":true,"campfire_choices":[{"data":"Twin Strike","floor":6.0,"key":"SMITH"},{"data":"Fire Breathing","floor":15.0,"key":"SMITH"},{"data":"Apotheosis","floor":25.0,"key":"SMITH"},{"data":"Pommel Strike","floor":28.0,"key":"SMITH"},{"data":"Intimidate","floor":30,"key":"SMITH"},{"data":"Battle Trance","floor":32,"key":"SMITH"}],"circlet_count":0,"master_deck":["AscendersBane","Strike_R","Strike_R","Strike_R","Strike_R","Defend_R","Defend_R","Defend_R","Defend_R","Bash","Perfected Strike+1","Twin Strike+1","Fire Breathing","Second Wind","Flame Barrier","Twin Strike","Fire Breathing+1","Shrug It Off","Impervious","Apotheosis+1","Dark Embrace","Impervious","Pommel Strike+1","Intimidate+1","Battle Trance+1"],"relics":["Mark of Pain","Meat on the Bone","MealTicket","Happy Flower","Bag of Preparation","Coffee Dripper","Calipers","Matryoshka","Ancient Tea Set","Akabeko","Dream Catcher"],"acts_visited":["Exordium","TheCity"],"potions_floor_usage":[31,33,33],"damage_taken":[{"damage":9.0,"enemies":"2 Louse","floor":1.0,"turns":2.0},{"damage":14.0,"enemies":"Small Slimes","floor":2.0,"turns":4.0},{"damage":2.0,"enemies":"Jaw Worm","floor":7.0,"turns":2.0},{"damage":30.0,"enemies":"Lagavulin","floor":8.0,"turns":6.0},{"damage":6.0,"enemies":"Gremlin Nob","floor":10.0,"turns":3.0},{"damage":0.0,"enemies":"Large Slime","floor":11.0,"turns":6.0},{"damage":10.0,"enemies":"Lagavulin","floor":12.0,"turns":4.0},{"damage":0.0,"enemies":"Looter","floor":13.0,"turns":2.0},{"damage":0.0,"enemies":"Red Slaver","floor":14.0,"turns":2.0},{"damage":10.0,"enemies":"Hexaghost","floor":16.0,"turns":7.0},{"damage":19.0,"enemies":"Shell Parasite","floor":18.0,"turns":6.0},{"damage":13.0,"enemies":"Chosen","floor":19.0,"turns":4.0},{"damage":11.0,"enemies":"Centurion and Healer","floor":21.0,"turns":5.0},{"damage":22.0,"enemies":"Book of Stabbing","floor":23.0,"turns":5.0},{"damage":9.0,"enemies":"Gremlin Leader","floor":27.0,"turns":5.0},{"damage":17,"enemies":"Slavers","floor":29,"turns":4},{"damage":22,"enemies":"Gremlin Leader","floor":31,"turns":5},{"damage":36,"enemies":"Champ","floor":33,"turns":7}],"seed_played":"-4506119053076745427","potions_obtained":[{"floor":2.0,"key":"SteroidPotion"},{"floor":8.0,"key":"Explosive Potion"},{"floor":11.0,"key":"Fire Potion"},{"floor":14.0,"key":"Explosive Potion"},{"floor":29,"key":"DistilledChaos"},{"floor":31,"key":"Fire Potion"}],"is_trial":false,"path_per_floor":["M","M","?","?","?","R","M","E","T","E","M","E","M","M","R","B",null,"M","M","$","M","?","E","?","R","T","E","R","E","R","E","R","B"],"character_chosen":"IRONCLAD","items_purchased":["Apotheosis","Dark Embrace"],"campfire_rested":0,"item_purchase_floors":[20,20],"current_hp_per_floor":[59,45,63,63,63,63,61,31,31,37,49,39,39,39,39,41,67,48,47,62,51,51,41,41,41,41,44,44,39,39,29,29,0,0],"gold":207,"neow_bonus":"BOSS_RELIC","is_daily":false,"chose_seed":false,"campfire_upgraded":6,"win_rate":0.0,"timestamp":1609865933,"path_taken":["M","M","?","?","?","R","M","E","T","E","M","E","M","M","R","BOSS","M","M","$","M","?","E","?","R","T","E","R","E","R","E","R","BOSS"],"items_purchased_type":["Card","Card"],"build_version":"2020-12-22","purchased_purges":1,"victory":false,"max_hp_per_floor":[75,75,75,75,75,75,75,75,75,75,75,75,75,75,75,75,75,75,75,75,75,75,75,75,75,75,75,75,75,75,75,75,75,75],"relic_stats":{"Dream Catcher":0,"Happy Flower":[20],"counters":[18,79],"MealTicket":15,"Bag of Preparation":[22],"obtain_stats":[{"Dream Catcher":31,"Calipers":23,"Matryoshka":26,"Happy Flower":10,"MealTicket":9,"Mark of Pain":0,"Bag of Preparation":12,"Coffee Dripper":17,"Ancient Tea Set":27,"Burning Blood":0,"Akabeko":29,"Meat on the Bone":8},{"Dream Catcher":17,"Calipers":14,"Matryoshka":14,"Happy Flower":5,"MealTicket":4,"Mark of Pain":0,"Bag of Preparation":7,"Coffee Dripper":10,"Ancient Tea Set":15,"Burning Blood":0,"Akabeko":16,"Meat on the Bone":4},{"Dream Catcher":72,"Calipers":58,"Matryoshka":58,"Happy Flower":17,"MealTicket":14,"Mark of Pain":0,"Bag of Preparation":27,"Coffee Dripper":38,"Ancient Tea Set":63,"Burning Blood":0,"Akabeko":67,"Meat on the Bone":14}],"Meat on the Bone":96},"card_choices":[{"not_picked":["Combust","Iron Wave"],"picked":"Perfected Strike","floor":1.0},{"not_picked":["Bloodletting","Warcry"],"picked":"Twin Strike","floor":2.0},{"not_picked":["Pommel Strike","Heavy Blade"],"picked":"Fire Breathing","floor":7.0},{"not_picked":["Dropkick","Thunderclap"],"picked":"Second Wind","floor":8.0},{"not_picked":["Intimidate","Dropkick"],"picked":"Flame Barrier","floor":10.0},{"not_picked":["Infernal Blade","Headbutt"],"picked":"Twin Strike","floor":11.0},{"not_picked":["Sword Boomerang","Thunderclap"],"picked":"Fire Breathing","floor":12.0},{"not_picked":["Clash","Wild Strike","Fire Breathing"],"picked":"SKIP","floor":13.0},{"not_picked":["Entrench","Twin Strike"],"picked":"Shrug It Off","floor":14.0},{"not_picked":["Bludgeon","Offering"],"picked":"Impervious","floor":16.0},{"not_picked":["Reckless Charge","Clash","Twin Strike"],"picked":"SKIP","floor":18.0},{"not_picked":["Dropkick","Sever Soul","Clothesline"],"picked":"SKIP","floor":19.0},{"not_picked":["Twin Strike","Havoc"],"picked":"Impervious","floor":21.0},{"not_picked":["Wild Strike","Twin Strike"],"picked":"Pommel Strike","floor":23.0},{"not_picked":["Twin Strike","Juggernaut"],"picked":"Intimidate","floor":27.0},{"not_picked":["Carnage","Sentinel","Blood for Blood"],"picked":"SKIP","floor":29},{"not_picked":["Cleave","Sword Boomerang"],"picked":"Battle Trance","floor":31}],"player_experience":1660007,"relics_obtained":[{"floor":8.0,"key":"Meat on the Bone"},{"floor":9.0,"key":"MealTicket"},{"floor":10.0,"key":"Happy Flower"},{"floor":12.0,"key":"Bag of Preparation"},{"floor":23.0,"key":"Calipers"},{"floor":26.0,"key":"Matryoshka"},{"floor":27.0,"key":"Ancient Tea Set"},{"floor":29,"key":"Akabeko"},{"floor":31,"key":"Dream Catcher"}],"event_choices":[{"damage_healed":18.0,"max_hp_gain":0.0,"max_hp_loss":0.0,"gold_gain":0.0,"event_name":"The Cleric","player_choice":"Healed","floor":3.0,"gold_loss":35.0,"damage_taken":0.0},{"damage_healed":0.0,"max_hp_gain":0.0,"max_hp_loss":0.0,"gold_gain":0.0,"event_name":"Living Wall","player_choice":"Grow","floor":4.0,"gold_loss":0.0,"damage_taken":0.0,"cards_upgraded":["Perfected Strike"]},{"damage_healed":0.0,"max_hp_gain":0.0,"max_hp_loss":0.0,"gold_gain":0.0,"event_name":"Liars Game","player_choice":"Ignored","floor":5.0,"gold_loss":0.0,"damage_taken":0.0},{"damage_healed":0.0,"max_hp_gain":0.0,"max_hp_loss":0.0,"gold_gain":0.0,"event_name":"The Mausoleum","player_choice":"Ignored","floor":22.0,"gold_loss":0.0,"damage_taken":0.0},{"damage_healed":0.0,"max_hp_gain":0.0,"max_hp_loss":0.0,"gold_gain":0.0,"event_name":"Match and Keep!","player_choice":"0 cards matched","floor":24.0,"gold_loss":0.0,"damage_taken":0.0,"cards_obtained":[]}],"is_beta":false,"boss_relics":[{"not_picked":["Velvet Choker","Sozu"],"picked":"Coffee Dripper"}],"items_purged_floors":[20],"is_endless":false,"potions_floor_spawned":[2,8,11,14,21,23,29,31],"killed_by":"Champ","ascension_level":20}}