{"host":"1vlnbhbo7cfp1mi8","time":1609854879,"event":{"mods":["BaseMod","Bestiary","Better Third Choice","BetterRewards","Googly Eyes","Minty Spire (QoL Compilation)","Replay The Spire","StSLib","The Jungle","The Marked","The Mystic","The Runesmith"],"gold_per_floor":[110,130,305,305,101,101,121,150,230,105,118,15,48,59,59,163,163,180,30,30,45,62,96,110,110,133,164,164,175,4,4,4,103,103,123,38,38,52,63,89,89,100,100,118,118,118,118,133,133,133],"floor_reached":51,"playtime":7621,"items_purged":["theMarked:Strike","Doubt","theMarked:Strike","theMarked:Strike"],"score":727,"play_id":"84a7dac4-3336-4b9f-8585-463cbe72be15","local_time":"20210105155439","is_ascension_mode":false,"campfire_choices":[{"floor":6.0,"key":"REST"},{"floor":15.0,"key":"REST"},{"floor":25.0,"key":"REST"},{"floor":28.0,"key":"REST"},{"floor":32.0,"key":"REST"},{"floor":45.0,"key":"REST"},{"floor":47.0,"key":"REST"},{"floor":49.0,"key":"REST"}],"circlet_count":0,"master_deck":["theMarked:Strike+1","theMarked:Defend","theMarked:Defend","theMarked:Defend","theMarked:Defend","theMarked:SoldierOfQuellstein","theMarked:GodGivenPower","theMarked:Aftermath","theMarked:SelfDefenseTraining","theMarked:GodGivenPower","theMarked:ComboAttacks","theMarked:ContemptForTheProud+1","theMarked:ElementalBlade","theMarked:Polarize","theMarked:LightningStrikesTwice","theMarked:GodGivenPower","theMarked:Electrify","theMarked:ElementalBlade","theMarked:TwofoldDefense","theMarked:EternalStudent","theMarked:ThrowWeapon","theMarked:ShockingTouch","theMarked:Polarize","theMarked:RogueSparks+1","theMarked:HeightenedSenses+1","theMarked:Standoff+1","theMarked:MaelstromOfLightning","theMarked:StartUp+1","theMarked:WastefulDefense","Sadistic Nature","Panache","Apotheosis","theMarked:Snap","theMarked:PowerFlow+1","Good Instincts","theMarked:ChainLightning+1","theMarked:Electrify","theMarked:EmpowerWeapon+1"],"relics":["theMarked:ArtifactOfAir","HandDrill","theMarked:KettuFlask","BargainBundle","Bag of Preparation","Onion Ring","Kunai","Replay:Fungal Core","Replay:Baseball","Bag of Marbles","Girya","ReplayTheSpireMod:ShopPack","Runesmith:UraniumAnvil","Shuriken","Darkstone Periapt","PreservedInsect"],"acts_visited":["Exordium","TheCity","TheBeyond"],"potions_floor_usage":[50,50],"damage_taken":[{"damage":6.0,"enemies":"Cultist","floor":1.0,"turns":3.0},{"damage":3.0,"enemies":"Jaw Worm","floor":2.0,"turns":3.0},{"damage":0.0,"enemies":"2 Louse","floor":7.0,"turns":3.0},{"damage":8.0,"enemies":"Gremlin Nob","floor":8.0,"turns":4.0},{"damage":0.0,"enemies":"Lots of Slimes","floor":11.0,"turns":4.0},{"damage":13.0,"enemies":"3 Sentries","floor":13.0,"turns":8.0},{"damage":0.0,"enemies":"3 Louse","floor":14.0,"turns":2.0},{"damage":25.0,"enemies":"Hexaghost","floor":16.0,"turns":6.0},{"damage":3.0,"enemies":"Spheric Guardian","floor":18.0,"turns":3.0},{"damage":8.0,"enemies":"3 Byrds","floor":21.0,"turns":5.0},{"damage":17.0,"enemies":"Sentry and Sphere","floor":22.0,"turns":4.0},{"damage":0.0,"enemies":"Gremlin Leader","floor":23.0,"turns":6.0},{"damage":3.0,"enemies":"3 Cultists","floor":24.0,"turns":4.0},{"damage":46.0,"enemies":"Book of Stabbing","floor":27.0,"turns":6.0},{"damage":29.0,"enemies":"Snake Plant","floor":29.0,"turns":4.0},{"damage":39.0,"enemies":"Collector","floor":33.0,"turns":7.0},{"damage":7.0,"enemies":"3 Shapes","floor":35.0,"turns":3.0},{"damage":0.0,"enemies":"3 Darklings","floor":38.0,"turns":3.0},{"damage":28.0,"enemies":"Spire Growth","floor":39.0,"turns":5.0},{"damage":7.0,"enemies":"Reptomancer","floor":40.0,"turns":4.0},{"damage":0.0,"enemies":"Sphere and 2 Shapes","floor":42.0,"turns":2.0},{"damage":18.0,"enemies":"3 Darklings","floor":44.0,"turns":5.0},{"damage":15.0,"enemies":"Spire Growth","floor":48.0,"turns":3.0},{"damage":27,"enemies":"Time Eater","floor":50,"turns":5}],"seed_played":"-719090908465796455","potions_obtained":[{"floor":2.0,"key":"AttackPotion"},{"floor":7.0,"key":"Reflective Coating"},{"floor":8.0,"key":"AttackPotion"},{"floor":16.0,"key":"Explosive Potion"},{"floor":27.0,"key":"FairyPotion"},{"floor":33.0,"key":"LiquidMemories"},{"floor":38.0,"key":"Energy Potion"},{"floor":44.0,"key":"Elixir"},{"floor":48.0,"key":"Cursed Concoction"}],"is_trial":false,"path_per_floor":["M","M","?","?","$","R","M","E","T","$","M","$","E","M","R","B",null,"M","$","?","M","M","E","M","R","T","E","R","M","$","?","R","B",null,"M","$","?","M","M","E","T","M","T","M","R","?","R","M","R","B",null],"character_chosen":"THE_DEFAULT","items_purchased":["theMarked:GodGivenPower","theMarked:Aftermath","HandDrill","BargainBundle","theMarked:ContemptForTheProud+1","theMarked:ElementalBlade","theMarked:Polarize","theMarked:LightningStrikesTwice","PowerPotion","Ancient Potion","theMarked:ElementalBlade","theMarked:TwofoldDefense","ReplayTheSpireMod:ShopPack","theMarked:WastefulDefense","Good Instincts"],"campfire_rested":8,"item_purchase_floors":[0,0,0,5,5,5,5,5,5,5,12,12,30,30,36],"current_hp_per_floor":[43,40,40,26,26,47,47,39,39,39,39,39,26,26,47,22,70,67,67,67,59,42,42,39,60,60,14,35,6,6,6,27,21,70,63,63,63,63,35,28,28,28,28,10,29,29,48,33,52,25],"gold":133,"neow_bonus":"","is_daily":false,"chose_seed":false,"campfire_upgraded":0,"win_rate":0.0,"timestamp":1609854879,"path_taken":["M","M","?","?","$","R","M","E","T","?","M","$","E","M","R","BOSS","M","$","?","M","?","E","?","R","T","E","R","M","$","?","R","BOSS","M","?","?","M","M","E","?","?","T","M","R","?","R","M","R","BOSS"],"items_purchased_type":["Card","Card","Relic","Relic","Card","Card","Card","Card","Potion","Potion","Card","Card","Relic","Card","Card"],"build_version":"2020-12-22","purchased_purges":4,"victory":true,"max_hp_per_floor":[70,70,70,70,70,70,70,70,70,70,70,70,70,70,70,70,70,70,70,70,70,70,70,70,70,70,70,70,70,70,70,70,70,70,70,70,66,66,66,66,66,66,66,66,66,66,66,66,66,66],"card_choices":[{"not_picked":["theMarked:SelfDefenseTraining","theMarked:WastefulDefense"],"picked":"theMarked:GodGivenPower","floor":1.0},{"not_picked":["theMarked:WastefulDefense","theMarked:WastefulAttack"],"picked":"theMarked:ComboAttacks","floor":2.0},{"not_picked":["theMarked:WardOff","theMarked:ParalyzingBlade"],"picked":"theMarked:GodGivenPower","floor":7.0},{"not_picked":["theMarked:Aftermath","theMarked:HeightenedSenses"],"picked":"theMarked:Electrify","floor":8.0},{"not_picked":["theMarked:TwofoldDefense","theMarked:Frustration","theMarked:HeightenedSenses"],"picked":"SKIP","floor":11.0},{"not_picked":["theMarked:HeightenedSenses","theMarked:Parkour","theMarked:ElectricStrings"],"picked":"SKIP","floor":13.0},{"not_picked":["theMarked:Frustration","theMarked:TwofoldDefense"],"picked":"theMarked:EternalStudent","floor":14.0},{"not_picked":["theMarked:Defy","theMarked:ChannelForce"],"picked":"theMarked:ThrowWeapon","floor":16.0},{"not_picked":["theMarked:HeritageOfTheMarked","theMarked:Overthink"],"picked":"theMarked:ShockingTouch","floor":18.0},{"not_picked":["theMarked:Aftermath","theMarked:ElectricStrings"],"picked":"theMarked:RogueSparks+1","floor":21.0},{"not_picked":["theMarked:RepellingDischarge","theMarked:Aftermath"],"picked":"theMarked:HeightenedSenses+1","floor":22.0},{"not_picked":["theMarked:ElectricStrings","theMarked:RepellingDischarge+1","theMarked:Frustration+1"],"picked":"SKIP","floor":23.0},{"not_picked":["theMarked:SwordAndMagic","theMarked:Frustration"],"picked":"theMarked:Standoff+1","floor":24.0},{"not_picked":["theMarked:Challenge","theMarked:ShockingTouch"],"picked":"theMarked:MaelstromOfLightning","floor":27.0},{"not_picked":["theMarked:Improvise+1","theMarked:Indomitable"],"picked":"theMarked:StartUp+1","floor":29.0},{"not_picked":["The Bomb","Crow Ritual"],"picked":"Sadistic Nature","floor":30.0},{"not_picked":["Finesse","Specialist"],"picked":"Panache","floor":30.0},{"not_picked":["Specialist","PanicButton"],"picked":"Apotheosis","floor":30.0},{"not_picked":["theMarked:ThrowWeapon","theMarked:Abjuration"],"picked":"theMarked:Snap","floor":33.0},{"not_picked":["theMarked:Convert","theMarked:Parkour"],"picked":"theMarked:PowerFlow+1","floor":35.0},{"not_picked":["theMarked:Static","theMarked:DeterminationOfTheMarked+1"],"picked":"theMarked:ChainLightning+1","floor":38.0},{"not_picked":["theMarked:WardOff","theMarked:Abjuration"],"picked":"theMarked:Electrify","floor":39.0},{"not_picked":["theMarked:WastefulAttack+1","theMarked:Frustration","theMarked:DispelDoubt"],"picked":"SKIP","floor":40.0},{"not_picked":["theMarked:ChainLightning+1","theMarked:ParalyzingBlade"],"picked":"theMarked:EmpowerWeapon+1","floor":42.0},{"not_picked":["theMarked:Parkour+1","theMarked:ElectricStrings+1","theMarked:BanishingStrike"],"picked":"SKIP","floor":44.0},{"not_picked":["theMarked:SwordAndMagic","theMarked:Convert","theMarked:BanishingStrike+1"],"picked":"SKIP","floor":48.0}],"player_experience":112604,"relics_obtained":[{"floor":8.0,"key":"Bag of Preparation"},{"floor":9.0,"key":"Onion Ring"},{"floor":13.0,"key":"Kunai"},{"floor":23.0,"key":"Replay:Baseball"},{"floor":26.0,"key":"Bag of Marbles"},{"floor":27.0,"key":"Girya"},{"floor":40.0,"key":"Shuriken"},{"floor":41.0,"key":"Darkstone Periapt"},{"floor":43.0,"key":"PreservedInsect"}],"event_choices":[{"damage_healed":0.0,"max_hp_gain":0.0,"max_hp_loss":0.0,"gold_gain":175.0,"event_name":"betterThird:BetterSerpent","player_choice":"AGREE","floor":3.0,"gold_loss":0.0,"damage_taken":130.0},{"damage_healed":40.0,"max_hp_gain":0.0,"max_hp_loss":70.0,"gold_gain":0.0,"event_name":"betterThird:BetterShining","player_choice":"Upgrade","floor":4.0,"gold_loss":0.0,"damage_taken":14.0,"cards_upgraded":["theMarked:Strike","theMarked:Strike"]},{"damage_healed":0.0,"max_hp_gain":0.0,"max_hp_loss":0.0,"gold_gain":0.0,"event_name":"Duplicator","player_choice":"Copied","floor":20.0,"gold_loss":0.0,"damage_taken":0.0,"cards_obtained":["theMarked:Polarize"]},{"cards_removed":["theMarked:Strike"],"damage_healed":0.0,"max_hp_gain":0.0,"max_hp_loss":0.0,"gold_gain":0.0,"event_name":"Purifier","player_choice":"Purged","floor":31.0,"gold_loss":0.0,"damage_taken":0.0},{"damage_healed":0.0,"max_hp_gain":0.0,"max_hp_loss":4.0,"gold_gain":0.0,"event_name":"Winding Halls","player_choice":"Max HP","floor":37.0,"gold_loss":0.0,"damage_taken":0.0},{"damage_healed":0.0,"max_hp_gain":0.0,"max_hp_loss":0.0,"gold_gain":0.0,"event_name":"Mysterious Sphere","player_choice":"Ignored","floor":46.0,"gold_loss":0.0,"damage_taken":0.0}],"is_beta":false,"boss_relics":[{"not_picked":["Ring of Chaos","Replay:Drink Me"],"picked":"Replay:Fungal Core"},{"not_picked":["Honey Jar","Runic Pyramid"],"picked":"Runesmith:UraniumAnvil"}],"items_purged_floors":[0,5,10,19],"is_endless":false,"potions_floor_spawned":[2,7,8,16,27,33,38,44,48],"ascension_level":0}}