{"host":"ds1yr10zonoc6w4a","time":1609819942,"event":{"mods":["BaseMod","Better Match","Better Third Choice","BetterRewards","Minty Spire (QoL Compilation)","StSLib","The Animator"],"gold_per_floor":[18,18,18,44,44,44,79,93,93,119,119,150,163,194,194,292,292,310,334,249,43,68,99,99,122,122,122,47,94,109,125,125,218,218,251,151,165,40,373,373,407,407,407,433,446,446,446],"floor_reached":46,"playtime":4870,"items_purged":["animator:Defend","animator:RoyMustang","animator:IrohaTamaki+1"],"score":1184,"play_id":"bb3731c9-1b9f-4c59-bb5a-3a32b7dde457","local_time":"20210104211222","is_ascension_mode":true,"campfire_choices":[{"data":"animator:Demiurge","floor":6,"key":"SMITH"},{"data":"animator:Shalltear","floor":11,"key":"SMITH"},{"floor":15,"key":"REST"},{"data":"animator:Demiurge","floor":24,"key":"SMITH"},{"data":"animator:Cocytus","floor":32,"key":"SMITH"},{"floor":40,"key":"RECALL"}],"circlet_count":0,"master_deck":["AscendersBane","animator:Strike_Overlord","animator:Defend_Overlord","animator:Cocytus+1","animator:Demiurge+1","animator:Sonic+1","animator:Cocytus","animator:Sonic","animator:Entoma+10","animator:Hakurou","animator:PandorasActor","animator:Shalltear+1","animator:Sebas","animator:Biyorigo","animator:UneriGinkaku","animator:Shichika+1","animator:Sebas","animator:Cocytus","animator:Demiurge+1","animator:Shichika","animator:Shichika","animator:Envy","animator:Mikaela","animator:SilverFang","animator:Kyubey","animator:NononJakuzure","animator:TanyaDegurechaff","animator:MisakiNakahara","animator:Demiurge","animator:SilverFang+1"],"relics":["animator:VividPicture","animator:TheMissingPiece","Paper Crane","Pear","animator:OldCoffin","Pocketwatch","MealTicket","Bag of Preparation","animator:Buoy","animator:ShionDessert","Mark of Pain","War Paint","Peace Pipe"],"acts_visited":["Exordium","TheCity","TheBeyond"],"potions_floor_usage":[7,12,16,22,23,33,33,41,45,45],"damage_taken":[{"damage":9,"enemies":"2 Louse","floor":1,"turns":2},{"damage":6,"enemies":"Cultist","floor":4,"turns":4},{"damage":2,"enemies":"Lagavulin","floor":7,"turns":8},{"damage":6,"enemies":"Small Slimes","floor":8,"turns":3},{"damage":10,"enemies":"Looter","floor":10,"turns":4},{"damage":29,"enemies":"3 Sentries","floor":12,"turns":7},{"damage":9,"enemies":"Large Slime","floor":13,"turns":5},{"damage":10,"enemies":"Lagavulin","floor":14,"turns":7},{"damage":0,"enemies":"The Guardian","floor":16,"turns":8},{"damage":0,"enemies":"Spheric Guardian","floor":18,"turns":4},{"damage":10,"enemies":"Chosen","floor":19,"turns":5},{"damage":0,"enemies":"Snake Plant","floor":22,"turns":3},{"damage":13,"enemies":"Slavers","floor":23,"turns":4},{"damage":0,"enemies":"Sentry and Sphere","floor":25,"turns":3},{"damage":6,"enemies":"animator:HornedBat","floor":29,"turns":4},{"damage":0,"enemies":"Cultist and Chosen","floor":30,"turns":4},{"damage":0,"enemies":"Snecko","floor":31,"turns":3},{"damage":9,"enemies":"Champ","floor":33,"turns":7},{"damage":1,"enemies":"Orb Walker","floor":35,"turns":2},{"damage":0,"enemies":"3 Darklings","floor":37,"turns":3},{"damage":36,"enemies":"Nemesis","floor":41,"turns":5},{"damage":0,"enemies":"Giant Head","floor":44,"turns":6},{"damage":0,"enemies":"Jaw Worm Horde","floor":45,"turns":3},{"damage":63,"enemies":"2 Orb Walkers","floor":46,"turns":3}],"seed_played":"-526528420597972658","potions_obtained":[{"floor":4,"key":"EssenceOfSteel"},{"floor":10,"key":"Strength Potion"},{"floor":12,"key":"FairyPotion"},{"floor":14,"key":"Strength Potion"},{"floor":19,"key":"PowerPotion"},{"floor":22,"key":"BlessingOfTheForge"},{"floor":29,"key":"Strength Potion"},{"floor":30,"key":"Swift Potion"},{"floor":37,"key":"animator:FalseLifePotion"},{"floor":41,"key":"Dexterity Potion"},{"floor":44,"key":"DistilledChaos"}],"is_trial":false,"path_per_floor":["M","?","?","M","?","R","E","M","T","M","R","E","M","E","R","B",null,"M","M","?","$","M","E","R","M","T","?","?","E","M","M","R","B",null,"M","$","M","$","?","R","E","?","T","E","M","?"],"character_chosen":"THE_ANIMATOR","items_purchased":["animator:Sebas","animator:Cocytus"],"campfire_rested":1,"item_purchase_floors":[21,21],"current_hp_per_floor":[45,45,45,39,39,39,37,34,44,34,34,7,25,15,38,38,68,70,62,62,77,77,64,64,64,64,64,64,58,60,60,60,53,78,77,86,88,88,88,88,53,43,43,43,43,0,0],"gold":446,"neow_bonus":"TRANSFORM_TWO_CARDS","is_daily":false,"chose_seed":false,"campfire_upgraded":4,"win_rate":0.0,"timestamp":1609819942,"path_taken":["M","?","?","?","?","R","E","?","T","M","R","E","M","E","R","BOSS","M","M","?","$","M","E","R","M","T","?","?","E","M","M","R","BOSS","M","$","M","$","?","R","E","?","T","E","M","?"],"items_purchased_type":["Card","Card"],"build_version":"2020-12-22","purchased_purges":3,"victory":false,"max_hp_per_floor":[60,60,60,60,60,60,60,63,73,73,73,75,78,78,78,78,78,80,82,82,82,82,82,82,82,82,82,82,82,84,84,84,86,86,86,86,88,88,88,88,89,89,89,89,89,89,89],"card_choices":[{"not_picked":["animator:Yoichi","animator:Vesta"],"picked":"animator:Cocytus","floor":1},{"not_picked":["animator:Scar","animator:UneriGinkaku"],"picked":"animator:Entoma","floor":4},{"not_picked":["animator:SayakaMiki","animator:HiiragiShinya"],"picked":"animator:Hakurou","floor":7},{"not_picked":["animator:NarberalGamma","animator:Entoma"],"picked":"animator:PandorasActor","floor":8},{"not_picked":["animator:KyokoSakura","animator:Millim"],"picked":"animator:Shalltear","floor":10},{"not_picked":["animator:Hitei","animator:Tatsumaki","animator:Millim"],"picked":"SKIP","floor":12},{"not_picked":["animator:SuzuneAmano","animator:Mitsuba"],"picked":"animator:Sebas","floor":13},{"not_picked":["animator:Cocytus","animator:PandorasActor"],"picked":"animator:Entoma","floor":14},{"not_picked":["animator:MadokaKaname","animator:Kyubey"],"picked":"animator:Biyorigo","floor":16},{"not_picked":["animator:IrohaTamaki","animator:Genos"],"picked":"animator:UneriGinkaku","floor":18},{"not_picked":["animator:Hakurou+1","animator:Emonzaemon"],"picked":"animator:Shichika","floor":19},{"not_picked":["animator:Sloth","animator:UneriGinkaku","animator:Tatsumaki"],"picked":"SKIP","floor":22},{"not_picked":["animator:Evileye","animator:PandorasActor"],"picked":"animator:Demiurge","floor":23},{"not_picked":["animator:MetalKnight","animator:HiiragiShinya"],"picked":"animator:Shichika","floor":25},{"not_picked":["animator:Shigure","animator:Greed"],"picked":"animator:IrohaTamaki+1","floor":29},{"not_picked":["animator:ElricAlphonse","animator:Hakurou"],"picked":"animator:Shichika","floor":30},{"not_picked":["animator:NarberalGamma","animator:Cocytus"],"picked":"animator:Entoma","floor":31},{"not_picked":["animator:Greed","animator:Saitama"],"picked":"animator:Envy","floor":33},{"not_picked":["animator:SayakaMiki","animator:Souei"],"picked":"animator:Mikaela","floor":35},{"not_picked":["animator:ElricEdward+1","animator:Souei"],"picked":"animator:SilverFang","floor":37},{"not_picked":["animator:WinryRockbell","animator:Mitsuba"],"picked":"animator:Kyubey","floor":41},{"not_picked":["animator:LimeBell","animator:TanyaDegurechaff"],"picked":"animator:NononJakuzure","floor":42},{"not_picked":["animator:Cirno","animator:Lelouch"],"picked":"animator:TanyaDegurechaff","floor":42},{"not_picked":["animator:MisaKurobane","animator:Zero"],"picked":"animator:MisakiNakahara","floor":42},{"not_picked":["animator:Sebas","animator:Cocytus"],"picked":"animator:Demiurge","floor":44},{"not_picked":["animator:Nanami+1","animator:Pride"],"picked":"animator:SilverFang+1","floor":45}],"player_experience":647781,"relics_obtained":[{"floor":7,"key":"Paper Crane"},{"floor":9,"key":"Pear"},{"floor":12,"key":"animator:OldCoffin"},{"floor":14,"key":"Pocketwatch"},{"floor":23,"key":"Bag of Preparation"},{"floor":26,"key":"animator:Buoy"},{"floor":29,"key":"animator:ShionDessert"},{"floor":41,"key":"War Paint"},{"floor":44,"key":"Peace Pipe"}],"event_choices":[{"damage_healed":0,"gold_gain":0,"player_choice":"Take Wound","damage_taken":0,"relics_obtained":["Golden Idol"],"max_hp_gain":0,"max_hp_loss":0,"event_name":"Golden Idol","floor":2,"gold_loss":0,"cards_obtained":["Injury"]},{"damage_healed":0,"gold_gain":0,"cards_transformed":["animator:Strike"],"player_choice":"Transformed","damage_taken":0,"max_hp_gain":0,"max_hp_loss":0,"event_name":"Transmorgrifier","floor":3,"gold_loss":0,"cards_obtained":["animator:Sonic"]},{"cards_removed":["Injury"],"damage_healed":0,"gold_gain":0,"player_choice":"Removed Curses","damage_taken":0,"max_hp_gain":0,"max_hp_loss":0,"event_name":"Fountain of Cleansing","floor":5,"gold_loss":0},{"damage_healed":0,"gold_gain":0,"player_choice":"Obtained Relic","damage_taken":0,"relics_obtained":["MealTicket"],"max_hp_gain":0,"max_hp_loss":0,"event_name":"Addict","floor":20,"gold_loss":85},{"cards_removed":["animator:Defend"],"damage_healed":0,"gold_gain":0,"player_choice":"Elegance","damage_taken":0,"max_hp_gain":0,"max_hp_loss":0,"event_name":"betterThird:BetterWriting","floor":27,"gold_loss":0},{"cards_removed":["animator:Defend"],"damage_healed":0,"gold_gain":0,"player_choice":"Gave Gold","damage_taken":0,"max_hp_gain":0,"max_hp_loss":0,"event_name":"Beggar","floor":28,"gold_loss":75},{"damage_healed":0,"gold_gain":333,"player_choice":"Gave Idol","damage_taken":0,"max_hp_gain":0,"max_hp_loss":0,"event_name":"The Moai Head","floor":39,"relics_lost":["Golden Idol"],"gold_loss":0},{"damage_healed":0,"gold_gain":0,"player_choice":"Memory 3","damage_taken":10,"max_hp_gain":0,"max_hp_loss":0,"event_name":"SensoryStone","floor":42,"gold_loss":0},{"damage_healed":0,"gold_gain":0,"player_choice":"Fight","damage_taken":0,"max_hp_gain":0,"max_hp_loss":0,"event_name":"Mysterious Sphere","floor":46,"gold_loss":0}],"is_beta":false,"boss_relics":[{"not_picked":["Cursed Key","Runic Dome"],"picked":"animator:VividPicture"},{"not_picked":["Empty Cage","Black Star"],"picked":"Mark of Pain"}],"items_purged_floors":[21,36,38],"is_endless":false,"potions_floor_spawned":[4,10,12,14,19,22,29,30,37,41,44],"killed_by":"2 Orb Walkers","ascension_level":17}}