{"host":"ikjt6v4q6zrcj3if","time":1609886153,"event":{"mods":["BaseMod","CapriCore","Colored Map","Downfall","Luminous","Minty Spire (QoL Compilation)","Permanent Neow","Quick Restart","Replay The Spire","Robot Space Explorer","Somnambulant","Spicy Shops","StSLib","SuperFastMode","The Exalted","The Marked","The Runesmith","TheSwordswoman","WarShipGirlsR/??è≠èóR mod"],"gold_per_floor":[116,134,134,59,77,77,108,108,108,108,121,121,132,194,194,194,194],"floor_reached":16,"playtime":917,"items_purged":["somnambulantmod: HorrificThought"],"score":100,"play_id":"2ba2e879-d647-4f55-9532-0c72734a61ef","local_time":"20210106073553","is_ascension_mode":false,"campfire_choices":[{"data":"somnambulantmod: Hush","floor":6,"key":"SMITH"},{"data":"somnambulantmod: LayeredDefense","floor":8,"key":"SMITH"},{"data":"somnambulantmod: PrimingPunch","floor":10,"key":"SMITH"},{"data":"somnambulantmod: Defend_Somnambulant","floor":12,"key":"SMITH"},{"data":"somnambulantmod: HappyThoughts","floor":15,"key":"SMITH"}],"circlet_count":0,"master_deck":["somnambulantmod: SomnambulantStrike","somnambulantmod: SomnambulantStrike","somnambulantmod: SomnambulantStrike","somnambulantmod: SomnambulantStrike","somnambulantmod: Defend_Somnambulant","somnambulantmod: Defend_Somnambulant","somnambulantmod: Defend_Somnambulant","somnambulantmod: Defend_Somnambulant+1","somnambulantmod: PrimingPunch+1","somnambulantmod: Hush+1","somnambulantmod: PourItOut","somnambulantmod: LayeredDefense+1","somnambulantmod: HappyThoughts+1","somnambulantmod: Remember"],"relics":["somnambulantmod: DreamJournal","Gremlin Horn","Bag of Marbles","ReplayTheSpireMod:Ninjato"],"acts_visited":["Exordium"],"potions_floor_usage":[7,16],"damage_taken":[{"damage":0,"enemies":"2 Louse","floor":1,"turns":3},{"damage":0,"enemies":"Cultist","floor":2,"turns":5},{"damage":0,"enemies":"Small Slimes","floor":5,"turns":4},{"damage":30,"enemies":"Gremlin Nob","floor":7,"turns":5},{"damage":0,"enemies":"Exordium Wildlife","floor":11,"turns":5},{"damage":2,"enemies":"Looter","floor":13,"turns":3},{"damage":0,"enemies":"Lagavulin Event","floor":14,"turns":10},{"damage":19,"enemies":"Hexaghost","floor":16,"turns":15}],"seed_played":"-4495856829537745229","potions_obtained":[{"floor":5,"key":"Swift Potion"},{"floor":7,"key":"Venom Potion"},{"floor":11,"key":"SteroidPotion"},{"floor":13,"key":"PowerPotion"}],"is_trial":false,"path_per_floor":["M","M","?","$","M","R","E","R","T","R","M","R","M","?","R","B"],"character_chosen":"THE_SOMNAMBULANT","items_purchased":[],"campfire_rested":0,"item_purchase_floors":[],"current_hp_per_floor":[63,63,63,63,63,63,33,33,33,33,33,33,31,31,31,12,12],"gold":194,"neow_bonus":"TRANSFORM_TWO_CARDS","is_daily":false,"chose_seed":false,"campfire_upgraded":5,"win_rate":0.0,"timestamp":1609886153,"path_taken":["M","M","?","$","?","R","E","R","T","R","M","R","M","?","R","BOSS"],"items_purchased_type":[],"build_version":"2020-12-22","purchased_purges":1,"victory":false,"max_hp_per_floor":[63,63,63,63,63,63,63,63,63,63,63,63,63,63,63,63,63],"card_choices":[{"not_picked":["somnambulantmod: LeechFears","somnambulantmod: BrainFeeder"],"picked":"somnambulantmod: LayeredDefense","floor":1},{"not_picked":["somnambulantmod: Unknow","somnambulantmod: Pinch","somnambulantmod: SleepingBody"],"picked":"SKIP","floor":2},{"not_picked":["somnambulantmod: Stimulus","somnambulantmod: LeechFears"],"picked":"somnambulantmod: HappyThoughts","floor":5},{"not_picked":["somnambulantmod: Mindlessness","somnambulantmod: Pinch","somnambulantmod: Amnausea"],"picked":"SKIP","floor":7},{"not_picked":["somnambulantmod: Hush","somnambulantmod: SleepingBody"],"picked":"somnambulantmod: Remember","floor":11},{"not_picked":["somnambulantmod: NightmareFuel","somnambulantmod: RecurringDream","somnambulantmod: HappyThoughts"],"picked":"SKIP","floor":13}],"player_experience":364307,"relics_obtained":[{"floor":7,"key":"Gremlin Horn"},{"floor":9,"key":"Bag of Marbles"},{"floor":14,"key":"ReplayTheSpireMod:Ninjato"}],"event_choices":[{"damage_healed":0,"gold_gain":0,"cards_transformed":["somnambulantmod: QuickNap"],"player_choice":"Transformed","damage_taken":0,"max_hp_gain":0,"max_hp_loss":0,"event_name":"Transmorgrifier","floor":3,"gold_loss":0,"cards_obtained":["somnambulantmod: HorrificThought"]},{"damage_healed":0,"gold_gain":0,"player_choice":"Searched \u00271\u0027 times","damage_taken":0,"max_hp_gain":0,"max_hp_loss":0,"event_name":"Dead Adventurer","floor":14,"gold_loss":0}],"is_beta":false,"boss_relics":[],"items_purged_floors":[4],"is_endless":false,"potions_floor_spawned":[5,7,11,13,14],"killed_by":"Hexaghost","ascension_level":0}}