{"host":"8pjvbxl6xo882v42","time":1609889628,"event":{"mods":["AchievementEnabler","BaseMod","Minty Spire (QoL Compilation)","StSLib","The Cursed"],"gold_per_floor":[19,19,38,113,113,140,155,155,180,192,221,231,231,264,264,359,359,371,296,296,32,32,67,67,77,77,107,119,166,188,299,311,420,432,455,133,144,144,144,144,170,188,188,215,228,228,228,33,33,33],"floor_reached":51,"playtime":4978,"items_purged":["Strike_B"],"score":943,"play_id":"693ddef2-7586-495e-819d-4810add09971","local_time":"20210106003348","is_ascension_mode":true,"campfire_choices":[{"data":"Sunder","floor":8,"key":"SMITH"},{"data":"Rainbow","floor":13,"key":"SMITH"},{"data":"Glacier","floor":15,"key":"SMITH"},{"data":"Dark Shackles","floor":24,"key":"SMITH"},{"data":"Defragment","floor":28,"key":"SMITH"},{"data":"Recycle","floor":32,"key":"SMITH"},{"data":"Reboot","floor":40,"key":"SMITH"},{"data":"Force Field","floor":46,"key":"SMITH"},{"data":"Reinforced Body","floor":49,"key":"SMITH"}],"circlet_count":0,"master_deck":["Defend_B","Defend_B","Defend_B","Zap+1","Dualcast","Sweeping Beam","Reinforced Body+1","Go for the Eyes","Beam Cell","Scrape","Sunder+1","Glacier+1","BootSequence","Rainbow+1","Chill","Echo Form","Auto Shields","Go for the Eyes","Dark Shackles+1","Genetic Algorithm","Conserve Battery","Recycle+1","Defragment+1","Static Discharge+1","Reboot+1","Beam Cell+1","FTL","Force Field+1","Go for the Eyes+1","Conserve Battery+1","Rebound"],"relics":["Cracked Core","Akabeko","Toy Ornithopter","MealTicket","Question Card","Inserter","Enchiridion","Omamori","Happy Flower","MawBank","Dead Branch","Cursed Key","Shuriken","Nunchaku","Bottled Tornado","Thread and Needle","Orichalcum"],"acts_visited":["Exordium","TheCity","TheBeyond"],"potions_floor_usage":[11,16,16,18,23,23,29,33,42,45,50,50],"damage_taken":[{"damage":4,"enemies":"Jaw Worm","floor":1,"turns":4},{"damage":0,"enemies":"Small Slimes","floor":3,"turns":3},{"damage":17,"enemies":"3 Sentries","floor":6,"turns":8},{"damage":0,"enemies":"2 Louse","floor":7,"turns":1},{"damage":0,"enemies":"Lots of Slimes","floor":10,"turns":3},{"damage":0,"enemies":"Gremlin Nob","floor":11,"turns":3},{"damage":0,"enemies":"Blue Slaver","floor":12,"turns":3},{"damage":1,"enemies":"3 Sentries","floor":14,"turns":4},{"damage":5,"enemies":"Hexaghost","floor":16,"turns":9},{"damage":2,"enemies":"3 Byrds","floor":18,"turns":5},{"damage":0,"enemies":"Book of Stabbing","floor":23,"turns":7},{"damage":5,"enemies":"Spheric Guardian","floor":25,"turns":5},{"damage":5,"enemies":"Chosen and Byrds","floor":27,"turns":8},{"damage":14,"enemies":"Gremlin Leader","floor":29,"turns":8},{"damage":0,"enemies":"Sentry and Sphere","floor":30,"turns":5},{"damage":43,"enemies":"Collector","floor":33,"turns":13},{"damage":11,"enemies":"3 Darklings","floor":35,"turns":2},{"damage":0,"enemies":"Orb Walker","floor":37,"turns":3},{"damage":0,"enemies":"Giant Head","floor":41,"turns":9},{"damage":8,"enemies":"Writhing Mass","floor":42,"turns":6},{"damage":5,"enemies":"Reptomancer","floor":44,"turns":6},{"damage":11,"enemies":"Spire Growth","floor":45,"turns":4},{"damage":15,"enemies":"Awakened One","floor":50,"turns":11}],"seed_played":"5841125959850440929","potions_obtained":[{"floor":3,"key":"SteroidPotion"},{"floor":6,"key":"SkillPotion"},{"floor":7,"key":"EntropicBrew"},{"floor":18,"key":"SneckoOil"},{"floor":27,"key":"SpeedPotion"},{"floor":29,"key":"Block Potion"},{"floor":44,"key":"SpeedPotion"},{"floor":45,"key":"DuplicationPotion"}],"is_trial":false,"path_per_floor":["M","?","M","?","?","E","M","R","T","M","E","M","R","E","R","B",null,"M","?","?","$","?","E","R","M","T","M","R","E","M","?","R","B",null,"M","$","M","?","?","R","E","M","T","E","M","R","?","$","R","B",null],"character_chosen":"DEFECT","items_purchased":["Omamori","Go for the Eyes","Dark Shackles","Shuriken","Orichalcum","PowerPotion"],"campfire_rested":0,"item_purchase_floors":[21,21,21,36,48,48],"current_hp_per_floor":[71,71,71,60,60,43,43,43,43,43,48,48,48,47,47,52,75,75,75,59,74,74,75,75,70,70,65,65,56,56,56,56,18,75,64,75,75,75,75,75,75,67,67,62,56,56,56,71,71,65],"gold":33,"neow_bonus":"TRANSFORM_TWO_CARDS","is_daily":false,"chose_seed":false,"campfire_upgraded":9,"win_rate":0.0,"timestamp":1609889628,"path_taken":["M","?","M","?","?","E","M","R","T","M","E","?","R","E","R","BOSS","M","?","?","$","?","E","R","M","T","M","R","E","M","?","R","BOSS","M","$","M","?","?","R","E","?","T","E","M","R","?","$","R","BOSS"],"items_purchased_type":["Relic","Card","Card","Relic","Relic","Potion"],"build_version":"2020-12-22","purchased_purges":1,"victory":true,"max_hp_per_floor":[75,75,75,75,75,75,75,75,75,75,75,75,75,75,75,75,75,75,75,75,75,75,75,75,75,75,75,75,75,75,75,75,75,75,75,75,75,75,75,75,75,75,75,75,75,75,75,75,75,75],"card_choices":[{"not_picked":["Compile Driver","Redo"],"picked":"Reinforced Body","floor":1},{"not_picked":["Ball Lightning","Recycle"],"picked":"Beam Cell","floor":3},{"not_picked":["Lockon","Fusion"],"picked":"Scrape","floor":6},{"not_picked":["Auto Shields","Leap"],"picked":"Sunder","floor":7},{"not_picked":["Tempest","Doom and Gloom"],"picked":"Glacier","floor":10},{"not_picked":["Double Energy","Coolheaded"],"picked":"BootSequence","floor":11},{"not_picked":["White Noise","Hologram"],"picked":"Rainbow","floor":12},{"not_picked":["Fusion","Barrage"],"picked":"Chill","floor":14},{"not_picked":["Machine Learning","Thunder Strike","Meteor Strike"],"picked":"Echo Form","floor":16},{"not_picked":["Heatsinks","Force Field","Rebound"],"picked":"Auto Shields","floor":18},{"not_picked":["Auto Shields","Static Discharge","Doom and Gloom"],"picked":"Conserve Battery","floor":23},{"not_picked":["Force Field+1","Defragment","Tempest"],"picked":"Recycle","floor":25},{"not_picked":["Storm","Coolheaded","Aggregate"],"picked":"Defragment","floor":27},{"not_picked":["Doom and Gloom","Barrage","Capacitor"],"picked":"Static Discharge+1","floor":29},{"not_picked":["Redo","Compile Driver+1","Sweeping Beam","Fusion"],"picked":"SKIP","floor":30},{"not_picked":["Thunder Strike","Machine Learning","Creative AI"],"picked":"Reboot","floor":33},{"not_picked":["FTL","Streamline+1","Sweeping Beam+1"],"picked":"Beam Cell+1","floor":35},{"not_picked":["Skim","Steam","Sweeping Beam+1"],"picked":"FTL","floor":37},{"not_picked":["Compile Driver+1","Hologram","Conserve Battery","Creative AI"],"picked":"SKIP","floor":41},{"not_picked":["Reinforced Body+1","Streamline+1","Leap"],"picked":"Force Field","floor":42},{"not_picked":["Steam","Sweeping Beam+1","Rebound"],"picked":"Go for the Eyes+1","floor":44},{"not_picked":["Coolheaded+1","Stack+1","Go for the Eyes"],"picked":"Conserve Battery+1","floor":45}],"player_experience":258438,"relics_obtained":[{"floor":6,"key":"Akabeko"},{"floor":9,"key":"Toy Ornithopter"},{"floor":11,"key":"MealTicket"},{"floor":14,"key":"Question Card"},{"floor":20,"key":"Enchiridion"},{"floor":23,"key":"Happy Flower"},{"floor":26,"key":"MawBank"},{"floor":29,"key":"Dead Branch"},{"floor":41,"key":"Nunchaku"},{"floor":43,"key":"Bottled Tornado"},{"floor":44,"key":"Thread and Needle"}],"event_choices":[{"damage_healed":0,"gold_gain":0,"cards_transformed":["Amplify"],"player_choice":"Change","damage_taken":0,"max_hp_gain":0,"max_hp_loss":0,"event_name":"Living Wall","floor":2,"gold_loss":0,"cards_obtained":["Go for the Eyes"]},{"damage_healed":0,"gold_gain":75,"player_choice":"Gather Gold","damage_taken":11,"max_hp_gain":0,"max_hp_loss":0,"event_name":"World of Goop","floor":4,"gold_loss":0},{"damage_healed":0,"gold_gain":0,"player_choice":"Upgraded","damage_taken":0,"max_hp_gain":0,"max_hp_loss":0,"event_name":"Upgrade Shrine","floor":5,"gold_loss":0,"cards_upgraded":["Zap"]},{"cards_removed":["Strike_B"],"damage_healed":0,"gold_gain":0,"player_choice":"Gave Gold","damage_taken":0,"max_hp_gain":0,"max_hp_loss":0,"event_name":"Beggar","floor":19,"gold_loss":75},{"damage_healed":0,"gold_gain":0,"player_choice":"Obtained Book","damage_taken":16,"max_hp_gain":0,"max_hp_loss":0,"event_name":"Cursed Tome","floor":20,"gold_loss":0},{"damage_healed":0,"gold_gain":0,"player_choice":"Read","damage_taken":0,"max_hp_gain":0,"max_hp_loss":0,"event_name":"The Library","floor":22,"gold_loss":0,"cards_obtained":["Genetic Algorithm"]},{"damage_healed":0,"gold_gain":99,"player_choice":"Stole From Cult","damage_taken":0,"max_hp_gain":0,"max_hp_loss":0,"event_name":"Nest","floor":31,"gold_loss":0},{"damage_healed":0,"gold_gain":0,"player_choice":"Ignored","damage_taken":0,"max_hp_gain":0,"max_hp_loss":0,"event_name":"Tomb of Lord Red Mask","floor":38,"gold_loss":0},{"damage_healed":0,"gold_gain":0,"player_choice":"Cursed","damage_taken":0,"max_hp_gain":0,"max_hp_loss":0,"event_name":"Wheel of Change","floor":39,"gold_loss":0,"cards_obtained":["Decay"]},{"damage_healed":0,"gold_gain":0,"cards_transformed":["Strike_B"],"player_choice":"Transformed","damage_taken":0,"max_hp_gain":0,"max_hp_loss":0,"event_name":"Transmorgrifier","floor":47,"gold_loss":0,"cards_obtained":["Rebound"]}],"is_beta":false,"boss_relics":[{"not_picked":["Coffee Dripper","Sozu"],"picked":"Inserter"},{"not_picked":["SacredBark","FrozenCore"],"picked":"Cursed Key"}],"items_purged_floors":[36],"is_endless":false,"potions_floor_spawned":[3,6,7,10,16,18,27,29,44,45],"ascension_level":4}}