{"host":"dk10vuzdqf3wivcv","time":1609889604,"event":{"mods":["Aspiration","Astrologer","BaseMod","Colored Map","Conspire","Friendly Minions","Hubris","Minty Spire (QoL Compilation)","Replay The Spire","StSLib","SuperFastMode","Td1madao Mod","The Animator","The Cursed","The Gatherer","The Hierophant","The Jungle","The Marked","The Servant 0.9.4"],"gold_per_floor":[124,135,154,177,177,203,229,255,255,275,275,275,275,275,275],"floor_reached":14,"playtime":875,"items_purged":[],"score":132,"play_id":"563c16f8-f0ef-4ae0-bdef-6be81fc0a965","local_time":"20210106003324","is_ascension_mode":true,"campfire_choices":[{"floor":11,"key":"RECALL"}],"circlet_count":0,"master_deck":["animator:Strike_FullmetalAlchemist","animator:Defend_FullmetalAlchemist","animator:Strike","animator:Strike","animator:Defend","animator:Defend","animator:Defend","animator:ElricEdward","animator:ElricAlphonse","animator:Pride","animator:Scar","animator:RoyMustang","animator:Viivi","animator:WinryRockbell","animator:Pride"],"relics":["animator:LivingPicture","animator:TheMissingPiece","animator:PurgingStone","Champion Belt","Replay:Multitool"],"acts_visited":["Exordium"],"potions_floor_usage":[6,8,10],"damage_taken":[{"damage":0,"enemies":"Cultist","floor":1,"turns":3},{"damage":2,"enemies":"2 Louse","floor":2,"turns":4},{"damage":0,"enemies":"Jaw Worm","floor":3,"turns":4},{"damage":6,"enemies":"Exordium Wildlife","floor":4,"turns":5},{"damage":21,"enemies":"Gremlin Nob","floor":6,"turns":4},{"damage":10,"enemies":"Lots of Slimes","floor":7,"turns":2},{"damage":27,"enemies":"Lagavulin","floor":8,"turns":5},{"damage":0,"enemies":"3 Louse","floor":10,"turns":2},{"damage":26,"enemies":"Gremlin Nob","floor":14,"turns":3}],"seed_played":"3681054104390686161","potions_obtained":[{"floor":3,"key":"ColorlessPotion"},{"floor":4,"key":"Languid Potion"},{"floor":7,"key":"Elixir"},{"floor":10,"key":"Fruit Juice"}],"is_trial":false,"path_per_floor":["M","M","M","M","?","E","M","E","T","M","R","?","$","E"],"character_chosen":"THE_ANIMATOR","items_purchased":[],"campfire_rested":0,"item_purchase_floors":[],"current_hp_per_floor":[72,71,71,65,65,44,34,8,8,13,13,18,18,0,0],"gold":275,"neow_bonus":"TEN_PERCENT_HP_BONUS","is_daily":false,"chose_seed":false,"campfire_upgraded":0,"win_rate":0.0,"timestamp":1609889604,"path_taken":["M","?","M","M","?","E","M","E","T","?","R","?","?","E"],"items_purchased_type":[],"build_version":"2020-12-22","purchased_purges":0,"victory":false,"max_hp_per_floor":[72,73,73,73,73,73,73,74,74,79,79,84,84,84,84],"card_choices":[{"not_picked":["animator:Viivi","animator:ElricAlphonse"],"picked":"animator:Pride","floor":1},{"not_picked":["animator:Shion","animator:Guy"],"picked":"animator:Scar","floor":2},{"not_picked":["animator:PandorasActor","animator:Cocytus","animator:Shalltear"],"picked":"SKIP","floor":3},{"not_picked":["animator:ElricEdward","animator:Gluttony"],"picked":"animator:RoyMustang","floor":4},{"not_picked":["animator:Gilgamesh","animator:Evileye","animator:Shigure"],"picked":"SKIP","floor":6},{"not_picked":["animator:ChaikaBohdan","animator:Nanami"],"picked":"animator:Viivi","floor":7},{"not_picked":["animator:Fredrika","animator:ChaikaBohdan"],"picked":"animator:WinryRockbell","floor":8},{"not_picked":["animator:Scar","animator:ElricAlphonse"],"picked":"animator:Pride","floor":10}],"player_experience":132252,"relics_obtained":[{"floor":6,"key":"Champion Belt"},{"floor":8,"key":"Replay:Multitool"}],"event_choices":[{"cards_removed":["animator:Strike"],"damage_healed":0,"gold_gain":0,"player_choice":"Purged","damage_taken":0,"max_hp_gain":0,"max_hp_loss":0,"event_name":"Purifier","floor":5,"gold_loss":0},{"damage_healed":0,"gold_gain":0,"player_choice":"Donut","damage_taken":0,"max_hp_gain":5,"max_hp_loss":0,"event_name":"Big Fish","floor":12,"gold_loss":0}],"is_beta":false,"boss_relics":[],"items_purged_floors":[],"is_endless":false,"potions_floor_spawned":[3,4,7,10],"killed_by":"Gremlin Nob","ascension_level":1}}