{"host":"bf9sa99gaumonoeu","time":1609816730,"event":{"mods":["AchievementEnabler","Act Like it!","BaseMod","Better Sensory Stone","Colored Map","Colored Powertips","Downfall","Duelist Mod","Friendly Minions","Gensokyo","GifTheSpireLib","Hallownest","Hermit","Hubris","Jorbs\u0027s Wanderer Trilogy","KinomotoSakuraMod(????)","Koishi","Lobotomy","Marisa????????","Minty Spire (QoL Compilation)","Rare Cards Sparkle","Reimu??????","Remilia??????","Replay The Spire","Shop Mod","StSLib","The Administrix","The Animator","The Blue Laboratory","The Bug Knight","The Construct","The Cursed","The Disciple","The Hierophant","The Mystic","The Necromancer","The Poker Player","The Runesmith","The Senshi","The Servant 0.9.4"],"gold_per_floor":[117,129,139,154,19,35,35,69,69,69,84,111,124,151,151,253,253,268,278,228,247,2,21,21,34,85,102,134,134,134,148,148,243,243,257,267,279,54,54,54,54,54,54,64,80,94,120,138,138,138,138,138,33,58,58],"floor_reached":56,"playtime":8611,"items_purged":[],"score":1227,"play_id":"dccf2e52-1d92-43cc-8b97-821b7697370f","local_time":"20210105011849","is_ascension_mode":false,"campfire_choices":[{"data":"AdministrixMod:BloodBargain","floor":7,"key":"SMITH"},{"data":"AdministrixMod:MixOfMercury","floor":10,"key":"SMITH"},{"data":"AdministrixMod:BloodlessSapphire","floor":15,"key":"SMITH"},{"data":"AdministrixMod:GuanyinBlessing","floor":24,"key":"SMITH"},{"data":"AdministrixMod:BattleforgedBonds","floor":29,"key":"SMITH"},{"data":"AdministrixMod:HiddenPower","floor":32,"key":"SMITH"},{"floor":40,"key":"RECALL"},{"data":"AdministrixMod:ImmortalPurity","floor":42,"key":"SMITH"},{"data":"AdministrixMod:HarmonicReverence","floor":49,"key":"SMITH"},{"data":"AdministrixMod:ShadowPlay","floor":52,"key":"SMITH"}],"circlet_count":0,"master_deck":["AdministrixMod:Strike_Administrix","AdministrixMod:Strike_Administrix","AdministrixMod:Strike_Administrix","AdministrixMod:RedCloak","AdministrixMod:Defend_Administrix","AdministrixMod:Defend_Administrix","AdministrixMod:Defend_Administrix","AdministrixMod:BlueCloak","AdministrixMod:BloodlessSapphire+1","AdministrixMod:BloodBargain+1","AdministrixMod:ChooseYourEnd","AdministrixMod:Katabasis","AdministrixMod:MixOfMercury+1","AdministrixMod:ShadowPlay","AdministrixMod:SealAway+1","AdministrixMod:ShadowPlay+1","AdministrixMod:BattleforgedBonds+1","AdministrixMod:TouchOfCinnabar+1","AdministrixMod:GuanyinBlessing+1","AdministrixMod:ImmortalPurity+1","AdministrixMod:RisingSunPrince","AdministrixMod:TrickOfTheLight+1","AdministrixMod:ShadowPlay+1","AdministrixMod:WickedPunishment+1","AdministrixMod:HarmonicReverence+1","AdministrixMod:LuminaryPath","AdministrixMod:XianArts","AdministrixMod:ShadowPlay"],"relics":["AdministrixMod:ConductorRitualBaton","ClockworkSouvenir","Incense Burner","hubris:MysteriousPyramids","Runesmith:AutoHammer","AdministrixMod:CrackedTaijitu","Busted Crown","Strange Spoon","Meat on the Bone","Coffee Dripper","hubris:EmptyBottle","hubris:Icosahedron","StrikeDummy","Bag of Preparation"],"acts_visited":["Gensokyo:Gensokyo","Gensokyo:Gensokyoer","Gensokyo:Gensokyoest","TheEnding"],"potions_floor_usage":[1,16,21,33,33,50,50,55,55,55,55,55],"damage_taken":[{"damage":0,"enemies":"Gensokyo:2_Kodama","floor":1,"turns":4},{"damage":0,"enemies":"Gensokyo:Gryphon","floor":2,"turns":4},{"damage":0,"enemies":"Gensokyo:Python","floor":3,"turns":4},{"damage":3,"enemies":"Gensokyo:3_Kodama","floor":4,"turns":4},{"damage":1,"enemies":"Gensokyo:CorruptedTreant","floor":6,"turns":5},{"damage":1,"enemies":"Gensokyo:Cirno","floor":8,"turns":6},{"damage":1,"enemies":"Gensokyo:2_Rabbits","floor":11,"turns":3},{"damage":17,"enemies":"Gensokyo:Aya","floor":12,"turns":5},{"damage":6,"enemies":"Gensokyo:3_Kodama","floor":13,"turns":4},{"damage":2,"enemies":"Gensokyo:Mamizou","floor":14,"turns":9},{"damage":24,"enemies":"Gensokyo:Yukari","floor":16,"turns":15},{"damage":0,"enemies":"Gensokyo:Chomper","floor":18,"turns":4},{"damage":1,"enemies":"Gensokyo:3_Dogs","floor":19,"turns":4},{"damage":9,"enemies":"Gensokyo:Swordslinger","floor":21,"turns":6},{"damage":10,"enemies":"Gensokyo:Wraith","floor":23,"turns":4},{"damage":29,"enemies":"Gensokyo:Slime_Group","floor":25,"turns":7},{"damage":1,"enemies":"Gensokyo:Swordslinger","floor":27,"turns":4},{"damage":0,"enemies":"Gensokyo:Tenshi","floor":28,"turns":4},{"damage":0,"enemies":"Gensokyo:Wraith","floor":31,"turns":4},{"damage":7,"enemies":"Gensokyo:Eiki","floor":33,"turns":10},{"damage":27,"enemies":"Gensokyo:3_Boulders","floor":35,"turns":5},{"damage":0,"enemies":"Gensokyo:3_Bats","floor":36,"turns":3},{"damage":0,"enemies":"Gensokyo:Rafflesia","floor":37,"turns":7},{"damage":1,"enemies":"Gensokyo:SeedOfUnknown","floor":44,"turns":5},{"damage":6,"enemies":"Gensokyo:AtlasGolem","floor":45,"turns":4},{"damage":3,"enemies":"Gensokyo:Rafflesia","floor":46,"turns":5},{"damage":0,"enemies":"Gensokyo:Doremy","floor":47,"turns":4},{"damage":0,"enemies":"Gensokyo:Dusk_and_Dawn","floor":48,"turns":5},{"damage":4,"enemies":"Gensokyo:Shinki","floor":50,"turns":11},{"damage":18,"enemies":"Shield and Spear","floor":54,"turns":5},{"damage":44,"enemies":"The Heart","floor":55,"turns":8}],"seed_played":"5868780102241054873","potions_obtained":[{"floor":0,"key":"blueLaboratory:EmptyBottle"},{"floor":0,"key":"blueLaboratory:AbyssPotion"},{"floor":0,"key":"Languid Potion"},{"floor":3,"key":"Fire Potion"},{"floor":4,"key":"Energy Potion"},{"floor":11,"key":"Fire Potion"},{"floor":18,"key":"blueLaboratory:NullPotion"},{"floor":27,"key":"PowerPotion"},{"floor":37,"key":"Elixir"},{"floor":45,"key":"Dexterity Potion"}],"is_trial":false,"path_per_floor":["M","M","M","M","COS","M","R","E","T","R","M","E","M","E","R","B",null,"M","M","?","M","$","M","R","M","T","M","E","R","?","M","R","B",null,"M","M","M","COS","?","R","?","R","T","M","M","M","E","M","R","B",null,"R","$","E","B",null],"character_chosen":"TheAdministrix","items_purchased":["AdministrixMod:GuanyinBlessing","Strange Spoon","AdministrixMod:ImmortalPurity","AdministrixMod:XianArts","Elixir"],"campfire_rested":0,"item_purchase_floors":[22,22,22,53,53],"current_hp_per_floor":[65,65,65,62,62,64,64,64,64,64,65,52,50,55,55,38,65,65,64,71,69,69,69,69,47,47,60,67,67,67,72,72,71,72,52,59,66,66,66,66,66,66,66,71,65,69,72,72,72,68,72,72,72,61,36],"gold":58,"neow_bonus":"THREE_SMALL_POTIONS","is_daily":false,"chose_seed":false,"campfire_upgraded":9,"win_rate":0.0,"timestamp":1609816729,"path_taken":["M","M","M","M","COS","M","R","E","T","R","M","E","M","E","R","BOSS","M","M","?","M","$","M","R","?","T","M","E","R","?","M","R","BOSS","M","M","M","COS","?","R","?","R","T","M","M","M","E","M","R","BOSS","R","$","E","BOSS"],"items_purchased_type":["Card","Relic","Card","Card","Potion"],"build_version":"2020-12-22","purchased_purges":0,"victory":true,"max_hp_per_floor":[65,65,65,65,65,65,65,65,65,65,65,65,65,65,65,65,65,65,65,72,72,72,72,72,72,72,72,72,72,72,72,72,72,72,72,72,72,72,72,72,72,72,72,72,72,72,72,72,72,72,72,72,72,72,72],"card_choices":[{"not_picked":["AdministrixMod:CrackingPangu","AdministrixMod:QuietConspiracy"],"picked":"AdministrixMod:BloodlessSapphire","floor":1},{"not_picked":["AdministrixMod:FaithfulFlames","AdministrixMod:FiendishCrimson"],"picked":"AdministrixMod:BloodBargain","floor":2},{"not_picked":["AdministrixMod:Overdrive","AdministrixMod:SipOfSparks"],"picked":"AdministrixMod:ChooseYourEnd","floor":3},{"not_picked":["AdministrixMod:TrickOfTheLight","AdministrixMod:Transition"],"picked":"AdministrixMod:Katabasis","floor":4},{"not_picked":["AdministrixMod:SipOfSparks","AdministrixMod:Katabasis"],"picked":"AdministrixMod:HiddenPower","floor":6},{"not_picked":["AdministrixMod:LightOfYourLife","AdministrixMod:ImmortalPurity"],"picked":"AdministrixMod:MixOfMercury","floor":8},{"not_picked":["AdministrixMod:FuneraryRites","AdministrixMod:SealAway"],"picked":"AdministrixMod:ShadowPlay","floor":11},{"not_picked":["AdministrixMod:TrickOfTheLight","AdministrixMod:FeastOfDew"],"picked":"AdministrixMod:SealAway","floor":12},{"not_picked":["AdministrixMod:UnstableVigor","AdministrixMod:BishamonBlessing","AdministrixMod:NoblePath"],"picked":"SKIP","floor":13},{"not_picked":["AdministrixMod:NewbornDivinity","AdministrixMod:CrackingPangu"],"picked":"AdministrixMod:ShadowPlay","floor":14},{"not_picked":["AdministrixMod:HaveItAll","AdministrixMod:ImmortalClarity"],"picked":"AdministrixMod:BattleforgedBonds","floor":16},{"not_picked":[],"picked":"AdministrixMod:TouchOfCinnabar+1","floor":18},{"not_picked":["AdministrixMod:ReachToHeaven"],"picked":"SKIP","floor":19},{"not_picked":["AdministrixMod:LightOfYourLife"],"picked":"SKIP","floor":21},{"not_picked":["AdministrixMod:LightOfYourLife"],"picked":"SKIP","floor":23},{"not_picked":["AdministrixMod:CrackingPangu"],"picked":"SKIP","floor":25},{"not_picked":[],"picked":"AdministrixMod:RisingSunPrince","floor":27},{"not_picked":[],"picked":"AdministrixMod:TrickOfTheLight+1","floor":28},{"not_picked":["AdministrixMod:RegentEdict"],"picked":"SKIP","floor":31},{"not_picked":[],"picked":"AdministrixMod:ShadowPlay+1","floor":35},{"not_picked":["AdministrixMod:CrackingPangu"],"picked":"SKIP","floor":36},{"not_picked":["AdministrixMod:TrickOfTheLight+1"],"picked":"SKIP","floor":37},{"not_picked":[],"picked":"AdministrixMod:WickedPunishment+1","floor":44},{"not_picked":[],"picked":"AdministrixMod:HarmonicReverence","floor":45},{"not_picked":["AdministrixMod:SealAway"],"picked":"SKIP","floor":46},{"not_picked":[],"picked":"AdministrixMod:LuminaryPath","floor":47},{"not_picked":["AdministrixMod:LightOfYourLife"],"picked":"SKIP","floor":48},{"not_picked":[],"picked":"AdministrixMod:ShadowPlay","floor":54}],"player_experience":763789,"relics_obtained":[{"floor":8,"key":"Incense Burner"},{"floor":9,"key":"hubris:MysteriousPyramids"},{"floor":12,"key":"Runesmith:AutoHammer"},{"floor":14,"key":"AdministrixMod:CrackedTaijitu"},{"floor":26,"key":"Replay:Rubber Ducky"},{"floor":28,"key":"Meat on the Bone"},{"floor":47,"key":"StrikeDummy"},{"floor":54,"key":"Bag of Preparation"}],"event_choices":[],"is_beta":false,"boss_relics":[{"not_picked":["hubris:HollowSoul","hubris:BlackHole"],"picked":"Busted Crown"},{"not_picked":["Replay:Bronze Core","Pandora\u0027s Box"],"picked":"Coffee Dripper"}],"items_purged_floors":[],"is_endless":false,"potions_floor_spawned":[3,4,6,11,13,18,27,28,33,36,37,45,46,47],"ascension_level":0}}