{"host":"hszimsrtxxc2k25w","time":1609875012,"event":{"mods":["AchievementEnabler","BaseMod","Colored Map","DeckTracker","Minty Spire (QoL Compilation)","Rare Cards Sparkle","SuperFastMode"],"gold_per_floor":[119,136,160,180,180,180,205,225,252,263,278,27,27,27,27,120,120,140,190,211,211,156,156,169,116,116,116,135,153,167,167,167],"floor_reached":31,"playtime":690,"items_purged":[],"score":478,"play_id":"5c595192-596b-4d5b-9e70-177d4c1d1703","local_time":"20210106043012","is_ascension_mode":true,"campfire_choices":[{"data":"Pommel Strike","floor":6,"key":"SMITH"},{"data":"Immolate","floor":15,"key":"SMITH"},{"floor":23,"key":"REST"}],"circlet_count":0,"master_deck":["AscendersBane","Strike_R","Strike_R","Strike_R+1","Strike_R","Defend_R","Defend_R","Defend_R","Defend_R","Bash+1","Clothesline","Headbutt","Pommel Strike+1","Body Slam","Warcry+1","Barricade+1","Immolate+1","Intimidate+1","Corruption","Burning Pact+1","Perfected Strike+1","Shrug It Off+1","Shrug It Off+1","Shrug It Off+1","Armaments+1"],"relics":["Burning Blood","Pocketwatch","Whetstone","Toxic Egg 2","Juzu Bracelet","Golden Idol","Runic Pyramid","Oddly Smooth Stone"],"acts_visited":["Exordium","TheCity"],"potions_floor_usage":[7,16,31],"damage_taken":[{"damage":6,"enemies":"Cultist","floor":1,"turns":3},{"damage":6,"enemies":"2 Louse","floor":2,"turns":2},{"damage":4,"enemies":"Jaw Worm","floor":4,"turns":3},{"damage":25,"enemies":"Lagavulin","floor":7,"turns":5},{"damage":19,"enemies":"Large Slime","floor":8,"turns":5},{"damage":7,"enemies":"Exordium Wildlife","floor":10,"turns":2},{"damage":11,"enemies":"Red Slaver","floor":11,"turns":3},{"damage":8,"enemies":"Slime Boss","floor":16,"turns":6},{"damage":21,"enemies":"Spheric Guardian","floor":18,"turns":4},{"damage":27,"enemies":"Chosen","floor":20,"turns":6},{"damage":4,"enemies":"Centurion and Healer","floor":24,"turns":6},{"damage":1,"enemies":"Snecko","floor":28,"turns":4},{"damage":12,"enemies":"3 Cultists","floor":29,"turns":5},{"damage":22,"enemies":"Snake Plant","floor":30,"turns":6},{"damage":18,"enemies":"Gremlin Leader","floor":31,"turns":5}],"seed_played":"-4502574294166709649","potions_obtained":[{"floor":4,"key":"Energy Potion"},{"floor":8,"key":"ColorlessPotion"},{"floor":10,"key":"EssenceOfSteel"},{"floor":29,"key":"Explosive Potion"}],"is_trial":false,"path_per_floor":["M","M","T","M","?","R","E","M","T","M","M","$","?","?","R","B",null,"M","?","M","?","$","R","M","$","T","?","M","M","M","E"],"character_chosen":"IRONCLAD","items_purchased":["Barricade","Immolate","Shrug It Off+1","Shrug It Off+1"],"campfire_rested":1,"item_purchase_floors":[12,12,22,25],"current_hp_per_floor":[68,68,68,68,68,68,49,36,36,35,30,30,30,30,30,28,54,39,39,18,18,18,36,38,38,38,62,62,56,40,22,22],"gold":167,"neow_bonus":"ONE_RARE_RELIC","is_daily":false,"chose_seed":false,"campfire_upgraded":2,"win_rate":0.0,"timestamp":1609875012,"path_taken":["M","M","?","M","?","R","E","M","T","M","M","$","?","?","R","BOSS","M","?","M","?","$","R","M","?","T","?","M","M","M","E"],"items_purchased_type":["Card","Card","Card","Card"],"build_version":"2020-12-22","purchased_purges":0,"victory":false,"max_hp_per_floor":[68,68,68,68,68,68,68,68,68,68,68,68,68,62,62,62,62,62,62,62,62,62,62,62,62,62,62,62,62,62,62,62],"card_choices":[{"not_picked":["Rampage","Havoc"],"picked":"Clothesline","floor":1},{"not_picked":["True Grit","Metallicize"],"picked":"Headbutt","floor":2},{"not_picked":["Heavy Blade","Iron Wave"],"picked":"Pommel Strike","floor":4},{"not_picked":["Infernal Blade+1","Rampage"],"picked":"Body Slam","floor":7},{"not_picked":["Searing Blow","Dual Wield+1","Body Slam"],"picked":"SKIP","floor":8},{"not_picked":["Flex+1","Intimidate+1"],"picked":"Warcry+1","floor":10},{"not_picked":["Twin Strike","Body Slam"],"picked":"Hemokinesis","floor":11},{"not_picked":["Immolate","Exhume+1"],"picked":"Corruption","floor":16},{"not_picked":["Pummel","Sword Boomerang"],"picked":"Burning Pact+1","floor":18},{"not_picked":["Heavy Blade","Headbutt"],"picked":"Perfected Strike+1","floor":20},{"not_picked":["Hemokinesis","Anger","Clothesline+1"],"picked":"SKIP","floor":24},{"not_picked":["Hemokinesis","Anger"],"picked":"Shrug It Off+1","floor":28},{"not_picked":["Headbutt","Iron Wave","Flex+1"],"picked":"SKIP","floor":29},{"not_picked":["Sword Boomerang","Havoc+1"],"picked":"Armaments+1","floor":30}],"player_experience":605941,"relics_obtained":[{"floor":3,"key":"Whetstone"},{"floor":7,"key":"Toxic Egg 2"},{"floor":9,"key":"Juzu Bracelet"},{"floor":26,"key":"Oddly Smooth Stone"}],"event_choices":[{"damage_healed":0,"gold_gain":0,"player_choice":"Ignored","damage_taken":0,"max_hp_gain":0,"max_hp_loss":0,"event_name":"Liars Game","floor":5,"gold_loss":0},{"damage_healed":0,"gold_gain":0,"cards_transformed":["Strike_R"],"player_choice":"Change","damage_taken":0,"max_hp_gain":0,"max_hp_loss":0,"event_name":"Living Wall","floor":13,"gold_loss":0,"cards_obtained":["Intimidate"]},{"damage_healed":0,"gold_gain":0,"player_choice":"Lose Max HP","damage_taken":0,"relics_obtained":["Golden Idol"],"max_hp_gain":0,"max_hp_loss":6,"event_name":"Golden Idol","floor":14,"gold_loss":0},{"damage_healed":0,"gold_gain":50,"player_choice":"Pray","damage_taken":0,"max_hp_gain":0,"max_hp_loss":0,"event_name":"Golden Shrine","floor":19,"gold_loss":0},{"damage_healed":0,"gold_gain":0,"player_choice":"Upgraded","damage_taken":0,"max_hp_gain":0,"max_hp_loss":0,"event_name":"Upgrade Shrine","floor":21,"gold_loss":0,"cards_upgraded":["Barricade"]},{"cards_removed":["Hemokinesis"],"damage_healed":24,"gold_gain":0,"player_choice":"Offered Uncommon","damage_taken":0,"max_hp_gain":0,"max_hp_loss":0,"event_name":"Bonfire Elementals","floor":27,"gold_loss":0}],"is_beta":false,"boss_relics":[{"not_picked":["Pandora\u0027s Box","Runic Dome"],"picked":"Runic Pyramid"}],"items_purged_floors":[],"is_endless":false,"potions_floor_spawned":[4,8,10,29,30],"killed_by":"Gremlin Leader","ascension_level":20}}