{"host":"7zdktqb5xjtif29d","time":1609889605,"event":{"mods":["AchievementEnabler","BaseMod","Colored Map","Colored Powertips","Highlight Path","Minty Spire (QoL Compilation)","Rare Cards Sparkle","SuperFastMode","Waifu the Spire","everything is the same but u backflip on backflip"],"gold_per_floor":[19,31,45,59,59,59,92,92,92,42,80,80,114,132,132,260,260,273,83,83,108,124,164,164,205,205,205,205,240,240,240,240,339,339,355,368,368,368,368],"floor_reached":38,"playtime":1973,"items_purged":[],"score":523,"play_id":"775ea0d7-f632-40e4-9e03-a968c10d5d78","local_time":"20210105233325","is_ascension_mode":true,"campfire_choices":[{"floor":6,"key":"REST"},{"floor":8,"key":"REST"},{"floor":12,"key":"REST"},{"floor":15,"key":"REST"},{"data":"Scrape","floor":24,"key":"SMITH"},{"data":"White Noise","floor":30,"key":"SMITH"},{"floor":32,"key":"REST"}],"circlet_count":0,"master_deck":["Defend_B","Defend_B","Defend_B","Zap","Dualcast","Seek","FTL","Scrape+1","White Noise+1","Go for the Eyes","Gash","Machine Learning+1","Go for the Eyes","Machine Learning+1","BootSequence+1","Self Repair+1","Go for the Eyes","Go for the Eyes","Gash","Gash","RitualDagger","Bite","Bite","Bite","Bite","Bite","Creative AI+1","Go for the Eyes","Core Surge","Go for the Eyes"],"relics":["Cracked Core","Bloody Idol","PreservedInsect","Frozen Egg 2","Prayer Wheel","DataDisk","Sozu","Happy Flower","Smiling Mask","Orichalcum","Pantograph","Nuclear Battery"],"acts_visited":["Exordium","TheCity","TheBeyond"],"potions_floor_usage":[33,33,33],"damage_taken":[{"damage":7,"enemies":"Small Slimes","floor":1,"turns":3},{"damage":1,"enemies":"Jaw Worm","floor":2,"turns":4},{"damage":9,"enemies":"2 Louse","floor":3,"turns":3},{"damage":9,"enemies":"2 Fungi Beasts","floor":4,"turns":3},{"damage":20,"enemies":"Lagavulin","floor":7,"turns":5},{"damage":32,"enemies":"Gremlin Nob","floor":11,"turns":3},{"damage":16,"enemies":"Lagavulin","floor":13,"turns":5},{"damage":0,"enemies":"Blue Slaver","floor":14,"turns":3},{"damage":26,"enemies":"The Guardian","floor":16,"turns":9},{"damage":15,"enemies":"Shell Parasite","floor":18,"turns":5},{"damage":0,"enemies":"Chosen","floor":21,"turns":3},{"damage":19,"enemies":"3 Cultists","floor":22,"turns":5},{"damage":13,"enemies":"Book of Stabbing","floor":23,"turns":5},{"damage":15,"enemies":"Slavers","floor":25,"turns":3},{"damage":12,"enemies":"Book of Stabbing","floor":29,"turns":4},{"damage":85,"enemies":"Automaton","floor":33,"turns":10},{"damage":40,"enemies":"3 Darklings","floor":35,"turns":6},{"damage":43,"enemies":"3 Shapes","floor":36,"turns":7},{"damage":60,"enemies":"2 Orb Walkers","floor":38,"turns":4}],"seed_played":"4024390300327809537","potions_obtained":[{"floor":2,"key":"ColorlessPotion"},{"floor":4,"key":"DuplicationPotion"},{"floor":7,"key":"LiquidBronze"}],"is_trial":false,"path_per_floor":["M","M","M","M","?","R","E","R","T","?","E","R","E","M","R","B",null,"M","$","?","M","M","E","R","E","T","?","?","E","R","?","R","B",null,"M","M","?","?"],"character_chosen":"DEFECT","items_purchased":["Self Repair+1","Happy Flower"],"campfire_rested":5,"item_purchase_floors":[19,19],"current_hp_per_floor":[68,67,58,49,31,53,33,55,55,55,23,45,29,29,51,25,75,60,60,60,70,61,58,58,43,43,43,37,42,42,42,64,22,75,58,38,38,0,0],"gold":368,"neow_bonus":"THREE_RARE_CARDS","is_daily":false,"chose_seed":false,"campfire_upgraded":2,"win_rate":0.0,"timestamp":1609889605,"path_taken":["M","M","M","M","?","R","E","R","T","?","E","R","E","M","R","BOSS","M","$","?","M","M","E","R","E","T","?","?","E","R","?","R","BOSS","M","M","?","?"],"items_purchased_type":["Card","Relic"],"build_version":"2020-12-22","purchased_purges":0,"victory":false,"max_hp_per_floor":[75,75,75,75,75,75,75,75,75,75,75,75,75,75,75,75,75,75,75,75,75,75,75,75,75,75,75,75,75,75,75,75,75,75,75,75,75,75,75],"card_choices":[{"not_picked":["Amplify","Rainbow"],"picked":"Seek","floor":0},{"not_picked":["Turbo","Stack"],"picked":"FTL","floor":1},{"not_picked":["Coolheaded","Darkness"],"picked":"Scrape","floor":2},{"not_picked":["Scrape","Double Energy"],"picked":"White Noise","floor":3},{"not_picked":["Doom and Gloom","Reinforced Body","Auto Shields"],"picked":"SKIP","floor":4},{"not_picked":["Reprogram","Redo","Compile Driver"],"picked":"SKIP","floor":7},{"not_picked":["Redo","Aggregate"],"picked":"Go for the Eyes","floor":11},{"not_picked":["Tempest","Steam"],"picked":"Gash","floor":13},{"not_picked":["Cold Snap","Conserve Battery"],"picked":"Machine Learning+1","floor":14},{"not_picked":["Sweeping Beam","Compile Driver"],"picked":"Go for the Eyes","floor":14},{"not_picked":["Fission","Meteor Strike"],"picked":"Machine Learning+1","floor":16},{"not_picked":["Turbo","Force Field"],"picked":"BootSequence+1","floor":18},{"not_picked":["Coolheaded","Leap","Cold Snap"],"picked":"SKIP","floor":18},{"not_picked":["Hologram+1","Leap"],"picked":"Go for the Eyes","floor":21},{"not_picked":["Storm+1","Stack","Steam"],"picked":"SKIP","floor":21},{"not_picked":["Capacitor+1","Chaos"],"picked":"Go for the Eyes","floor":22},{"not_picked":["Ball Lightning","Steam"],"picked":"Gash","floor":22},{"not_picked":["Leap","Cold Snap+1"],"picked":"Gash","floor":23},{"not_picked":["Defragment+1","Hologram+1","Storm+1"],"picked":"SKIP","floor":25},{"not_picked":["Storm+1","Sweeping Beam","Rainbow"],"picked":"SKIP","floor":29},{"not_picked":["Hyperbeam","Biased Cognition+1"],"picked":"Creative AI+1","floor":33},{"not_picked":["Fusion+1","Consume+1"],"picked":"Go for the Eyes","floor":35},{"not_picked":["Coolheaded+1","Stack+1","Turbo"],"picked":"SKIP","floor":35},{"not_picked":["Recycle","Go for the Eyes+1"],"picked":"Core Surge","floor":36},{"not_picked":["Darkness+1","Conserve Battery+1"],"picked":"Go for the Eyes","floor":36}],"player_experience":193008,"relics_obtained":[{"floor":7,"key":"PreservedInsect"},{"floor":9,"key":"Frozen Egg 2"},{"floor":11,"key":"Prayer Wheel"},{"floor":13,"key":"DataDisk"},{"floor":23,"key":"Smiling Mask"},{"floor":25,"key":"Blood Vial"},{"floor":26,"key":"Orichalcum"},{"floor":29,"key":"Pantograph"}],"event_choices":[{"damage_healed":0,"gold_gain":0,"player_choice":"Take Damage","damage_taken":18,"relics_obtained":["Golden Idol"],"max_hp_gain":0,"max_hp_loss":0,"event_name":"Golden Idol","floor":5,"gold_loss":0},{"cards_removed":["Strike_B"],"damage_healed":0,"gold_gain":0,"player_choice":"Card Removal","damage_taken":0,"max_hp_gain":0,"max_hp_loss":0,"event_name":"The Cleric","floor":10,"gold_loss":50},{"damage_healed":0,"gold_gain":0,"player_choice":"Ignored","damage_taken":0,"max_hp_gain":0,"max_hp_loss":0,"event_name":"Ghosts","floor":20,"gold_loss":0},{"damage_healed":0,"gold_gain":0,"player_choice":"Gave Idol","damage_taken":0,"relics_obtained":["Bloody Idol"],"max_hp_gain":0,"max_hp_loss":0,"event_name":"Forgotten Altar","floor":27,"relics_lost":["Golden Idol"],"gold_loss":0},{"damage_healed":0,"gold_gain":0,"player_choice":"Joined the Cult","damage_taken":6,"max_hp_gain":0,"max_hp_loss":0,"event_name":"Nest","floor":28,"gold_loss":0,"cards_obtained":["RitualDagger"]},{"damage_healed":0,"gold_gain":0,"player_choice":"Became a vampire (Vial)","damage_taken":0,"max_hp_gain":0,"max_hp_loss":0,"event_name":"Vampires","floor":31,"relics_lost":["Blood Vial"],"gold_loss":0,"cards_obtained":["Bite","Bite","Bite","Bite","Bite"]},{"cards_removed":["Defend_B"],"damage_healed":0,"gold_gain":0,"player_choice":"Removed Skill","damage_taken":0,"max_hp_gain":0,"max_hp_loss":0,"event_name":"Falling","floor":37,"gold_loss":0},{"damage_healed":0,"gold_gain":0,"player_choice":"Fight","damage_taken":0,"max_hp_gain":0,"max_hp_loss":0,"event_name":"Mysterious Sphere","floor":38,"gold_loss":0}],"is_beta":false,"boss_relics":[{"not_picked":["Astrolabe","Calling Bell"],"picked":"Sozu"},{"not_picked":["Runic Dome","Velvet Choker"],"picked":"Nuclear Battery"}],"items_purged_floors":[],"is_endless":false,"potions_floor_spawned":[2,4,7,13,14,18,21,23],"killed_by":"2 Orb Walkers","ascension_level":1}}