{"host":"Brown Brick","time":1609883982,"event":{"mods":["BaseMod","Melee Mod","Minty Spire (QoL Compilation)","Rare Cards Sparkle","Relic Stats","Robot Space Explorer","StSLib","The Marked","Unceasing Turn Reminder","everything is the same but u backflip on backflip"],"gold_per_floor":[13,13,26,47,47,67,98,118,142,158,181,230,258,283,283,283,283],"floor_reached":16,"playtime":1394,"items_purged":[],"score":130,"play_id":"e5c31721-141a-4edf-b6da-bb8bfb717c03","local_time":"20210105225942","is_ascension_mode":true,"campfire_choices":[{"floor":15,"key":"REST"}],"circlet_count":0,"master_deck":["theMarked:Strike","theMarked:Strike","theMarked:Strike","theMarked:Strike","theMarked:Strike","theMarked:Defend","theMarked:Defend","theMarked:Defend","theMarked:Defend","theMarked:SoldierOfQuellstein","theMarked:SwordAndMagic","theMarked:SwordAndMagic","theMarked:Indomitable","theMarked:TwofoldDefense","theMarked:AttractMetal","theMarked:BanishingWave","theMarked:ElectricStrings","theMarked:Panic"],"relics":["theMarked:ArtifactOfAir","theMarked:VonisonLock","Golden Idol","Frozen Egg 2","theMarked:DemonDagger","CeramicFish"],"acts_visited":["Exordium"],"potions_floor_usage":[12,13,13,16],"damage_taken":[{"damage":4,"enemies":"Small Slimes","floor":1,"turns":3},{"damage":0,"enemies":"2 Louse","floor":3,"turns":2},{"damage":0,"enemies":"Cultist","floor":4,"turns":3},{"damage":3,"enemies":"Blue Slaver","floor":6,"turns":5},{"damage":13,"enemies":"Gremlin Nob","floor":7,"turns":4},{"damage":1,"enemies":"Looter","floor":8,"turns":4},{"damage":0,"enemies":"2 Fungi Beasts","floor":10,"turns":4},{"damage":0,"enemies":"Red Slaver","floor":11,"turns":4},{"damage":24,"enemies":"Lagavulin","floor":12,"turns":8},{"damage":4,"enemies":"Exordium Thugs","floor":13,"turns":4},{"damage":0,"enemies":"3 Louse","floor":14,"turns":3},{"damage":38,"enemies":"Hexaghost","floor":16,"turns":14}],"seed_played":"2776879549075527536","potions_obtained":[{"floor":1,"key":"Block Potion"},{"floor":6,"key":"SpeedPotion"},{"floor":8,"key":"FearPotion"},{"floor":13,"key":"EssenceOfSteel"}],"is_trial":false,"path_per_floor":["M","?","M","M","?","M","E","M","T","M","M","E","M","M","R","B"],"character_chosen":"THE_DEFAULT","items_purchased":[],"campfire_rested":1,"item_purchase_floors":[],"current_hp_per_floor":[66,49,49,49,54,51,38,37,37,37,37,13,9,9,31,0,0],"gold":283,"neow_bonus":"ONE_RARE_RELIC","is_daily":false,"chose_seed":false,"campfire_upgraded":0,"win_rate":0.0,"timestamp":1609883982,"path_taken":["M","?","M","M","?","M","E","M","T","M","M","E","M","M","R","BOSS"],"items_purchased_type":[],"build_version":"2020-12-18","purchased_purges":0,"victory":false,"max_hp_per_floor":[70,70,70,70,75,75,75,75,75,75,75,75,75,75,75,75,75],"relic_stats":{"counters":[12,58],"Golden Idol":46,"CeramicFish":18,"obtain_stats":[{"theMarked:ArtifactOfAir":0,"theMarked:DemonDagger":9,"Golden Idol":2,"CeramicFish":12,"theMarked:VonisonLock":0,"Frozen Egg 2":7},{"theMarked:ArtifactOfAir":0,"theMarked:DemonDagger":6,"Golden Idol":1,"CeramicFish":9,"theMarked:VonisonLock":0,"Frozen Egg 2":5},{"theMarked:ArtifactOfAir":0,"theMarked:DemonDagger":21,"Golden Idol":3,"CeramicFish":37,"theMarked:VonisonLock":0,"Frozen Egg 2":17}]},"card_choices":[{"not_picked":["theMarked:MysticalArsenal","theMarked:Parry"],"picked":"theMarked:SwordAndMagic","floor":1},{"not_picked":["theMarked:Convert","theMarked:WardOff"],"picked":"theMarked:SwordAndMagic","floor":3},{"not_picked":["theMarked:Overcharge","theMarked:Aftermath","theMarked:WardOff"],"picked":"SKIP","floor":4},{"not_picked":["theMarked:Overcharge","theMarked:Frustration"],"picked":"theMarked:Indomitable","floor":6},{"not_picked":["theMarked:WastefulAttack","theMarked:Vacuum","theMarked:ChainLightning"],"picked":"SKIP","floor":7},{"not_picked":["theMarked:CreepingChasm","theMarked:TwofoldDefense","theMarked:ResourceFulStrike"],"picked":"SKIP","floor":8},{"not_picked":["theMarked:CreepingChasm","theMarked:ResourceFulStrike"],"picked":"theMarked:TwofoldDefense","floor":8},{"not_picked":["theMarked:RepellingDischarge","theMarked:Parkour"],"picked":"theMarked:AttractMetal","floor":10},{"not_picked":["theMarked:Improvise","theMarked:Seal"],"picked":"theMarked:BanishingWave","floor":11},{"not_picked":["theMarked:Indomitable","theMarked:AttractMetal"],"picked":"theMarked:ElectricStrings","floor":12},{"not_picked":["theMarked:Opportunist+1","theMarked:BanishingStrike"],"picked":"theMarked:Panic","floor":13},{"not_picked":["theMarked:EnhanceMovement","theMarked:ResourceFulStrike","theMarked:Frustration"],"picked":"SKIP","floor":14}],"player_experience":663652,"relics_obtained":[{"floor":7,"key":"Frozen Egg 2"},{"floor":9,"key":"theMarked:DemonDagger"},{"floor":12,"key":"CeramicFish"}],"event_choices":[{"damage_healed":0,"gold_gain":0,"player_choice":"Take Damage","damage_taken":17,"relics_obtained":["Golden Idol"],"max_hp_gain":0,"max_hp_loss":0,"event_name":"Golden Idol","floor":2,"gold_loss":0},{"damage_healed":0,"gold_gain":0,"player_choice":"Donut","damage_taken":0,"max_hp_gain":5,"max_hp_loss":0,"event_name":"Big Fish","floor":5,"gold_loss":0}],"is_beta":true,"boss_relics":[],"items_purged_floors":[],"is_endless":false,"potions_floor_spawned":[1,6,8,10,13],"killed_by":"Hexaghost","ascension_level":2}}