{"host":"9qgbal69wq5palas","time":1609805684,"event":{"mods":["2.2 Compatiblity","Abigail Mod","AchievementEnabler","Act Like it!","Aspiration","Astrologer","Bartender","BaseMod","Better Altar","Better Note","Better Skull","Better Third Choice","Colored Powertips","Hallownest","Hermit","Highlight Path","Hubris","Infinite Spire","Jorbs\u0027s Wanderer Trilogy","Koishi","Lobotomy","Minty Spire (QoL Compilation)","Potionbrewer","Quick Restart","Random Character Button","Replay The Spire","Shade Mod","Shop Mod","Spicy Shops","StSLib","The Animator","The Bug Knight","The Cursed","The Disciple","The Exalted","The Hierophant","The Necromancer","The Servant 0.9.4","Wandering Minibosses"],"gold_per_floor":[20,31,31,49,14,27,71,71,71,26,39,78,78,132,132,253,253,268,218,231,256,269,303,303,343,343,443,443,458,458,472,472,603,603,628,648,648,648,669,704,704,704,704,728,772,796,835,853,853,853,853,853,853,130,173,173],"floor_reached":57,"playtime":3063,"items_purged":["CommonCold","On_The_House","Well_Drinks","Foot_Thrust"],"score":1836,"play_id":"09f3a939-5404-41f3-a6dc-904eb51947bc","local_time":"20210105011444","is_ascension_mode":true,"campfire_choices":[{"data":"Free_Pour","floor":13,"key":"SMITH"},{"data":"Free_Pour","floor":15,"key":"SMITH"},{"floor":24,"key":"RECALL"},{"data":"Bitters","floor":30,"key":"SMITH"},{"data":"Dart","floor":32,"key":"SMITH"},{"data":"Raptor_Form","floor":41,"key":"SMITH"},{"data":"Alacrity","floor":49,"key":"SMITH"},{"data":"Fight_Dirty","floor":53,"key":"SMITH"}],"circlet_count":0,"master_deck":["Somersault","Free_Pour+1","Free_Pour+1","Hook","Raptor_Form+1","Dragonkick","Breathe_Deep+1","Cross","Power_Up_Punch","Spirits_Within+1","Wall_of_Ice+1","Stick_and_Move","With_A_Twist","Bicycle_Kick","Fight_Dirty+1","Dart+1","Alacrity+1","Form_Shift+1","Form_Shift+1","Bitters+1","Spirits_Within+1","Storage+1","Rope_A_Dope","Center_Self+1","Momentum","Combo_Master+1","Vortex+","Bitters+1","Axe_Heel_Kick","Raptor_Form","Elbow_Slash","Midas Touch+1"],"relics":["Sneakers","Golden Idol","Mummified Hand","Bromod:ArcaneVictory","HollowMod:LifeEnderRelic","hubris:SlimyHat","hubris:RunicObelisk","Golden Egg","potionbrewer:SlideRule","Guide Book","Pandora\u0027s Box","Ring of Chaos","Anchor","Potion Belt","Replay:Rubber Ducky","aspiration:HatOfInfinitePower","hubris:EmptyBottle","aspiration:ChemicalBlood","aspiration:StickyExplosives_weak"],"acts_visited":["Exordium","TheCity","TheBeyond","TheEnding"],"potions_floor_usage":[7,11,12,14,21,23,48,56,56,56,56,56,56,56,56,56,56,56],"damage_taken":[{"damage":1,"enemies":"Jaw Worm","floor":1,"turns":5},{"damage":0,"enemies":"2 Louse","floor":2,"turns":3},{"damage":4,"enemies":"infinitespire:Voidling","floor":4,"turns":4},{"damage":0,"enemies":"Exordium Thugs","floor":6,"turns":6},{"damage":15,"enemies":"3 Sentries","floor":7,"turns":8},{"damage":8,"enemies":"Lots of Slimes","floor":11,"turns":6},{"damage":2,"enemies":"Replay:BlueRogue","floor":12,"turns":6},{"damage":0,"enemies":"3 Sentries","floor":14,"turns":6},{"damage":23,"enemies":"The Guardian","floor":16,"turns":13},{"damage":11,"enemies":"Spheric Guardian","floor":18,"turns":4},{"damage":6,"enemies":"Shell Parasite","floor":20,"turns":4},{"damage":2,"enemies":"Shelled Parasite and Fungi","floor":21,"turns":4},{"damage":0,"enemies":"Cultist and Chosen","floor":22,"turns":5},{"damage":0,"enemies":"Gremlin Leader","floor":23,"turns":5},{"damage":13,"enemies":"Book of Stabbing","floor":25,"turns":6},{"damage":0,"enemies":"3 Cultists","floor":29,"turns":4},{"damage":14,"enemies":"Snake Plant","floor":31,"turns":2},{"damage":1,"enemies":"Champ","floor":33,"turns":4},{"damage":26,"enemies":"3 Shapes","floor":35,"turns":4},{"damage":0,"enemies":"Orb Walker","floor":36,"turns":1},{"damage":0,"enemies":"4 Shapes","floor":39,"turns":2},{"damage":0,"enemies":"Giant Head","floor":40,"turns":3},{"damage":0,"enemies":"Jaw Worm Horde","floor":44,"turns":2},{"damage":0,"enemies":"Reptomancer","floor":45,"turns":1},{"damage":0,"enemies":"Maw","floor":46,"turns":2},{"damage":0,"enemies":"R_Hoarder","floor":47,"turns":2},{"damage":0,"enemies":"Transient","floor":48,"turns":4},{"damage":0,"enemies":"Donu and Deca","floor":50,"turns":2},{"damage":0,"enemies":"Shield and Spear","floor":55,"turns":2},{"damage":54,"enemies":"The Heart","floor":56,"turns":4}],"seed_played":"8585145327588507930","potions_obtained":[{"floor":2,"key":"Dexterity Potion"},{"floor":4,"key":"potionbrewer:ToxicPotion"},{"floor":6,"key":"potionbrewer:DiscountPotion"},{"floor":11,"key":"potionbrewer:MidasPotion"},{"floor":18,"key":"potionbrewer:NoxiousPotion"},{"floor":21,"key":"potionbrewer:BoundlessPotion"},{"floor":22,"key":"Energy Potion"},{"floor":23,"key":"potionbrewer:BarricadePotion"},{"floor":36,"key":"Weak Potion"},{"floor":40,"key":"Regen Potion"},{"floor":46,"key":"Doom Potion"},{"floor":48,"key":"potionbrewer:SplittingPotion"},{"floor":55,"key":"GamblersBrew"}],"is_trial":false,"path_per_floor":["M","M","?","M","?","M","E","?","T","$","M","E","R","E","R","B",null,"M","?","M","M","M","E","R","E","T","?","AVR","M","R","M","R","B",null,"M","M","AVR","?","M","E","R","?","T","M","E","M","E","M","R","B",null,null,"R","$","E","B",null],"character_chosen":"BARTENDER","items_purchased":["Dragonkick","Midas Touch","hubris:EmptyBottle","aspiration:ChemicalBlood","Reflective Coating"],"campfire_rested":0,"item_purchase_floors":[10,54,54,54,54],"current_hp_per_floor":[69,69,52,48,65,65,50,50,50,50,47,46,46,49,49,27,59,49,49,44,44,46,51,51,39,39,39,39,42,42,29,29,29,60,37,38,38,38,42,43,43,43,43,46,49,50,51,52,52,54,54,66,66,66,68,26],"gold":173,"neow_bonus":"REMOVE_TWO","is_daily":false,"chose_seed":false,"campfire_upgraded":7,"win_rate":0.0,"timestamp":1609805684,"path_taken":["M","M","?","M","?","M","E","?","T","$","M","E","R","E","R","BOSS","M","?","M","M","M","E","R","E","T","?","AVR","M","R","M","R","BOSS","M","?","AVR","?","?","E","R","?","T","M","E","M","E","M","R","BOSS","R","$","E","BOSS"],"items_purchased_type":["Card","Card","Relic","Relic","Potion"],"build_version":"2020-12-22","purchased_purges":4,"victory":true,"max_hp_per_floor":[70,70,70,70,70,70,70,70,70,70,70,70,70,70,70,70,70,70,70,70,70,70,70,70,70,70,70,70,70,70,70,70,70,70,70,70,70,70,70,70,70,70,70,70,70,70,70,70,70,70,70,70,70,70,70,70],"card_choices":[{"not_picked":["Hook","Dragonkick"],"picked":"Free_Pour","floor":1},{"not_picked":["Power_Up_Punch","Dolphin_Blow"],"picked":"Foot_Thrust","floor":2},{"not_picked":["Elbow_Slash","Scoop"],"picked":"Free_Pour","floor":4},{"not_picked":["Axe_Heel_Kick","Vortex"],"picked":"Hook","floor":6},{"not_picked":["Ripple","Training_Dummy"],"picked":"Raptor_Form","floor":7},{"not_picked":["Center_Self","Raptor_Form"],"picked":"Breathe_Deep","floor":11},{"not_picked":["Ripple","Stick_and_Move"],"picked":"Cross","floor":12},{"not_picked":["Bloodbath_Bartender","Scoop"],"picked":"Power_Up_Punch","floor":14},{"not_picked":["Top_Shelf","Patience"],"picked":"Spirits_Within","floor":16},{"not_picked":["Foot_Thrust","Step_Of_The_Wind"],"picked":"Wall_of_Ice+1","floor":18},{"not_picked":["Power_Up_Punch","Press_Forward"],"picked":"Stick_and_Move","floor":20},{"not_picked":["Scowl","Sucker_Punch"],"picked":"With_A_Twist","floor":21},{"not_picked":["Wall_of_Ice","Insight_B"],"picked":"Well_Drinks","floor":22},{"not_picked":["With_A_Twist","Center_Self"],"picked":"Bicycle_Kick","floor":23},{"not_picked":["Stick_and_Move+1","Ripple","Fading_Blow"],"picked":"SKIP","floor":25},{"not_picked":["Tornado_Kick+1","Stick_and_Move"],"picked":"Bitters","floor":29},{"not_picked":["Well_Drinks","Power_Up_Punch"],"picked":"Spirits_Within","floor":31},{"not_picked":["Beat_Rush","Butterfly_Float"],"picked":"Storage","floor":33},{"not_picked":["Vortex+","Ball_Of_Ice+1"],"picked":"Rope_A_Dope","floor":35},{"not_picked":["Pony_Shot","Foot_Thrust+1"],"picked":"Center_Self+1","floor":36},{"not_picked":["Stick_and_Move+1","Snap_Punch+1"],"picked":"Combo_Master","floor":39},{"not_picked":["Sucker_Punch+1","Meteodrive"],"picked":"Vortex+","floor":40},{"not_picked":["Center_Self","Meditate"],"picked":"Bitters+1","floor":44},{"not_picked":["Ripple","Dancing_Jab+1"],"picked":"Axe_Heel_Kick","floor":45},{"not_picked":["Scowl","On_The_Rocks+1"],"picked":"Raptor_Form","floor":46},{"not_picked":["Meditate","Momentum"],"picked":"Elbow_Slash","floor":47},{"not_picked":["Foot_Thrust+1","With_A_Twist","Bloodbath_Bartender+1"],"picked":"SKIP","floor":48},{"not_picked":["Rising_Crane","Training_Dummy","Elbow_Slash+1"],"picked":"SKIP","floor":55}],"player_experience":2692501,"relics_obtained":[{"floor":7,"key":"Mummified Hand"},{"floor":9,"key":"Bromod:ArcaneVictory"},{"floor":12,"key":"HollowMod:LifeEnderRelic"},{"floor":14,"key":"hubris:SlimyHat"},{"floor":23,"key":"Golden Egg"},{"floor":26,"key":"potionbrewer:SlideRule"},{"floor":40,"key":"Potion Belt"},{"floor":45,"key":"Replay:Rubber Ducky"},{"floor":47,"key":"aspiration:HatOfInfinitePower"},{"floor":55,"key":"aspiration:StickyExplosives_weak"}],"event_choices":[{"damage_healed":0,"gold_gain":0,"player_choice":"Take Damage","damage_taken":17,"relics_obtained":["Golden Idol"],"max_hp_gain":0,"max_hp_loss":0,"event_name":"Golden Idol","floor":3,"gold_loss":0},{"damage_healed":17,"gold_gain":0,"player_choice":"Healed","damage_taken":0,"max_hp_gain":0,"max_hp_loss":0,"event_name":"The Cleric","floor":5,"gold_loss":35},{"damage_healed":0,"gold_gain":0,"player_choice":"Bet on Murderer","damage_taken":0,"max_hp_gain":0,"max_hp_loss":0,"event_name":"The Joust","floor":19,"gold_loss":50},{"damage_healed":0,"gold_gain":100,"player_choice":"Pray","damage_taken":0,"max_hp_gain":0,"max_hp_loss":0,"event_name":"Golden Shrine","floor":27,"gold_loss":0},{"damage_healed":0,"gold_gain":0,"player_choice":"1 cards matched","damage_taken":0,"max_hp_gain":0,"max_hp_loss":0,"event_name":"Match and Keep!","floor":38,"gold_loss":0,"cards_obtained":["Momentum"]},{"damage_healed":0,"gold_gain":0,"player_choice":"Ignored","damage_taken":0,"max_hp_gain":0,"max_hp_loss":0,"event_name":"Tomb of Lord Red Mask","floor":42,"gold_loss":0}],"is_beta":false,"boss_relics":[{"not_picked":["infinitespire:Cupcake","SacredBark"],"picked":"hubris:RunicObelisk"},{"not_picked":["Snecko Eye","aspiration:PoetsPen_weak"],"picked":"Ring of Chaos"}],"items_purged_floors":[28,37,54,54],"is_endless":false,"potions_floor_spawned":[2,4,6,11,18,21,22,23,36,40,46,48,55],"ascension_level":5}}