{"host":"mi0eibewekhugwl1","time":1609830492,"event":{"mods":["AchievementEnabler","BaseMod","Colored Map","Colored Powertips","DeckTracker","Keyboard Shortcuts","Minty Spire (QoL Compilation)","Quick Restart","Rare Cards Sparkle","Relic Stats","StSLib","SuperFastMode","everything is the same but u backflip on backflip"],"gold_per_floor":[110,128,42,42,59,59,91,107,133,133,208,208,208,208,208,208,208],"floor_reached":16,"playtime":140,"items_purged":[],"score":200,"play_id":"193cfc3b-a11d-45f1-9fc7-e124ed871563","local_time":"20210105160812","is_ascension_mode":true,"campfire_choices":[{"data":"Bash","floor":6,"key":"SMITH"},{"data":"Burning Pact","floor":10,"key":"SMITH"},{"floor":13,"key":"REST"},{"data":"Wild Strike","floor":15,"key":"SMITH"}],"circlet_count":0,"master_deck":["AscendersBane","Strike_R","Strike_R+1","Strike_R","Strike_R","Strike_R","Defend_R","Defend_R","Defend_R","Defend_R","Bash+1","Twin Strike","Evolve+1","Anger","Burning Pact+1","Wild Strike+1"],"relics":["Burning Blood","NeowsBlessing","Juzu Bracelet","Strawberry","Golden Idol"],"acts_visited":["Exordium"],"potions_floor_usage":[8,12],"damage_taken":[{"damage":0,"enemies":"Cultist","floor":1,"turns":1},{"damage":0,"enemies":"Jaw Worm","floor":2,"turns":1},{"damage":0,"enemies":"2 Louse","floor":5,"turns":2},{"damage":32,"enemies":"Gremlin Nob","floor":7,"turns":4},{"damage":6,"enemies":"Looter","floor":8,"turns":2},{"damage":0,"enemies":"Exordium Thugs","floor":12,"turns":1},{"damage":58,"enemies":"Slime Boss","floor":16,"turns":6}],"seed_played":"8461394189563308709","potions_obtained":[{"floor":2,"key":"SmokeBomb"},{"floor":5,"key":"Explosive Potion"}],"is_trial":false,"path_per_floor":["M","M","$","?","M","R","E","M","T","R","?","M","R","?","R","B"],"character_chosen":"IRONCLAD","items_purchased":["Evolve"],"campfire_rested":1,"item_purchase_floors":[3],"current_hp_per_floor":[74,75,75,52,58,58,32,32,39,39,28,34,58,58,58,0,0],"gold":208,"neow_bonus":"THREE_ENEMY_KILL","is_daily":false,"chose_seed":false,"campfire_upgraded":3,"win_rate":0.0,"timestamp":1609830492,"path_taken":["M","?","?","?","M","R","E","M","T","R","?","M","R","?","R","BOSS"],"items_purchased_type":["Card"],"build_version":"2020-12-22","purchased_purges":0,"victory":false,"max_hp_per_floor":[75,75,75,75,75,75,75,75,82,82,82,82,82,74,74,74,74],"relic_stats":{"counters":[7,17],"Golden Idol":0,"Juzu Bracelet":0,"obtain_stats":[{"NeowsBlessing":0,"Golden Idol":14,"Strawberry":9,"Juzu Bracelet":7,"Burning Blood":0},{"NeowsBlessing":0,"Golden Idol":6,"Strawberry":5,"Juzu Bracelet":4,"Burning Blood":0},{"NeowsBlessing":0,"Golden Idol":11,"Strawberry":10,"Juzu Bracelet":8,"Burning Blood":0}],"Burning Blood":31},"card_choices":[{"not_picked":["Iron Wave","Armaments","Body Slam"],"picked":"SKIP","floor":1},{"not_picked":["Havoc","Body Slam"],"picked":"Twin Strike","floor":2},{"not_picked":["Sword Boomerang","True Grit"],"picked":"Anger","floor":5},{"not_picked":["Anger","Cleave"],"picked":"Burning Pact","floor":7},{"not_picked":["Shrug It Off","Burning Pact"],"picked":"Wild Strike","floor":8}],"player_experience":1730068,"relics_obtained":[{"floor":7,"key":"Juzu Bracelet"},{"floor":9,"key":"Strawberry"}],"event_choices":[{"damage_healed":0,"gold_gain":0,"player_choice":"Entered Light","damage_taken":23,"max_hp_gain":0,"max_hp_loss":0,"event_name":"Shining Light","floor":4,"gold_loss":0,"cards_upgraded":["Strike_R","Evolve"]},{"damage_healed":0,"gold_gain":75,"player_choice":"Gather Gold","damage_taken":11,"max_hp_gain":0,"max_hp_loss":0,"event_name":"World of Goop","floor":11,"gold_loss":0},{"damage_healed":0,"gold_gain":0,"player_choice":"Lose Max HP","damage_taken":0,"relics_obtained":["Golden Idol"],"max_hp_gain":0,"max_hp_loss":8,"event_name":"Golden Idol","floor":14,"gold_loss":0}],"is_beta":false,"boss_relics":[],"items_purged_floors":[],"is_endless":false,"potions_floor_spawned":[2,5,7],"killed_by":"Slime Boss","ascension_level":20}}