{"host":"dmdprxj8bosbz96f","time":1609870755,"event":{"mods":["AchievementEnabler","BaseMod","Colored Map","DeckTracker","Minty Spire (QoL Compilation)","Quick Restart","SuperFastMode","everything is the same but u backflip on backflip"],"gold_per_floor":[109,109,109,124,124,153,153,164,246,262,281,299,310,329,329,432,432,450,450,450,99,113,113,130,130,155,189,200,200,200,219,219,318,318,335,335,349,329,345,345,345,29,108,108,108],"floor_reached":44,"playtime":1476,"items_purged":["Spot Weakness+1"],"score":566,"play_id":"a021f046-9499-470d-9a6b-894b0ce330b3","local_time":"20210106031915","is_ascension_mode":true,"campfire_choices":[{"data":"Perfected Strike","floor":7.0,"key":"SMITH"},{"floor":15.0,"key":"REST"},{"floor":23,"key":"REST"},{"floor":30,"key":"REST"},{"data":"Barricade","floor":32,"key":"SMITH"},{"floor":41,"key":"REST"}],"circlet_count":0,"master_deck":["Strike_R","Strike_R","Strike_R","Strike_R+1","Strike_R","Defend_R","Defend_R","Bash","Shrug It Off+1","Shrug It Off","Perfected Strike+1","Entrench+1","Wild Strike","Twin Strike","Pommel Strike","Perfected Strike","Wild Strike","Juggernaut","Barricade+1","Armaments+1","Body Slam","Pommel Strike","Shrug It Off","Body Slam","Impervious","Perfected Strike+1","Shrug It Off+1","Seeing Red","Body Slam","Good Instincts"],"relics":["Burning Blood","Oddly Smooth Stone","HornCleat","SlaversCollar","Membership Card","Mummified Hand","War Paint","Juzu Bracelet","Red Mask","Philosopher\u0027s Stone","Incense Burner","Toxic Egg 2"],"acts_visited":["Exordium","TheCity","TheBeyond"],"potions_floor_usage":[22,24,31,31,39,40],"damage_taken":[{"damage":0.0,"enemies":"Small Slimes","floor":1.0,"turns":5.0},{"damage":2.0,"enemies":"Jaw Worm","floor":4.0,"turns":5.0},{"damage":34.0,"enemies":"Gremlin Nob","floor":6.0,"turns":5.0},{"damage":7.0,"enemies":"2 Louse","floor":8.0,"turns":2.0},{"damage":15.0,"enemies":"Lots of Slimes","floor":10.0,"turns":6.0},{"damage":0.0,"enemies":"Blue Slaver","floor":11.0,"turns":3.0},{"damage":9.0,"enemies":"2 Fungi Beasts","floor":12.0,"turns":2.0},{"damage":8.0,"enemies":"Exordium Wildlife","floor":13.0,"turns":2.0},{"damage":5.0,"enemies":"Exordium Thugs","floor":14.0,"turns":2.0},{"damage":33.0,"enemies":"Slime Boss","floor":16.0,"turns":9.0},{"damage":53.0,"enemies":"Shell Parasite","floor":18.0,"turns":9.0},{"damage":0,"enemies":"Spheric Guardian","floor":22,"turns":4},{"damage":14,"enemies":"3 Cultists","floor":24,"turns":5},{"damage":35,"enemies":"Masked Bandits","floor":27,"turns":8},{"damage":0,"enemies":"Snecko","floor":28,"turns":2},{"damage":10,"enemies":"Centurion and Healer","floor":31,"turns":6},{"damage":0,"enemies":"Collector","floor":33,"turns":11},{"damage":21,"enemies":"3 Darklings","floor":35,"turns":7},{"damage":4,"enemies":"3 Shapes","floor":37,"turns":2},{"damage":62,"enemies":"Transient","floor":39,"turns":5},{"damage":0,"enemies":"Nemesis","floor":40,"turns":1},{"damage":55,"enemies":"Reptomancer","floor":44,"turns":2}],"seed_played":"-7443557908078214602","potions_obtained":[{"floor":1.0,"key":"ColorlessPotion"},{"floor":8.0,"key":"SpeedPotion"},{"floor":10.0,"key":"Swift Potion"},{"floor":12.0,"key":"Ancient Potion"},{"floor":14.0,"key":"ColorlessPotion"},{"floor":18.0,"key":"DuplicationPotion"},{"floor":27,"key":"Dexterity Potion"},{"floor":31,"key":"BloodPotion"},{"floor":35,"key":"Strength Potion"},{"floor":38,"key":"SmokeBomb"}],"is_trial":false,"path_per_floor":["M","?","?","M","?","E","R","M","T","M","M","M","M","M","R","B",null,"M","?","?","$","M","R","M","?","T","?","M","?","R","M","R","B",null,"M","?","M","?","M","E","R","$","T","E"],"character_chosen":"IRONCLAD","items_purchased":["Membership Card","Mummified Hand","War Paint","Incense Burner","Body Slam","Good Instincts","CultistPotion","SteroidPotion"],"campfire_rested":4,"item_purchase_floors":[21,21,21,42,42,42,42,42],"current_hp_per_floor":[80,80,64,68,68,40,40,39,39,30,36,33,31,32,56,29,80,33,33,33,33,39,63,55,55,55,26,32,26,50,62,62,68,80,65,80,80,80,24,30,54,54,54,0,0],"gold":108,"neow_bonus":"THREE_CARDS","is_daily":false,"chose_seed":false,"campfire_upgraded":2,"win_rate":0.0,"timestamp":1609870755,"path_taken":["M","?","?","?","?","E","R","M","T","M","M","M","M","?","R","BOSS","M","?","?","?","?","R","M","?","T","?","M","?","R","M","R","BOSS","M","?","M","?","M","E","R","$","T","E"],"items_purchased_type":["Relic","Relic","Relic","Relic","Card","Card","Potion","Potion"],"build_version":"2020-12-22","purchased_purges":1,"victory":false,"max_hp_per_floor":[80,80,80,80,80,80,80,80,80,80,80,80,80,80,80,80,80,80,80,80,80,80,80,80,80,80,80,80,80,80,80,80,80,80,80,80,80,80,80,80,80,80,80,80,80],"card_choices":[{"not_picked":["Heavy Blade","Clash"],"picked":"Shrug It Off","floor":0.0},{"not_picked":["Carnage","True Grit"],"picked":"Shrug It Off","floor":1.0},{"not_picked":["Clash","Combust"],"picked":"Perfected Strike","floor":4.0},{"not_picked":["Brutality","Second Wind"],"picked":"Wild Strike","floor":6.0},{"not_picked":["Rage","Clothesline"],"picked":"Twin Strike","floor":8.0},{"not_picked":["Searing Blow","Sword Boomerang"],"picked":"Pommel Strike","floor":10.0},{"not_picked":["Reckless Charge","Corruption"],"picked":"Heavy Blade","floor":11.0},{"not_picked":["Uppercut","Headbutt"],"picked":"Perfected Strike","floor":12.0},{"not_picked":["Inflame","Flex"],"picked":"Wild Strike","floor":13.0},{"not_picked":["Armaments","Clash"],"picked":"Juggernaut","floor":14.0},{"not_picked":["Juggernaut","Impervious"],"picked":"Barricade","floor":16.0},{"not_picked":["Feel No Pain","Havoc"],"picked":"Armaments","floor":18.0},{"not_picked":["Headbutt","Armaments"],"picked":"Pommel Strike","floor":22},{"not_picked":["Sword Boomerang","Rage"],"picked":"Shrug It Off","floor":24},{"not_picked":["Reckless Charge","Clothesline"],"picked":"Body Slam","floor":27},{"not_picked":["Feel No Pain","Reckless Charge"],"picked":"Spot Weakness+1","floor":28},{"not_picked":["Reckless Charge","Blood for Blood+1","Carnage"],"picked":"SKIP","floor":31},{"not_picked":["Juggernaut","Brutality"],"picked":"Impervious","floor":33},{"not_picked":["Headbutt+1","Body Slam"],"picked":"Perfected Strike+1","floor":35},{"not_picked":["Pommel Strike","Fire Breathing"],"picked":"Shrug It Off+1","floor":37},{"not_picked":["Flame Barrier","Sword Boomerang"],"picked":"Seeing Red","floor":39}],"player_experience":135232,"relics_obtained":[{"floor":6.0,"key":"Oddly Smooth Stone"},{"floor":9.0,"key":"HornCleat"},{"floor":26,"key":"Juzu Bracelet"},{"floor":27,"key":"Red Mask"},{"floor":43,"key":"Toxic Egg 2"}],"event_choices":[{"cards_removed":["Defend_R"],"damage_healed":0.0,"max_hp_gain":0.0,"max_hp_loss":0.0,"gold_gain":0.0,"event_name":"Living Wall","player_choice":"Forget","floor":2.0,"gold_loss":0.0,"damage_taken":0.0},{"damage_healed":0.0,"max_hp_gain":0.0,"max_hp_loss":0.0,"gold_gain":0.0,"event_name":"Shining Light","player_choice":"Entered Light","floor":3.0,"gold_loss":0.0,"damage_taken":16.0,"cards_upgraded":["Strike_R","Shrug It Off"]},{"damage_healed":0.0,"max_hp_gain":0.0,"max_hp_loss":0.0,"gold_gain":0.0,"cards_transformed":["Defend_R"],"event_name":"Transmorgrifier","player_choice":"Transformed","floor":5.0,"gold_loss":0.0,"damage_taken":0.0,"cards_obtained":["Entrench"]},{"damage_healed":0.0,"max_hp_gain":0.0,"max_hp_loss":0.0,"gold_gain":0.0,"event_name":"Vampires","player_choice":"Ignored","floor":19.0,"gold_loss":0.0,"damage_taken":0.0},{"damage_healed":0.0,"max_hp_gain":0.0,"max_hp_loss":0.0,"gold_gain":0.0,"event_name":"The Library","player_choice":"Read","floor":20.0,"gold_loss":0.0,"damage_taken":0.0,"cards_obtained":["Body Slam"]},{"damage_healed":0,"gold_gain":0,"cards_transformed":["Heavy Blade"],"player_choice":"Transformed","damage_taken":0,"max_hp_gain":0,"max_hp_loss":0,"event_name":"Transmorgrifier","floor":25,"gold_loss":0,"cards_obtained":["Dark Embrace"]},{"damage_healed":0,"gold_gain":0,"player_choice":"Fought Bandits","damage_taken":0,"max_hp_gain":0,"max_hp_loss":0,"event_name":"Masked Bandits","floor":27,"gold_loss":0},{"damage_healed":0,"gold_gain":0,"player_choice":"","damage_taken":6,"max_hp_gain":0,"max_hp_loss":0,"event_name":"Knowing Skull","floor":29,"potions_obtained":[],"gold_loss":0,"cards_obtained":[]},{"cards_removed":["Dark Embrace"],"damage_healed":15,"gold_gain":0,"player_choice":"Offered Uncommon","damage_taken":0,"max_hp_gain":0,"max_hp_loss":0,"event_name":"Bonfire Elementals","floor":36,"gold_loss":0},{"damage_healed":0,"gold_gain":0,"player_choice":"Bought 1 Potion","damage_taken":0,"max_hp_gain":0,"max_hp_loss":0,"event_name":"The Woman in Blue","floor":38,"gold_loss":0}],"is_beta":false,"boss_relics":[{"not_picked":["Velvet Choker","Tiny House"],"picked":"SlaversCollar"},{"not_picked":["Runic Dome","Snecko Eye"],"picked":"Philosopher\u0027s Stone"}],"items_purged_floors":[42],"is_endless":false,"potions_floor_spawned":[1,8,10,12,14,18,27,31,35,40],"killed_by":"Reptomancer","ascension_level":2}}