{"host":"cbu6enf2xtq4r7r3","time":1609879062,"event":{"mods":["2.2 Compatiblity","AlwaysNeverKeys","BaseMod","Better Match","Better Note","Better Sensory Stone","Better Skull","Better Third Choice","Colored Map","Colored Powertips","Defuse TimeMaze Blight","Emptier Cage","Minty Spire (QoL Compilation)","Permanent Neow","Quick Restart","Random Character Button","Relic Sorter","Reorder Act Four","Shop Mod","StSLib"],"gold_per_floor":[116,391,409,427,60,60,60],"floor_reached":6,"playtime":225,"items_purged":["Regret"],"score":38,"play_id":"35152610-c890-42d5-866c-686f6ae74ecd","local_time":"20210105213742","is_ascension_mode":true,"campfire_choices":[],"circlet_count":0,"master_deck":["Strike_G","Strike_G","Strike_G","Strike_G","Strike_G","Defend_G","Defend_G","Defend_G","Defend_G","Defend_G","Survivor","Neutralize","After Image","Bane","Terror","Slice","Footwork","Heel Hook"],"relics":["Ring of the Snake","Bag of Marbles"],"acts_visited":["Exordium"],"potions_floor_usage":[],"damage_taken":[{"damage":1,"enemies":"Jaw Worm","floor":1,"turns":6},{"damage":0,"enemies":"Cultist","floor":3,"turns":4},{"damage":0,"enemies":"2 Louse","floor":4,"turns":3},{"damage":0,"enemies":"3 Sentries","floor":6,"turns":1}],"seed_played":"-7679081361395320174","potions_obtained":[],"is_trial":false,"path_per_floor":["M","?","M","M","$","E"],"character_chosen":"THE_SILENT","items_purchased":["Bag of Marbles","Footwork","Heel Hook"],"campfire_rested":0,"item_purchase_floors":[5,5,5],"current_hp_per_floor":[62,62,62,62,62,62,62],"gold":60,"neow_bonus":"THREE_RARE_CARDS","is_daily":false,"chose_seed":false,"campfire_upgraded":0,"win_rate":0.0,"timestamp":1609879062,"path_taken":["M","?","?","M","$","E"],"items_purchased_type":["Relic","Card","Card"],"build_version":"2020-12-22","purchased_purges":1,"victory":false,"max_hp_per_floor":[63,63,63,63,63,63,63],"card_choices":[{"not_picked":["Burst","Unload"],"picked":"After Image","floor":0},{"not_picked":["Acrobatics","Eviscerate"],"picked":"Bane","floor":1},{"not_picked":["Deflect","Prepared"],"picked":"Terror","floor":3},{"not_picked":["Calculated Gamble","Caltrops"],"picked":"Slice","floor":4}],"player_experience":67853,"relics_obtained":[],"event_choices":[{"damage_healed":0,"gold_gain":275,"player_choice":"Desecrate","damage_taken":0,"max_hp_gain":0,"max_hp_loss":0,"event_name":"Golden Shrine","floor":2,"gold_loss":0,"cards_obtained":["Regret"]}],"is_beta":false,"boss_relics":[],"items_purged_floors":[5],"is_endless":false,"potions_floor_spawned":[],"killed_by":"3 Sentries","ascension_level":1}}