{"host":"b7j598ve05halrwk","time":1609867857,"event":{"mods":["2.2 Compatiblity","BaseMod","Block Reminder","DeckTracker","Minty Spire (QoL Compilation)","Relic Stats","Slay the Relics Exporter","StSLib","ojb\u0027s Better Paths Mod","ojb\u0027s Info Mod"],"gold_per_floor":[109,109,6,106,23,23,40,67,67,77,19,46,57,91,91,170,170,181,181,194,194,204,204,222,242,291,291,291,291],"floor_reached":28,"playtime":1850,"items_purged":["Regret"],"score":475,"play_id":"cd259ca2-11d5-421b-b0d3-4420f3b7f035","local_time":"20210105123057","is_ascension_mode":true,"campfire_choices":[{"data":"Streamline","floor":6.0,"key":"SMITH"},{"floor":15.0,"key":"REST"},{"floor":23,"key":"REST"}],"circlet_count":0,"master_deck":["AscendersBane","Strike_B","Defend_B","Defend_B","Defend_B","Defend_B","Zap","Dualcast","Tempest","Streamline+1","Ball Lightning","Genetic Algorithm","Cold Snap","Core Surge","Lockon","Aggregate","Core Surge","Creative AI+1","Fusion+1","Steam Power+1","Go for the Eyes+1","Undo","Loop","Stack","Defragment","Conserve Battery+1","Genetic Algorithm"],"relics":["Cracked Core","Centennial Puzzle","Mummified Hand","Pantograph","InkBottle","Potion Belt","Bag of Marbles","Astrolabe","Spirit Poop","Dream Catcher"],"acts_visited":["Exordium","TheCity"],"potions_floor_usage":[22,24,25,28],"damage_taken":[{"damage":1.0,"enemies":"Cultist","floor":1.0,"turns":3.0},{"damage":1.0,"enemies":"2 Louse","floor":7.0,"turns":3.0},{"damage":20.0,"enemies":"Lagavulin","floor":8.0,"turns":7.0},{"damage":0.0,"enemies":"Small Slimes","floor":10.0,"turns":3.0},{"damage":26.0,"enemies":"3 Sentries","floor":12.0,"turns":8.0},{"damage":9.0,"enemies":"Red Slaver","floor":13.0,"turns":2.0},{"damage":20.0,"enemies":"Lagavulin","floor":14.0,"turns":5.0},{"damage":36.0,"enemies":"Hexaghost","floor":16.0,"turns":7.0},{"damage":6.0,"enemies":"3 Byrds","floor":18.0,"turns":4.0},{"damage":11,"enemies":"Spheric Guardian","floor":20,"turns":4},{"damage":24,"enemies":"3 Cultists","floor":22,"turns":6},{"damage":18,"enemies":"Snake Plant","floor":24,"turns":3},{"damage":24,"enemies":"Shelled Parasite and Fungi","floor":25,"turns":4},{"damage":13,"enemies":"Book of Stabbing","floor":28,"turns":3}],"seed_played":"3920113404573135007","potions_obtained":[{"floor":7.0,"key":"Swift Potion"},{"floor":12.0,"key":"SteroidPotion"},{"floor":13.0,"key":"FearPotion"},{"floor":14.0,"key":"Explosive Potion"},{"floor":16.0,"key":"Fire Potion"},{"floor":22,"key":"ColorlessPotion"},{"floor":24,"key":"ColorlessPotion"}],"is_trial":false,"path_per_floor":["M","?","$","?","$","R","M","E","T","M","?","E","M","E","R","B",null,"M","?","M","?","M","R","M","M","T","?","E"],"character_chosen":"DEFECT","items_purchased":["Streamline","Ball Lightning","FearPotion"],"campfire_rested":2,"item_purchase_floors":[3,5,5],"current_hp_per_floor":[77,77,77,77,77,77,76,56,56,56,56,30,21,1,26,15,68,62,62,51,51,27,52,34,10,10,10,0,0],"gold":291,"neow_bonus":"TWENTY_PERCENT_HP_BONUS","is_daily":false,"chose_seed":false,"campfire_upgraded":1,"win_rate":0.0,"timestamp":1609867857,"path_taken":["M","?","$","?","$","R","?","E","T","M","?","E","M","E","R","BOSS","M","?","?","?","?","R","M","M","T","?","E"],"items_purchased_type":["Card","Card","Potion"],"build_version":"2020-12-22","purchased_purges":1,"victory":false,"max_hp_per_floor":[85,85,85,85,85,85,85,85,85,85,85,85,85,85,85,85,85,85,85,85,85,85,85,85,85,85,85,85,85],"relic_stats":{"Centennial Puzzle":[36],"Dream Catcher":0,"counters":[14,62],"Mummified Hand":[21],"Pantograph":25,"Astrolabe":["Fusion","Steam Power","Go for the Eyes"],"obtain_stats":[{"Potion Belt":12,"Centennial Puzzle":2,"Dream Catcher":26,"Mummified Hand":8,"Pantograph":9,"Astrolabe":17,"Spirit Poop":19,"Bag of Marbles":14,"Cracked Core":0,"InkBottle":11},{"Potion Belt":5,"Centennial Puzzle":1,"Dream Catcher":13,"Mummified Hand":3,"Pantograph":3,"Astrolabe":8,"Spirit Poop":9,"Bag of Marbles":7,"Cracked Core":0,"InkBottle":4},{"Potion Belt":24,"Centennial Puzzle":3,"Dream Catcher":59,"Mummified Hand":13,"Pantograph":13,"Astrolabe":38,"Spirit Poop":42,"Bag of Marbles":31,"Cracked Core":0,"InkBottle":16}],"InkBottle":[16]},"card_choices":[{"not_picked":["Steam","Coolheaded"],"picked":"Tempest","floor":1.0},{"not_picked":["Beam Cell","Turbo"],"picked":"Genetic Algorithm","floor":7.0},{"not_picked":["Tempest","Double Energy"],"picked":"Cold Snap","floor":8.0},{"not_picked":["Gash","Ball Lightning"],"picked":"Core Surge","floor":10.0},{"not_picked":["Skim","Hello World"],"picked":"Lockon","floor":12.0},{"not_picked":["Streamline","Compile Driver"],"picked":"Aggregate","floor":13.0},{"not_picked":["Stack","FTL"],"picked":"Core Surge","floor":14.0},{"not_picked":["Buffer","Rainbow"],"picked":"Creative AI","floor":16.0},{"not_picked":["Conserve Battery","Turbo"],"picked":"Undo","floor":18.0},{"not_picked":["Consume+1","Beam Cell"],"picked":"Loop","floor":20},{"not_picked":["Scrape","Leap"],"picked":"Stack","floor":22},{"not_picked":["Blizzard+1","Fusion"],"picked":"Defragment","floor":24},{"not_picked":["Streamline","Rip and Tear"],"picked":"Conserve Battery+1","floor":25}],"player_experience":814045,"relics_obtained":[{"floor":8.0,"key":"Mummified Hand"},{"floor":9.0,"key":"Pantograph"},{"floor":12.0,"key":"Potion Belt"},{"floor":14.0,"key":"Bag of Marbles"},{"floor":26,"key":"Dream Catcher"}],"event_choices":[{"damage_healed":0.0,"max_hp_gain":0.0,"max_hp_loss":0.0,"gold_gain":0.0,"event_name":"Big Fish","player_choice":"Box","floor":2.0,"gold_loss":0.0,"damage_taken":0.0,"relics_obtained":["Centennial Puzzle"],"cards_obtained":["Regret"]},{"damage_healed":0.0,"max_hp_gain":0.0,"max_hp_loss":0.0,"gold_gain":100.0,"event_name":"Wheel of Change","player_choice":"Gold","floor":4.0,"gold_loss":0.0,"damage_taken":0.0},{"damage_healed":0.0,"max_hp_gain":0.0,"max_hp_loss":0.0,"gold_gain":0.0,"event_name":"WeMeetAgain","player_choice":"Paid Gold","floor":11.0,"gold_loss":58.0,"damage_taken":0.0,"relics_obtained":["InkBottle"]},{"cards_removed":["Injury"],"damage_healed":0.0,"max_hp_gain":0.0,"max_hp_loss":0.0,"gold_gain":0.0,"event_name":"Bonfire Elementals","player_choice":"Offered Curse","floor":19.0,"gold_loss":0.0,"damage_taken":0.0,"relics_obtained":["Spirit Poop"]},{"damage_healed":0,"gold_gain":0,"player_choice":"Upgraded","damage_taken":0,"max_hp_gain":0,"max_hp_loss":0,"event_name":"Upgrade Shrine","floor":21,"gold_loss":0,"cards_upgraded":["Creative AI"]},{"damage_healed":0,"gold_gain":0,"player_choice":"Copied","damage_taken":0,"max_hp_gain":0,"max_hp_loss":0,"event_name":"Duplicator","floor":27,"gold_loss":0,"cards_obtained":["Genetic Algorithm"]}],"is_beta":false,"boss_relics":[{"not_picked":["FrozenCore","SlaversCollar"],"picked":"Astrolabe"}],"items_purged_floors":[3],"is_endless":false,"potions_floor_spawned":[7,12,13,14,16,22,24],"killed_by":"Book of Stabbing","ascension_level":20}}