{"host":"g0n1ydxtx1rjaooc","time":1609886588,"event":{"mods":["AchievementEnabler","Aspiration","BaseMod","Better Note","Better Third Choice","Colored Powertips","Conspire","Downfall","Friendly Minions","Hermit","Hubris","Infinite Spire","Jorbs\u0027s Wanderer Trilogy","Minty Spire (QoL Compilation)","Rare Cards Sparkle","Replay The Spire","StSLib","The Bug Knight","The Construct","The Cursed","The Forsaken","The Gatherer","The Hierophant","The Jungle","The Mystic","The Necromancer","The Runesmith","The Servant 0.9.4","vexMod"],"gold_per_floor":[99,114,132,152,170,198,198,216,227,77,77,77,102,157,16,51,66,166,166,166,166,166,181,181,194,211,211,234,234,234,234,234],"floor_reached":30,"playtime":3857,"items_purged":["Guardian:Defend_Guardian"],"score":265,"play_id":"a535e0da-3c50-40fd-b310-99c9a576905c","local_time":"20210105174308","is_ascension_mode":false,"campfire_choices":[{"floor":1,"key":"RECALL"},{"floor":10,"key":"REST"},{"data":"Guardian:SphericShield","floor":22,"key":"SMITH"},{"data":"Guardian:ExploitGems","floor":27,"key":"SMITH"}],"circlet_count":0,"master_deck":["Guardian:Strike_Guardian","Guardian:Strike_Guardian","Guardian:Strike_Guardian","Guardian:Strike_Guardian","Guardian:Defend_Guardian","Guardian:Defend_Guardian","Guardian:Defend_Guardian","Guardian:CurlUp","Guardian:TwinSlam","Guardian:FloatingOrbs","Guardian:ExploitGems+1","Guardian:FastForward","Guardian:Recover","Guardian:RefractedBeam","Guardian:Preprogram","Guardian:CrystalBeam","Guardian:ChargeUp","Guardian:ChargeUp","Guardian:PrismaticBeam","Guardian:SphericShield+1","Guardian:GuardianWhirl","Guardian:Planning+1","Guardian:RollAttack"],"relics":["Guardian:ModeShifter","Juzu Bracelet","downfall:HeartBlessingRed","downfall:HeartBlessingBlue","ReplayTheSpireMod:Lightbulb","aspiration:ChemicalBlood","vexMod:InvisibilityCloak","vexMod:MysteryBossChallenge","hubris:CrackedHourglass","PreservedInsect","hubris:Towel"],"acts_visited":["Exordium","TheCity"],"potions_floor_usage":[9,13,18,18,18,18,18,30,30],"damage_taken":[{"damage":5,"enemies":"Cultist","floor":2,"turns":5},{"damage":0,"enemies":"Jaw Worm","floor":3,"turns":3},{"damage":1,"enemies":"2 Louse","floor":4,"turns":3},{"damage":2,"enemies":"Blue Slaver","floor":5,"turns":4},{"damage":18,"enemies":"HollowMod:MossKnight","floor":6,"turns":13},{"damage":13,"enemies":"Exordium Wildlife","floor":8,"turns":5},{"damage":14,"enemies":"conspire:2 RoseBushes","floor":9,"turns":6},{"damage":21,"enemies":"Replay:BlueRogue","floor":13,"turns":5},{"damage":22,"enemies":"3 Sentries","floor":14,"turns":8},{"damage":0,"enemies":"downfall:FleeingMerchant","floor":15,"turns":4},{"damage":10,"enemies":"conspire:MimicChest","floor":16,"turns":6},{"damage":1,"enemies":"Blue Slaver","floor":17,"turns":4},{"damage":16,"enemies":"downfall:Ironclad","floor":18,"turns":5},{"damage":0,"enemies":"3 Byrds","floor":23,"turns":4},{"damage":0,"enemies":"Spheric Guardian","floor":25,"turns":3},{"damage":0,"enemies":"Snecko","floor":26,"turns":5},{"damage":15,"enemies":"HollowMod:Nosk","floor":30,"turns":6}],"seed_played":"-323629643261037129","potions_obtained":[{"floor":2,"key":"PowerPotion"},{"floor":4,"key":"FearPotion"},{"floor":8,"key":"Energy Potion"},{"floor":9,"key":"SteroidPotion"},{"floor":16,"key":"Adrenaline Potion"},{"floor":17,"key":"EntropicBrew"},{"floor":23,"key":"Block Potion"},{"floor":26,"key":"hexamod:EctoCoolerPotion"}],"is_trial":false,"path_per_floor":["R","M","M","M","M","E","T","M","M","R","PTL","PTL","E","?","$","?","M","B",null,"PTL","PTL","R","M","?","M","M","R","T","?","E"],"character_chosen":"GUARDIAN","items_purchased":["Guardian:ChargeUp"],"campfire_rested":1,"item_purchase_floors":[15],"current_hp_per_floor":[88,83,83,82,80,62,62,49,35,74,74,74,53,31,31,21,20,4,98,98,98,98,98,98,98,98,98,98,98,0,0,0],"gold":234,"neow_bonus":"TEN_PERCENT_HP_BONUS","is_daily":false,"chose_seed":false,"campfire_upgraded":2,"win_rate":0.0,"timestamp":1609886588,"path_taken":["R","M","M","M","M","E","T","M","M","R","PTL","PTL","E","?","$","?","M","BOSS","PTL","PTL","R","M","?","M","M","R","T","?","E"],"items_purchased_type":["Card"],"build_version":"2020-12-22","purchased_purges":1,"victory":false,"max_hp_per_floor":[88,88,88,88,88,88,88,88,88,98,98,98,98,98,98,98,98,98,98,98,98,98,98,98,98,98,98,98,98,98,98,98],"card_choices":[{"not_picked":["Guardian:WalkerClaw","Guardian:ShieldSpikes"],"picked":"Guardian:Gem_Fragmented","floor":2},{"not_picked":["Guardian:PiercingHide","Guardian:Gem_Green"],"picked":"Guardian:FloatingOrbs","floor":3},{"not_picked":["Guardian:Incinerate","Guardian:SpikerProtocol"],"picked":"Guardian:ExploitGems","floor":4},{"not_picked":["Guardian:WalkerClaw","Guardian:Incinerate"],"picked":"Guardian:Gem_Green","floor":5},{"not_picked":["Guardian:Gem_Fragmented","Guardian:Repulse"],"picked":"Guardian:FastForward","floor":6},{"not_picked":["Guardian:PrismaticBarrier","Guardian:CrystalBeam"],"picked":"Guardian:Recover","floor":8},{"not_picked":["Guardian:ArmoredProtocol","Guardian:ChargeCore"],"picked":"Guardian:RefractedBeam","floor":9},{"not_picked":["Guardian:Repulse","Guardian:ShieldSpikes"],"picked":"Guardian:Preprogram","floor":13},{"not_picked":["Guardian:SentryBeam","Guardian:WalkerClaw"],"picked":"Guardian:Gem_Crimson","floor":14},{"not_picked":["Guardian:VentSteam","Guardian:Reroute"],"picked":"Guardian:CrystalBeam","floor":15},{"not_picked":["Guardian:Gem_Fragmented","Guardian:Suspension"],"picked":"Guardian:Gem_Orange","floor":16},{"not_picked":["Guardian:Incinerate","Guardian:FloatingOrbs"],"picked":"Guardian:PrismaticBeam","floor":17},{"not_picked":["Guardian:FastForward","Guardian:HyperBeam_Guardian"],"picked":"Guardian:SphericShield","floor":18},{"not_picked":["Guardian:PiercingHide","Guardian:Gem_White"],"picked":"Guardian:GuardianWhirl","floor":23},{"not_picked":["Guardian:Gem_Green","Guardian:Recover"],"picked":"Guardian:Planning+1","floor":25},{"not_picked":["Guardian:TemporalShield","Guardian:PrismaticBeam+1"],"picked":"Guardian:RollAttack","floor":26}],"player_experience":73865,"relics_obtained":[{"floor":6,"key":"Juzu Bracelet"},{"floor":13,"key":"ReplayTheSpireMod:Lightbulb"},{"floor":14,"key":"aspiration:ChemicalBlood"},{"floor":16,"key":"vexMod:InvisibilityCloak"},{"floor":28,"key":"PreservedInsect"}],"event_choices":[{"cards_removed":["Guardian:ExploitGems"],"damage_healed":0,"gold_gain":0,"player_choice":"Give","damage_taken":0,"max_hp_gain":0,"max_hp_loss":0,"event_name":"betterNote:BetterNote","floor":24,"gold_loss":0,"cards_obtained":["Iron Wave"]}],"is_beta":false,"boss_relics":[{"not_picked":["Ring of Chaos","Runic Dome"],"picked":"vexMod:MysteryBossChallenge"}],"items_purged_floors":[15],"is_endless":false,"potions_floor_spawned":[2,4,8,9,16,17,23,26],"killed_by":"HollowMod:Nosk","ascension_level":0}}