{"host":"78zdngn0u28jm0pp","time":1609812108,"event":{"mods":["BaseMod","Jorbs\u0027s Wanderer Trilogy","Minty Spire (QoL Compilation)","Permanent Neow","Quick Restart","Relic Stats","StSLib","Unceasing Turn Reminder"],"gold_per_floor":[112,112,130,130,130,130,146,171,171,182,16,42,117,131,131,205,205,224,224,224],"floor_reached":19,"playtime":1076,"items_purged":[],"score":354,"play_id":"c914e2c6-2ab7-4729-b87f-c47e709ffe2a","local_time":"20210104190148","is_ascension_mode":true,"campfire_choices":[{"data":"Malaise","floor":6,"key":"SMITH"},{"floor":15,"key":"REST"}],"circlet_count":0,"master_deck":["AscendersBane","Strike_G","Strike_G","Strike_G","Strike_G","Defend_G","Defend_G","Defend_G","Defend_G","Defend_G","Survivor","Neutralize","Eviscerate","Malaise+1","Bouncing Flask","Catalyst","Acrobatics","Noxious Fumes","Dash","Bane","PiercingWail","Adrenaline"],"relics":["Snecko Eye","The Specimen","Juzu Bracelet","CaptainsWheel","InkBottle","Philosopher\u0027s Stone"],"acts_visited":["Exordium","TheCity"],"potions_floor_usage":[8,10,12,16],"damage_taken":[{"damage":7,"enemies":"Jaw Worm","floor":1,"turns":7},{"damage":0,"enemies":"Cultist","floor":3,"turns":4},{"damage":0,"enemies":"Small Slimes","floor":7,"turns":4},{"damage":6,"enemies":"Gremlin Nob","floor":8,"turns":3},{"damage":10,"enemies":"Exordium Wildlife","floor":10,"turns":5},{"damage":10,"enemies":"3 Sentries","floor":12,"turns":7},{"damage":2,"enemies":"Large Slime","floor":14,"turns":5},{"damage":16,"enemies":"Slime Boss","floor":16,"turns":10},{"damage":11,"enemies":"2 Thieves","floor":18,"turns":4},{"damage":46,"enemies":"3 Byrds","floor":19,"turns":4}],"seed_played":"499835015682113608","potions_obtained":[{"floor":1,"key":"Explosive Potion"},{"floor":2,"key":"Poison Potion"},{"floor":2,"key":"GhostInAJar"},{"floor":8,"key":"SpeedPotion"},{"floor":14,"key":"Poison Potion"}],"is_trial":false,"path_per_floor":["M","?","M","?","T","R","M","E","T","M","$","E","?","M","R","B",null,"M","M"],"character_chosen":"THE_SILENT","items_purchased":["Noxious Fumes","Dash"],"campfire_rested":1,"item_purchase_floors":[11,11],"current_hp_per_floor":[52,52,52,45,45,45,45,39,39,29,29,19,8,6,25,9,52,41,0,0],"gold":224,"neow_bonus":"BOSS_RELIC","is_daily":false,"chose_seed":false,"campfire_upgraded":1,"win_rate":0.0,"timestamp":1609812108,"path_taken":["M","?","?","?","?","R","M","E","T","M","$","E","?","M","R","BOSS","M","M"],"items_purchased_type":["Card","Card"],"build_version":"2020-12-22","purchased_purges":0,"victory":false,"max_hp_per_floor":[66,66,66,66,66,66,66,66,66,66,66,66,66,66,66,66,66,66,66,66],"relic_stats":{"counters":[10,53],"Snecko Eye":[89,94,80,105],"Juzu Bracelet":0,"obtain_stats":[{"CaptainsWheel":9,"The Specimen":5,"Snecko Eye":0,"Philosopher\u0027s Stone":17,"Juzu Bracelet":8,"InkBottle":12,"Ring of the Snake":0},{"CaptainsWheel":4,"The Specimen":2,"Snecko Eye":0,"Philosopher\u0027s Stone":8,"Juzu Bracelet":4,"InkBottle":6,"Ring of the Snake":0},{"CaptainsWheel":18,"The Specimen":11,"Snecko Eye":0,"Philosopher\u0027s Stone":45,"Juzu Bracelet":18,"InkBottle":30,"Ring of the Snake":0}],"InkBottle":[8]},"card_choices":[{"not_picked":["Dodge and Roll","Cloak And Dagger"],"picked":"Eviscerate","floor":1},{"not_picked":["Bane","Escape Plan"],"picked":"Malaise","floor":3},{"not_picked":["Blur","Choke"],"picked":"Bouncing Flask","floor":7},{"not_picked":["Accuracy","PiercingWail"],"picked":"Catalyst","floor":8},{"not_picked":["Bane","Catalyst"],"picked":"Acrobatics","floor":10},{"not_picked":["Finisher","Backstab"],"picked":"Bane","floor":12},{"not_picked":["Deadly Poison","Blade Dance"],"picked":"PiercingWail","floor":14},{"not_picked":["Doppelganger","Storm of Steel"],"picked":"Adrenaline","floor":16},{"not_picked":["Flechettes","Heel Hook","Finisher"],"picked":"SKIP","floor":18}],"player_experience":752059,"relics_obtained":[{"floor":5,"key":"The Specimen"},{"floor":8,"key":"Juzu Bracelet"},{"floor":9,"key":"CaptainsWheel"},{"floor":12,"key":"InkBottle"}],"event_choices":[{"damage_healed":0,"gold_gain":0,"player_choice":"Got Potions","damage_taken":0,"max_hp_gain":0,"max_hp_loss":0,"event_name":"Lab","floor":2,"gold_loss":0},{"cards_removed":["Strike_G"],"damage_healed":0,"gold_gain":0,"player_choice":"Card Removal","damage_taken":7,"max_hp_gain":0,"max_hp_loss":0,"event_name":"Golden Wing","floor":4,"gold_loss":0},{"damage_healed":0,"gold_gain":75,"player_choice":"Gather Gold","damage_taken":11,"max_hp_gain":0,"max_hp_loss":0,"event_name":"World of Goop","floor":13,"gold_loss":0}],"is_beta":false,"boss_relics":[{"not_picked":["Fusion Hammer","Astrolabe"],"picked":"Philosopher\u0027s Stone"}],"items_purged_floors":[],"is_endless":false,"potions_floor_spawned":[1,7,8,14],"killed_by":"3 Byrds","ascension_level":20}}