{"host":"5kxsp73ljq8rs5p9","time":1609859996,"event":{"mods":["BaseMod","Challenge The Spire","Colored Powertips","Minty Spire (QoL Compilation)","Quick Restart","Relic Stats","Replay The Spire","StSLib","The Alterego","vexMod"],"gold_per_floor":[116,128,138,148,198,198,226,2,2,21,21,41,52,52,52,154,154,172,186,209,226,226,226],"floor_reached":22,"playtime":1852,"items_purged":[],"score":182,"play_id":"5dbc7323-d110-4ff3-9da1-ac62b1a3b459","local_time":"20210105231956","is_ascension_mode":false,"campfire_choices":[{"floor":6,"key":"REST"},{"floor":15,"key":"REST"}],"circlet_count":0,"master_deck":["alterego_mod:Impale","alterego_mod:BigMeatyClaws","alterego_mod:BrynhildrsRune","alterego_mod:ClassAdvantage","alterego_mod:Nekomimi","alterego_mod:Mirror","alterego_mod:BiFurious","alterego_mod:Bounce","Regret","alterego_mod:BiFurious","alterego_mod:Tantrum+1","alterego_mod:BusterCard","alterego_mod:ChallengeComplete","alterego_mod:Undulate","Parasite","alterego_mod:VirginLaserPalladion+1","alterego_mod:Exercise","alterego_mod:ChallengeComplete","alterego_mod:TrashNCrash","alterego_mod:RidiculouslyBig","alterego_mod:Table","alterego_mod:PurpleHair","alterego_mod:DestructionOfProperty","alterego_mod:Belle","alterego_mod:Cooking+1","alterego_mod:BiFurious","alterego_mod:Cooking","Doubt","alterego_mod:DeftHands+1"],"relics":["alterego_mod:MasochisticConstitution","ReplayTheSpireMod:Ring of Challenge","Ring of Greed","Golden Egg","Replay:Wax Seal","Membership Card","ReplayFunnel","Pandora\u0027s Box","Ginger"],"acts_visited":["Exordium","TheCity"],"potions_floor_usage":[7,16,21],"damage_taken":[{"damage":9,"enemies":"Small Slimes","floor":1,"turns":7},{"damage":21,"enemies":"2 Louse","floor":2,"turns":6},{"damage":18,"enemies":"Jaw Worm","floor":3,"turns":5},{"damage":25,"enemies":"Exordium Thugs","floor":4,"turns":8},{"damage":7,"enemies":"2 Fungi Beasts","floor":7,"turns":4},{"damage":15,"enemies":"Blue Slaver","floor":10,"turns":4},{"damage":13,"enemies":"3 Louse","floor":12,"turns":5},{"damage":22,"enemies":"Lots of Slimes","floor":13,"turns":6},{"damage":27,"enemies":"Slime Boss","floor":16,"turns":16},{"damage":47,"enemies":"2 Thieves","floor":18,"turns":5},{"damage":13,"enemies":"Chosen","floor":19,"turns":6},{"damage":24,"enemies":"Snecko","floor":21,"turns":7}],"seed_played":"7209842076235540423","potions_obtained":[{"floor":3,"key":"AttackPotion"},{"floor":4,"key":"EssenceOfSteel"},{"floor":7,"key":"CultistPotion"},{"floor":12,"key":"DuplicationPotion"}],"is_trial":false,"path_per_floor":["M","M","M","M","?","R","M","$","T","M","?","M","M","$","R","B",null,"M","M","?","M","?"],"character_chosen":"The_Alterego","items_purchased":["Membership Card","alterego_mod:Tantrum"],"campfire_rested":2,"item_purchase_floors":[8,8],"current_hp_per_floor":[69,56,39,29,29,51,52,52,52,38,38,47,33,33,56,37,79,33,25,25,9,0,0],"gold":226,"neow_bonus":"ONE_RANDOM_RARE_CARD","is_daily":false,"chose_seed":false,"campfire_upgraded":0,"win_rate":0.0,"timestamp":1609859996,"path_taken":["M","M","M","M","?","R","M","$","T","M","?","M","M","?","R","BOSS","M","M","?","M","?"],"items_purchased_type":["Relic","Card"],"build_version":"2020-12-22","purchased_purges":0,"victory":false,"max_hp_per_floor":[71,72,73,74,74,74,75,75,75,76,76,77,78,78,78,79,79,80,81,81,82,82,82],"relic_stats":{"counters":[12,79],"Pandora\u0027s Box":["alterego_mod:Exercise","alterego_mod:ChallengeComplete","alterego_mod:TrashNCrash","alterego_mod:RidiculouslyBig","alterego_mod:Table","alterego_mod:PurpleHair","alterego_mod:DestructionOfProperty","alterego_mod:Belle"],"Ginger":[0],"obtain_stats":[{"ReplayFunnel":9,"Golden Egg":5,"alterego_mod:MasochisticConstitution":0,"Pandora\u0027s Box":17,"Ring of Greed":5,"Membership Card":8,"Ginger":20,"ReplayTheSpireMod:Ring of Challenge":5,"Replay:Wax Seal":5},{"ReplayFunnel":5,"Golden Egg":4,"alterego_mod:MasochisticConstitution":0,"Pandora\u0027s Box":9,"Ring of Greed":4,"Membership Card":5,"Ginger":11,"ReplayTheSpireMod:Ring of Challenge":4,"Replay:Wax Seal":4},{"ReplayFunnel":30,"Golden Egg":26,"alterego_mod:MasochisticConstitution":0,"Pandora\u0027s Box":61,"Ring of Greed":26,"Membership Card":30,"Ginger":72,"ReplayTheSpireMod:Ring of Challenge":26,"Replay:Wax Seal":26}]},"card_choices":[{"not_picked":["alterego_mod:PerceptionDisorder","alterego_mod:Bloomers"],"picked":"alterego_mod:Nekomimi","floor":1},{"not_picked":["alterego_mod:Bloomers","alterego_mod:DiscoLights"],"picked":"alterego_mod:Mirror","floor":2},{"not_picked":["alterego_mod:Clap","alterego_mod:Cycle"],"picked":"alterego_mod:BiFurious","floor":3},{"not_picked":["alterego_mod:Swimsuit","alterego_mod:Schoolgirl"],"picked":"alterego_mod:Bounce","floor":4},{"not_picked":["alterego_mod:Maid","alterego_mod:Cycle"],"picked":"alterego_mod:BiFurious","floor":7},{"not_picked":["alterego_mod:Mirror","alterego_mod:Cycle"],"picked":"alterego_mod:BusterCard","floor":10},{"not_picked":["alterego_mod:Belle","alterego_mod:GoddessCore"],"picked":"alterego_mod:ChallengeComplete","floor":12},{"not_picked":["alterego_mod:Birthday","alterego_mod:Crossover"],"picked":"alterego_mod:Undulate","floor":13},{"not_picked":["alterego_mod:Alter","alterego_mod:IdEs"],"picked":"alterego_mod:VirginLaserPalladion","floor":16},{"not_picked":["alterego_mod:BiFurious","alterego_mod:GoddessCore"],"picked":"alterego_mod:Cooking+1","floor":18},{"not_picked":["alterego_mod:VirginLaserPalladion","alterego_mod:GoddessCore"],"picked":"alterego_mod:BiFurious","floor":19},{"not_picked":["alterego_mod:GoddessCore","alterego_mod:RocketPunch"],"picked":"alterego_mod:Cooking","floor":20},{"not_picked":["alterego_mod:IndependentAction","alterego_mod:Pet"],"picked":"alterego_mod:DeftHands+1","floor":21}],"player_experience":174685,"relics_obtained":[{"floor":5,"key":"ReplayTheSpireMod:Ring of Challenge"},{"floor":5,"key":"Ring of Greed"},{"floor":5,"key":"Golden Egg"},{"floor":5,"key":"Replay:Wax Seal"},{"floor":9,"key":"ReplayFunnel"},{"floor":20,"key":"Ginger"}],"event_choices":[{"damage_healed":0,"gold_gain":0,"player_choice":"Ignored","damage_taken":0,"max_hp_gain":0,"max_hp_loss":0,"event_name":"Golden Wing","floor":11,"gold_loss":0}],"is_beta":false,"boss_relics":[{"not_picked":["Cursed Key","vexMod:FluxCapacitor"],"picked":"Pandora\u0027s Box"}],"items_purged_floors":[],"is_endless":false,"potions_floor_spawned":[3,4,7,12],"ascension_level":0}}