{"host":"5gusigds1c3jyr99","time":1609823663,"event":{"mods":["Abigail Mod","AchievementEnabler","Arknights The Spire","Astrologer","BaseMod","CapriCore","ChefMod","GungeonMod","Hermit","Koishi","Marisa£¨Ùöéë¡¡Øª×âÞÞ£©","Minty Spire (QoL Compilation)","Permanent Neow","Prisma Mod","Replay The Spire","StSLib","Td1madao Mod","The Animator","The Bug Knight","The Cursed","The Death Knight","The Disciple","The Dragon Tamer","The Gatherer","The Hierophant","The Immortal","The Jungle","The Poker Player","The Senshi","The Servant 0.9.4","TheBandit","WarShipGirlsR/??á´Ò³R mod"],"gold_per_floor":[115,190,190,202,220,220,232,245,245,245,268,301,301,317,317,447,447,472,472],"floor_reached":18,"playtime":1672,"items_purged":[],"score":156,"play_id":"653c6f20-26e6-4917-ae2c-aed39e1ccb15","local_time":"20210105141423","is_ascension_mode":false,"campfire_choices":[{"data":"KidneyShot","floor":6,"key":"SMITH"},{"data":"Gouge","floor":13,"key":"SMITH"},{"floor":15,"key":"REST"}],"circlet_count":0,"master_deck":["Strike_S","Strike_S","Strike_S","Defend_S","Defend_S","Defend_S","Defend_S","KidneyShot+1","Exchange","Gouge+1","Ricochet","Luminosity","BottledTime","Rearm","BottledTime","BottledTime","Sunlight"],"relics":["Uniform","Mirror","Golden Idol","Odd Mushroom","Runic Pyramid","DemoMod:GlassGuonStoneRelic"],"acts_visited":["Exordium","TheCity"],"potions_floor_usage":[14,16],"damage_taken":[{"damage":0,"enemies":"Small Slimes","floor":1,"turns":3},{"damage":0,"enemies":"2 Louse","floor":4,"turns":3},{"damage":3,"enemies":"Cultist","floor":5,"turns":3},{"damage":4,"enemies":"Looter","floor":7,"turns":4},{"damage":2,"enemies":"3 Louse","floor":8,"turns":5},{"damage":4,"enemies":"Exordium Wildlife","floor":11,"turns":3},{"damage":6,"enemies":"The Mushroom Lair","floor":12,"turns":3},{"damage":9,"enemies":"Exordium Thugs","floor":14,"turns":4},{"damage":12,"enemies":"Hexaghost","floor":16,"turns":9},{"damage":18,"enemies":"Shell Parasite","floor":18,"turns":6}],"seed_played":"5009419451557240754","potions_obtained":[{"floor":3,"key":"Fire Potion"},{"floor":3,"key":"Adrenaline Potion"},{"floor":3,"key":"Elixir"},{"floor":4,"key":"Strength Potion"},{"floor":14,"key":"CultistPotion"},{"floor":16,"key":"Languid Potion"}],"is_trial":false,"path_per_floor":["M","?","?","M","M","R","M","M","T","?","M","?","R","M","R","B",null,"M"],"character_chosen":"THE_SERVANT","items_purchased":[],"campfire_rested":1,"item_purchase_floors":[],"current_hp_per_floor":[65,54,54,54,51,51,47,45,45,29,25,19,19,10,29,17,65,47,47],"gold":472,"neow_bonus":"TRANSFORM_CARD","is_daily":false,"chose_seed":false,"campfire_upgraded":2,"win_rate":0.0,"timestamp":1609823663,"path_taken":["M","?","?","?","M","R","M","M","T","?","M","?","R","M","R","BOSS","M"],"items_purchased_type":[],"build_version":"2020-12-22","purchased_purges":0,"victory":false,"max_hp_per_floor":[65,65,65,65,65,65,65,65,65,65,65,65,65,65,65,65,65,65,65],"card_choices":[{"not_picked":["StarChef","Read"],"picked":"Ricochet","floor":1},{"not_picked":["Alleviate","Starlight"],"picked":"Luminosity","floor":4},{"not_picked":["Revamp","DoubleEdge"],"picked":"BottledTime","floor":5},{"not_picked":["Starlight","Unruled"],"picked":"Rearm","floor":7},{"not_picked":["Replace","Ricochet","Revamp"],"picked":"SKIP","floor":8},{"not_picked":["Replace","ForgedInTime","Rewind"],"picked":"SKIP","floor":11},{"not_picked":["Rearm","Replace"],"picked":"BottledTime","floor":12},{"not_picked":["Rearm","Replace"],"picked":"BottledTime","floor":14},{"not_picked":["Duplication","FlawlessForm"],"picked":"Sunlight","floor":16}],"player_experience":666894,"relics_obtained":[{"floor":9,"key":"Mirror"},{"floor":12,"key":"Odd Mushroom"}],"event_choices":[{"damage_healed":0,"gold_gain":75,"player_choice":"Gather Gold","damage_taken":11,"max_hp_gain":0,"max_hp_loss":0,"event_name":"World of Goop","floor":2,"gold_loss":0},{"damage_healed":0,"gold_gain":0,"player_choice":"Got Potions","damage_taken":0,"max_hp_gain":0,"max_hp_loss":0,"event_name":"Lab","floor":3,"gold_loss":0},{"damage_healed":0,"gold_gain":0,"player_choice":"Take Damage","damage_taken":16,"relics_obtained":["Golden Idol"],"max_hp_gain":0,"max_hp_loss":0,"event_name":"Golden Idol","floor":10,"gold_loss":0},{"damage_healed":0,"gold_gain":0,"player_choice":"Fought Mushrooms","damage_taken":0,"max_hp_gain":0,"max_hp_loss":0,"event_name":"Mushrooms","floor":12,"gold_loss":0}],"is_beta":false,"boss_relics":[{"not_picked":["Runic Dome","Kintsugi"],"picked":"Runic Pyramid"}],"items_purged_floors":[],"is_endless":false,"potions_floor_spawned":[4,8,14,16],"killed_by":"Shell Parasite","ascension_level":0}}