{"host":"2yqfi47fogfu1ic4","time":1609882325,"event":{"mods":["AchievementEnabler","BaseMod","Colored Map","Colored Powertips","Highlight Path","Minty Spire (QoL Compilation)","Permanent Neow","Relic Stats","StSLib"],"gold_per_floor":[365,382,382,112,123,123,143,162,186,186,216,216,229,248,248,326,326,339,356,12,0,0,0],"floor_reached":22,"playtime":1418,"items_purged":[],"score":356,"play_id":"5d30b808-6d31-4402-a284-e9825b84d943","local_time":"20210105223205","is_ascension_mode":true,"campfire_choices":[{"data":"Blade Dance","floor":6,"key":"SMITH"},{"data":"Noxious Fumes","floor":10,"key":"SMITH"},{"data":"Footwork","floor":15,"key":"SMITH"}],"circlet_count":0,"master_deck":["AscendersBane","Strike_G","Strike_G","Strike_G","Strike_G","Defend_G","Defend_G","Defend_G","Defend_G","Defend_G","Survivor","Neutralize","Noxious Fumes+1","Blade Dance+1","Footwork+1","Terror","Cloak And Dagger","Blade Dance","Storm of Steel","Eviscerate+1"],"relics":["Ring of the Snake","Bag of Preparation","Philosopher\u0027s Stone","Toolbox","Art of War"],"acts_visited":["Exordium","TheCity"],"potions_floor_usage":[7,16,19],"damage_taken":[{"damage":2,"enemies":"Jaw Worm","floor":1,"turns":5},{"damage":0,"enemies":"2 Louse","floor":2,"turns":5},{"damage":0,"enemies":"Small Slimes","floor":5,"turns":5},{"damage":20,"enemies":"Gremlin Gang","floor":7,"turns":4},{"damage":0,"enemies":"Exordium Wildlife","floor":8,"turns":7},{"damage":9,"enemies":"Large Slime","floor":13,"turns":5},{"damage":0,"enemies":"2 Fungi Beasts","floor":14,"turns":3},{"damage":6,"enemies":"Hexaghost","floor":16,"turns":10},{"damage":34,"enemies":"Spheric Guardian","floor":18,"turns":7},{"damage":12,"enemies":"Chosen","floor":19,"turns":5},{"damage":6,"enemies":"Shelled Parasite and Fungi","floor":22,"turns":1}],"seed_played":"8367404653528764272","potions_obtained":[{"floor":1,"key":"LiquidMemories"},{"floor":2,"key":"PowerPotion"},{"floor":18,"key":"Weak Potion"}],"is_trial":false,"path_per_floor":["M","M","?","$","M","R","M","M","T","R","?","?","M","M","R","B",null,"M","M","$","?","M"],"character_chosen":"THE_SILENT","items_purchased":["Blade Dance","Bag of Preparation","Footwork","Toolbox","Art of War"],"campfire_rested":0,"item_purchase_floors":[4,4,4,20,20],"current_hp_per_floor":[57,57,50,50,50,50,30,30,30,30,30,30,21,21,21,15,49,15,3,3,3,0,0],"gold":0,"neow_bonus":"TWO_FIFTY_GOLD","is_daily":false,"chose_seed":false,"campfire_upgraded":3,"win_rate":0.0,"timestamp":1609882325,"path_taken":["M","M","?","$","M","R","M","M","T","R","?","?","M","M","R","BOSS","M","M","$","?","M"],"items_purchased_type":["Card","Relic","Card","Relic","Relic"],"build_version":"2020-12-22","purchased_purges":0,"victory":false,"max_hp_per_floor":[60,60,60,60,60,60,60,60,60,60,60,60,60,60,60,60,60,60,60,60,60,60,60],"relic_stats":{"counters":[11,57],"Bag of Preparation":[18],"Art of War":[0],"obtain_stats":[{"Toolbox":20,"Philosopher\u0027s Stone":17,"Bag of Preparation":4,"Art of War":20,"Ring of the Snake":0},{"Toolbox":10,"Philosopher\u0027s Stone":8,"Bag of Preparation":2,"Art of War":10,"Ring of the Snake":0},{"Toolbox":56,"Philosopher\u0027s Stone":44,"Bag of Preparation":10,"Art of War":56,"Ring of the Snake":0}],"Ring of the Snake":[22]},"card_choices":[{"not_picked":["Riddle With Holes","Caltrops"],"picked":"Noxious Fumes","floor":1},{"not_picked":["Deadly Poison","Acrobatics","Flying Knee"],"picked":"SKIP","floor":2},{"not_picked":["Deadly Poison","Acrobatics","Flying Knee"],"picked":"SKIP","floor":2},{"not_picked":["Concentrate","Slice","Expertise"],"picked":"SKIP","floor":5},{"not_picked":["Expertise","Poisoned Stab"],"picked":"Terror","floor":7},{"not_picked":["Dodge and Roll","Choke","Underhanded Strike"],"picked":"SKIP","floor":8},{"not_picked":["Concentrate","Deadly Poison"],"picked":"Cloak And Dagger","floor":13},{"not_picked":["Bane","Footwork"],"picked":"Blade Dance","floor":14},{"not_picked":["Grand Finale","A Thousand Cuts"],"picked":"Storm of Steel","floor":16},{"not_picked":["Bane","Endless Agony","Deflect"],"picked":"SKIP","floor":18},{"not_picked":["Distraction","Outmaneuver"],"picked":"Eviscerate+1","floor":19}],"player_experience":2081793,"relics_obtained":[],"event_choices":[{"cards_removed":["Strike_G"],"damage_healed":0,"gold_gain":0,"player_choice":"Card Removal","damage_taken":7,"max_hp_gain":0,"max_hp_loss":0,"event_name":"Golden Wing","floor":3,"gold_loss":0},{"damage_healed":0,"gold_gain":30,"player_choice":"Searched \u00272\u0027 times","damage_taken":0,"max_hp_gain":0,"max_hp_loss":0,"event_name":"Dead Adventurer","floor":11,"gold_loss":0},{"damage_healed":0,"gold_gain":0,"player_choice":"Ignored","damage_taken":0,"max_hp_gain":0,"max_hp_loss":0,"event_name":"Liars Game","floor":12,"gold_loss":0},{"damage_healed":0,"gold_gain":0,"player_choice":"Paid Fearfully","damage_taken":0,"max_hp_gain":0,"max_hp_loss":0,"event_name":"Masked Bandits","floor":21,"gold_loss":12}],"is_beta":false,"boss_relics":[{"not_picked":["Astrolabe","Runic Dome"],"picked":"Philosopher\u0027s Stone"}],"items_purged_floors":[],"is_endless":false,"potions_floor_spawned":[1,2,18],"killed_by":"Shelled Parasite and Fungi","ascension_level":20}}