{"host":"mydft8i2zzydgggw","time":1609808701,"event":{"mods":["AchievementEnabler","BaseMod","Colored Map","Colored Powertips","Keyboard Shortcuts","Minty Spire (QoL Compilation)","Quick Restart","StSLib","SuperFastMode","The Poker Player"],"gold_per_floor":[116,167,242,242,257,257,288,288,313,313,325,342,377,347,347,452,452,463,151,162,172,185,185,212,229,229,256,256,271,271,303,315,429,441,472,503,535,547,559,571,615,627,663,704,735,39,39,51,51,51,51,51,9,44,44,44],"floor_reached":55,"playtime":2087,"items_purged":["Defend_P","Strike_P"],"score":1005,"play_id":"7a7c4f90-5bd2-4ec0-86a7-14cc82930b52","local_time":"20210105100501","is_ascension_mode":true,"campfire_choices":[{"data":"Eruption","floor":6,"key":"SMITH"},{"data":"Adaptation","floor":10,"key":"SMITH"},{"data":"Halt","floor":15,"key":"SMITH"},{"floor":23,"key":"REST"},{"floor":30,"key":"REST"},{"floor":32,"key":"REST"},{"data":"Devotion","floor":40,"key":"SMITH"},{"floor":42,"key":"RECALL"},{"floor":49,"key":"REST"},{"data":"Adaptation","floor":52,"key":"SMITH"}],"circlet_count":0,"master_deck":["Strike_P","Strike_P","Strike_P","Defend_P","Defend_P+1","Defend_P+1","Eruption+1","Vigilance","FlyingSleeves","Adaptation+1","Adaptation+1","InnerPeace","Halt+1","Brilliance","Pray","JustLucky","CrushJoints","EmptyFist","Consecrate+1","EmptyBody+1","Devotion+1","CurseOfTheBell","TalkToTheHand+1","Prostrate+1","MentalFortress","Halt","PathToVictory+1","Eruption+1","SignatureMove+1"],"relics":["PureWater","NeowsBlessing","Blood Vial","Ancient Tea Set","Boot","PreservedInsect","Lantern","White Beast Statue","Runic Pyramid","Pen Nib","Oddly Smooth Stone","Mercury Hourglass","War Paint","MawBank","Calling Bell","Damaru","The Courier","Bird Faced Urn","Potion Belt","Question Card","DollysMirror","Sundial","Calipers","Happy Flower","Vajra"],"acts_visited":["Exordium","TheCity","TheBeyond","TheEnding"],"potions_floor_usage":[13,13,16,16,18,20,20,24,24,25,27,29,29,31,33,41,44,45,45,48,48,50,50,55,55],"damage_taken":[{"damage":0,"enemies":"Cultist","floor":1,"turns":1},{"damage":0,"enemies":"Jaw Worm","floor":5,"turns":1},{"damage":0,"enemies":"Gremlin Nob","floor":7,"turns":1},{"damage":0,"enemies":"2 Louse","floor":11,"turns":2},{"damage":1,"enemies":"Looter","floor":12,"turns":2},{"damage":0,"enemies":"Lagavulin","floor":13,"turns":3},{"damage":19,"enemies":"Slime Boss","floor":16,"turns":9},{"damage":2,"enemies":"3 Byrds","floor":18,"turns":4},{"damage":12,"enemies":"Shell Parasite","floor":20,"turns":3},{"damage":22,"enemies":"Centurion and Healer","floor":21,"turns":4},{"damage":21,"enemies":"Sentry and Sphere","floor":22,"turns":4},{"damage":31,"enemies":"Slavers","floor":24,"turns":4},{"damage":9,"enemies":"Snecko","floor":25,"turns":4},{"damage":4,"enemies":"Book of Stabbing","floor":27,"turns":3},{"damage":5,"enemies":"3 Cultists","floor":29,"turns":4},{"damage":7,"enemies":"Slavers","floor":31,"turns":3},{"damage":22,"enemies":"Collector","floor":33,"turns":8},{"damage":4,"enemies":"3 Shapes","floor":35,"turns":3},{"damage":2,"enemies":"3 Darklings","floor":36,"turns":3},{"damage":11,"enemies":"Sphere and 2 Shapes","floor":37,"turns":3},{"damage":0,"enemies":"Giant Head","floor":41,"turns":4},{"damage":41,"enemies":"Reptomancer","floor":44,"turns":6},{"damage":37,"enemies":"Transient","floor":45,"turns":5},{"damage":0,"enemies":"Maw","floor":48,"turns":6},{"damage":38,"enemies":"Donu and Deca","floor":50,"turns":7},{"damage":56,"enemies":"Shield and Spear","floor":54,"turns":5},{"damage":29,"enemies":"The Heart","floor":55,"turns":2}],"seed_played":"8084996074161596564","potions_obtained":[{"floor":1,"key":"SteroidPotion"},{"floor":5,"key":"SteroidPotion"},{"floor":7,"key":"FearPotion"},{"floor":14,"key":"EssenceOfSteel"},{"floor":14,"key":"EssenceOfSteel"},{"floor":16,"key":"ColorlessPotion"},{"floor":18,"key":"SteroidPotion"},{"floor":20,"key":"Fruit Juice"},{"floor":21,"key":"Swift Potion"},{"floor":22,"key":"PowerPotion"},{"floor":24,"key":"Explosive Potion"},{"floor":25,"key":"BlessingOfTheForge"},{"floor":27,"key":"Dexterity Potion"},{"floor":29,"key":"Swift Potion"},{"floor":31,"key":"Regen Potion"},{"floor":33,"key":"LiquidMemories"},{"floor":35,"key":"BlessingOfTheForge"},{"floor":36,"key":"LiquidMemories"},{"floor":37,"key":"Dexterity Potion"},{"floor":41,"key":"Fire Potion"},{"floor":44,"key":"SmokeBomb"},{"floor":45,"key":"SteroidPotion"},{"floor":48,"key":"Block Potion"},{"floor":54,"key":"GamblersBrew"}],"is_trial":false,"path_per_floor":["M","T","?","?","M","R","E","T","T","R","M","M","E","?","R","B",null,"M","$","M","M","M","R","E","M","T","E","?","M","R","E","R","B",null,"M","M","M","?","?","R","E","R","T","E","M","$","?","M","R","B",null,"R","$","E","B"],"character_chosen":"WATCHER","items_purchased":["Pen Nib","Pray","JustLucky","DollysMirror","AttackPotion","Sundial","Calipers","PowerPotion","Dexterity Potion"],"campfire_rested":4,"item_purchase_floors":[19,19,19,46,46,46,46,46,53],"current_hp_per_floor":[72,72,61,49,51,51,53,53,53,53,55,56,58,58,58,41,72,70,70,65,45,26,49,20,13,13,11,11,8,31,26,49,44,77,73,75,66,66,66,66,73,73,73,36,9,9,9,21,42,14,73,73,73,23,0,0],"gold":44,"neow_bonus":"THREE_ENEMY_KILL","is_daily":false,"chose_seed":false,"campfire_upgraded":5,"win_rate":0.0,"timestamp":1609808701,"path_taken":["M","?","?","?","M","R","E","?","T","R","M","M","E","?","R","BOSS","M","$","?","?","M","R","E","M","T","E","?","?","R","E","R","BOSS","M","?","M","?","?","R","E","R","T","E","M","$","?","M","R","BOSS","R","$","E","BOSS"],"items_purchased_type":["Relic","Card","Card","Relic","Potion","Relic","Relic","Potion","Potion"],"build_version":"2020-12-22","purchased_purges":2,"victory":false,"max_hp_per_floor":[72,72,72,72,72,72,72,72,72,72,72,72,72,72,72,72,72,72,72,77,77,77,77,77,77,77,77,77,77,77,77,77,77,77,77,77,77,73,73,73,73,73,73,73,73,73,73,73,73,73,73,73,73,73,73,73],"card_choices":[{"not_picked":["Tantrum","CarveReality"],"picked":"FlyingSleeves","floor":1},{"not_picked":["BowlingBash","FlyingSleeves"],"picked":"Adaptation","floor":5},{"not_picked":["Judgement","FollowUp"],"picked":"Adaptation","floor":7},{"not_picked":["BowlingBash","Evaluate","ThirdEye"],"picked":"SKIP","floor":11},{"not_picked":["ThirdEye","Halt"],"picked":"InnerPeace","floor":12},{"not_picked":["EmptyBody","ThirdEye"],"picked":"Halt","floor":13},{"not_picked":["LessonLearned","MasterReality"],"picked":"Brilliance","floor":16},{"not_picked":["Study","FlyingSleeves","FollowUp"],"picked":"SKIP","floor":18},{"not_picked":["CarveReality","Vengeance+1"],"picked":"CrushJoints","floor":20},{"not_picked":["FlurryOfBlows","FlyingSleeves+1"],"picked":"EmptyFist","floor":21},{"not_picked":["Fasting2","ThirdEye","EmptyMind"],"picked":"SKIP","floor":22},{"not_picked":["ThirdEye+1","BowlingBash"],"picked":"Consecrate+1","floor":24},{"not_picked":["CutThroughFate+1","Crescendo"],"picked":"EmptyBody","floor":25},{"not_picked":["SpiritShield","WindmillStrike","Swivel+1"],"picked":"SKIP","floor":27},{"not_picked":["EmptyBody+1","EmptyFist","JustLucky+1"],"picked":"SKIP","floor":29},{"not_picked":["ConjureBlade","Wallop","DeceiveReality"],"picked":"SKIP","floor":31},{"not_picked":["LessonLearned","Blasphemy"],"picked":"Devotion","floor":33},{"not_picked":["CutThroughFate","SashWhip+1"],"picked":"TalkToTheHand+1","floor":35},{"not_picked":["SashWhip","Tantrum+1"],"picked":"Prostrate+1","floor":36},{"not_picked":["LikeWater","CarveReality"],"picked":"MentalFortress","floor":37},{"not_picked":["EmptyBody","EmptyFist","Crescendo"],"picked":"SKIP","floor":41},{"not_picked":["Conclude","BattleHymn"],"picked":"Halt","floor":44},{"not_picked":["BowlingBash+1","Evaluate","CrushJoints"],"picked":"PathToVictory+1","floor":45},{"not_picked":["Wireheading+1","EmptyBody+1","Tantrum+1"],"picked":"SignatureMove+1","floor":48},{"not_picked":["Protect","Ragnarok","EmptyBody","TalkToTheHand+1"],"picked":"SKIP","floor":54}],"player_experience":102231,"relics_obtained":[{"floor":2,"key":"Blood Vial"},{"floor":7,"key":"Boot"},{"floor":8,"key":"PreservedInsect"},{"floor":9,"key":"Lantern"},{"floor":13,"key":"White Beast Statue"},{"floor":24,"key":"Oddly Smooth Stone"},{"floor":26,"key":"Mercury Hourglass"},{"floor":27,"key":"War Paint"},{"floor":31,"key":"MawBank"},{"floor":34,"key":"Damaru"},{"floor":34,"key":"The Courier"},{"floor":34,"key":"Bird Faced Urn"},{"floor":41,"key":"Potion Belt"},{"floor":44,"key":"Question Card"},{"floor":47,"key":"Happy Flower"},{"floor":54,"key":"Vajra"}],"event_choices":[{"damage_healed":0,"gold_gain":75,"player_choice":"Gather Gold","damage_taken":11,"max_hp_gain":0,"max_hp_loss":0,"event_name":"World of Goop","floor":3,"gold_loss":0},{"damage_healed":0,"gold_gain":0,"player_choice":"Success","damage_taken":12,"relics_obtained":["Ancient Tea Set"],"max_hp_gain":0,"max_hp_loss":0,"event_name":"Scrap Ooze","floor":4,"gold_loss":0},{"damage_healed":0,"gold_gain":0,"player_choice":"Bought 2 Potions","damage_taken":0,"max_hp_gain":0,"max_hp_loss":0,"event_name":"The Woman in Blue","floor":14,"gold_loss":0},{"damage_healed":0,"gold_gain":0,"player_choice":"Forge","damage_taken":0,"max_hp_gain":0,"max_hp_loss":0,"event_name":"Accursed Blacksmith","floor":28,"gold_loss":0,"cards_upgraded":["EmptyBody"]},{"damage_healed":0,"gold_gain":0,"player_choice":"Max HP","damage_taken":0,"max_hp_gain":0,"max_hp_loss":4,"event_name":"Winding Halls","floor":38,"gold_loss":0},{"damage_healed":0,"gold_gain":0,"player_choice":"Ignored","damage_taken":0,"max_hp_gain":0,"max_hp_loss":0,"event_name":"Tomb of Lord Red Mask","floor":39,"gold_loss":0},{"damage_healed":0,"gold_gain":0,"player_choice":"Relic","damage_taken":0,"max_hp_gain":0,"max_hp_loss":0,"event_name":"Wheel of Change","floor":47,"gold_loss":0}],"is_beta":false,"boss_relics":[{"not_picked":["Coffee Dripper","Tiny House"],"picked":"Runic Pyramid"},{"not_picked":["Fusion Hammer","Philosopher\u0027s Stone"],"picked":"Calling Bell"}],"items_purged_floors":[19,46],"is_endless":false,"potions_floor_spawned":[1,5,7,16,18,20,21,22,24,25,27,29,31,33,35,36,37,41,44,45,48,54],"killed_by":"The Heart","ascension_level":2}}