{"host":"qc8gw3x1c8jlo9fx","time":1609823616,"event":{"mods":["AchievementEnabler","BaseMod","Better Note","Conspire","Hubris","Infinite Spire","Jedi Mod","Jorbs\u0027s Wanderer Trilogy","Minty Spire (QoL Compilation)","Replay The Spire","StSLib","The IronCluck"],"gold_per_floor":[134,188,203,218,218,218,248,248,248,263,284,299,314,329,329,429,429,464,464,479,494,509,509,509,524,599,634,634,634,634,12,12,47,47,147,147,193,221,250,270,270],"floor_reached":40,"playtime":2815,"items_purged":[],"score":619,"play_id":"5f1f2b58-ca7a-460e-b5a3-2fd99599d492","local_time":"20210104221336","daily_mods":["Shiny","Colorless Cards","Night Terrors"],"is_ascension_mode":false,"campfire_choices":[{"data":"Limit Break","floor":6,"key":"SMITH"},{"floor":15,"key":"REST"},{"floor":23,"key":"REST"},{"data":"Demonic Infusion","floor":28,"key":"SMITH"},{"data":"Thunderclap","floor":32,"key":"SMITH"},{"data":"Twin Strike","floor":32,"key":"SMITH"},{"data":"Demon Form","floor":34,"key":"SMITH"},{"data":"Apotheosis","floor":34,"key":"SMITH"}],"circlet_count":0,"master_deck":["Double Tap","Fiend Fire","Eclipse","jedi:strikingstrike+1","conspire:Purge","Demonic Infusion+1","Exhume","jedi:unlimitedpower","Bludgeon","Limit Break+1","Hemogenesis","jedi:harder","Demon Form+1","jedi:bloodyhammer","Berserk+1","Impervious","Juggernaut+1","Brutality","conspire:HitWhereItHurts","Offering","Feed","Replay:Many Hands","Corruption","Barricade","hubris:StunningStrike","Reaper","Immolate","Magnetism","ReplayTheSpireMod:Brewmster","Poisoned Strike","Sadistic Nature","jedi:LeechingStrike","Replay:Dark Deal+1","ReplayUltimateDefense","Transmutation","HandOfGreed","ReplayTheSpireMod:Necrogeddon","jedi:RedIncense","Secret Technique","hubris:EnhanceAbility","Thinking Ahead","Metamorphosis","Master of Strategy","Chrysalis","Mayhem","Secret Weapon","jedi:cleanse","Apotheosis+1","Panache","Violence","The Bomb","Crow Ritual","Twin Strike+1","Sword Boomerang","Headbutt","Thunderclap+1","Wild Strike","Shrug It Off","hubris:ReadiedAction","Whirlwind","Flex","jedi:strikingstrike","HandOfGreed","Combust","Massacre+1","ReplayTheSpireMod:Strike From Hell","Bandage Up","Bash","Pommel Strike","Anger+1","Pommel Strike","Sword Boomerang","Sadistic Nature","Thunderclap","Anger","Flex+1"],"relics":["Black Blood","Orichalcum","Gremlin Horn","Odd Mushroom","hubris:Stopwatch","InkBottle","Blue Doll","jedi:fakemustache","Replay:Arrowhead","infinitespire:EvilPickle"],"acts_visited":["Exordium","TheCity","TheBeyond"],"potions_floor_usage":[7,12,20,35,35,38,38,38],"damage_taken":[{"damage":8,"enemies":"conspire:RoseBush","floor":1,"turns":2},{"damage":8,"enemies":"Jaw Worm","floor":3,"turns":1},{"damage":6,"enemies":"2 Louse","floor":4,"turns":2},{"damage":22,"enemies":"Replay:BlueRogue","floor":7,"turns":4},{"damage":10,"enemies":"Large Slime","floor":10,"turns":3},{"damage":2,"enemies":"The Mushroom Lair","floor":11,"turns":1},{"damage":24,"enemies":"Exordium Wildlife","floor":12,"turns":4},{"damage":0,"enemies":"3 Louse","floor":13,"turns":1},{"damage":33,"enemies":"Gremlin Gang","floor":14,"turns":5},{"damage":43,"enemies":"The Guardian","floor":16,"turns":6},{"damage":29,"enemies":"3 Byrds","floor":18,"turns":4},{"damage":2,"enemies":"conspire:FuzzyDice","floor":20,"turns":5},{"damage":37,"enemies":"3 Cultists","floor":21,"turns":5},{"damage":17,"enemies":"Centurion and Healer","floor":22,"turns":6},{"damage":0,"enemies":"conspire:HollyBat","floor":25,"turns":2},{"damage":33,"enemies":"3 Cultists","floor":27,"turns":6},{"damage":13,"enemies":"Centurion and Healer","floor":33,"turns":3},{"damage":32,"enemies":"Pondfish","floor":35,"turns":8},{"damage":27,"enemies":"3 Shapes","floor":37,"turns":5},{"damage":51,"enemies":"3 Darklings","floor":38,"turns":6},{"damage":37,"enemies":"Writhing Mass","floor":39,"turns":4},{"damage":74,"enemies":"Jaw Worm Horde","floor":40,"turns":5}],"seed_played":"-8136925521176778862","potions_obtained":[{"floor":7,"key":"Fruit Juice"},{"floor":11,"key":"Regen Potion"},{"floor":12,"key":"Dexterity Potion"},{"floor":14,"key":"EssenceOfSteel"},{"floor":16,"key":"jedi:StrikingPotion"},{"floor":21,"key":"FairyPotion"},{"floor":27,"key":"Regen Potion"},{"floor":37,"key":"Dexterity Potion"},{"floor":39,"key":"SmokeBomb"}],"is_trial":false,"path_per_floor":["M","?","M","M","?","R","E","$","T","M","?","M","M","M","R","B",null,"M","?","M","M","M","R","?","M","T","M","R","PTL","PTL","$","R","M","R","B",null,"M","M","M","M"],"character_chosen":"IRONCLAD","items_purchased":["Blue Doll","jedi:fakemustache","Replay:Arrowhead","Pommel Strike"],"campfire_rested":2,"item_purchase_floors":[31,31,31,31],"current_hp_per_floor":[78,78,76,80,80,80,69,69,69,75,79,74,80,65,83,46,83,63,63,74,53,42,81,81,81,81,69,69,69,69,84,84,84,84,82,84,69,38,13,0,0],"gold":270,"neow_bonus":"","is_daily":true,"chose_seed":false,"campfire_upgraded":6,"win_rate":0.0,"timestamp":1609823616,"path_taken":["M","?","M","M","?","R","E","?","T","M","?","M","?","M","R","BOSS","M","?","?","M","?","R","?","M","T","?","R","PTL","PTL","$","R","M","R","BOSS","M","?","M","M"],"items_purchased_type":["Relic","Relic","Relic","Card"],"build_version":"2020-12-22","purchased_purges":0,"victory":false,"max_hp_per_floor":[80,80,80,80,80,80,85,85,85,85,85,85,85,88,83,83,83,86,86,86,86,86,81,81,81,81,84,84,84,84,84,84,84,84,84,84,84,84,84,84,84],"card_choices":[{"not_picked":["Heavy Blade","True Grit"],"picked":"Twin Strike","floor":1},{"not_picked":["Clothesline","Shockwave"],"picked":"Sword Boomerang","floor":3},{"not_picked":["Intimidate","Evolve"],"picked":"Headbutt","floor":4},{"not_picked":["ReplayTheSpireMod:Uncanny Aura","Mayhem"],"picked":"Thunderclap","floor":7},{"not_picked":["Finesse","Spot Weakness"],"picked":"Wild Strike","floor":10},{"not_picked":["ReplayTheSpireMod:Limb From Limb","jedi:controlledanger"],"picked":"Shrug It Off","floor":11},{"not_picked":["Replay:Parry","Uppercut"],"picked":"hubris:ReadiedAction","floor":12},{"not_picked":["jedi:hate","Headbutt"],"picked":"Whirlwind","floor":13},{"not_picked":["Armaments","Havoc"],"picked":"Flex","floor":14},{"not_picked":["Violence","conspire:Purge"],"picked":"jedi:strikingstrike","floor":16},{"not_picked":["ReplayTheSpireMod:Strike From Hell","hubris:ReadiedAction"],"picked":"hubris:CleavingFinish+1","floor":18},{"not_picked":["Flash of Steel","ReplayTheSpireMod:Corrosion Curse+1"],"picked":"Combust","floor":20},{"not_picked":["Warcry","Headbutt+1"],"picked":"Massacre+1","floor":21},{"not_picked":["Clash","Entrench+1"],"picked":"ReplayTheSpireMod:Strike From Hell","floor":22},{"not_picked":["Carnage","Clash"],"picked":"Pommel Strike","floor":25},{"not_picked":["ReplayTheSpireMod:Brewmster","True Grit"],"picked":"Anger+1","floor":27},{"not_picked":["Searing Blow+1","PanicButton"],"picked":"Sword Boomerang","floor":33},{"not_picked":["ReplayTheSpireMod:Necrogeddon","Fiend Fire"],"picked":"Sadistic Nature","floor":35},{"not_picked":["Panacea","Enlightenment"],"picked":"Thunderclap","floor":37},{"not_picked":["Clash+1","Iron Wave"],"picked":"Anger","floor":38},{"not_picked":["Replay:Bootleg Shield Generator+1","Twin Strike+1"],"picked":"Flex+1","floor":39}],"player_experience":214064,"relics_obtained":[{"floor":7,"key":"Orichalcum"},{"floor":9,"key":"Gremlin Horn"},{"floor":11,"key":"Odd Mushroom"},{"floor":26,"key":"InkBottle"}],"event_choices":[{"damage_healed":0,"gold_gain":54,"player_choice":"Gained Gold","damage_taken":0,"max_hp_gain":0,"max_hp_loss":0,"event_name":"Golden Wing","floor":2,"gold_loss":0},{"damage_healed":0,"gold_gain":0,"player_choice":"Fought Mushrooms","damage_taken":0,"max_hp_gain":0,"max_hp_loss":0,"event_name":"Mushrooms","floor":11,"gold_loss":0},{"damage_healed":0,"gold_gain":0,"cards_transformed":["Midas Touch"],"player_choice":"Transformed","damage_taken":0,"max_hp_gain":0,"max_hp_loss":0,"event_name":"Transmorgrifier","floor":19,"gold_loss":0,"cards_obtained":["HandOfGreed"]},{"damage_healed":0,"gold_gain":0,"player_choice":"2 cards matched","damage_taken":0,"max_hp_gain":0,"max_hp_loss":0,"event_name":"Match and Keep!","floor":24,"gold_loss":0,"cards_obtained":["Bandage Up","Bash"]}],"is_beta":false,"boss_relics":[{"not_picked":["hubris:TerracottaHorce","Replay:Drink Me"],"picked":"hubris:Stopwatch"},{"not_picked":["jedi:battlestandard","Snecko Heart"],"picked":"Black Blood"}],"items_purged_floors":[],"is_endless":false,"potions_floor_spawned":[7,11,12,14,16,21,27,33,37,39],"killed_by":"Jaw Worm Horde","ascension_level":0}}