{"host":"w2kjv12xyhtt0cv2","time":1609861784,"event":{"mods":["Act Like it!","BaseMod","Colored Map","Friendly Minions","Gensokyo","Highlight Path","Hubris","Kiyohime（清姬）","Marisa（F雨　魔理沙）","Minty Spire (QoL Compilation)","Quick Restart","Reimu（博丽灵梦）","Relic Stats","Replay The Spire","RumiaBox-露米娅的神秘盒子","Shop Mod","Spicy Shops","StSLib","The Cursed","The Servant 0.9.4","UnlockEverythingMod","Waifu the Spire","[功能]功能增强和修复MOD","vexMod","【功能Mod】Neow奖励","【遗物卡牌】REMEMod","没有小屋子和绿帽子啦"],"gold_per_floor":[114,127,23,39,39,69,69,127,203,233,277,317,387,444,444,575,575,624,874,266,309,189,189,215,265,265,296,345,345,378,403,403,503,503,520,495,49,72,108,143,143,176,199,234,174,209,333,346,346,346,346,346,346,407,407],"floor_reached":56,"playtime":3446,"items_purged":["Gensokyo:AllTheWorldsEvil"],"score":2072,"play_id":"a306d958-4eaa-4d97-b696-acb710c15ef8","local_time":"20210105234944","is_ascension_mode":true,"campfire_choices":[{"data":"HandOfGreedExtend","floor":7.0,"key":"SMITH"},{"data":"Creative AI","floor":15.0,"key":"SMITH"},{"data":"KiyohimeMod:ImaginaryNumberMagecraft","floor":23.0,"key":"SMITH"},{"data":"KiyohimeMod:GoldenCarpFigure","floor":32.0,"key":"SMITH"},{"floor":49,"key":"RECALL"},{"data":"ReplayUltimateDefense","floor":52,"key":"SMITH"}],"circlet_count":0,"master_deck":["KiyohimeMod:Strike","KiyohimeMod:Strike","KiyohimeMod:Strike","KiyohimeMod:Defend","KiyohimeMod:Defend","KiyohimeMod:Defend","KiyohimeMod:Defend","KiyohimeMod:Track+1","KiyohimeMod:FlameKiss+1","KiyohimeMod:Shapeshift+1","Creative AI+1","HandOfGreedExtend+1","KiyohimeMod:Projection+1","KiyohimeMod:Servant_TamamoNoMae+1","KiyohimeMod:EatSoul+1","KiyohimeMod:ImaginaryNumberMagecraft+1","KiyohimeMod:ImaginaryNumberMagecraft","KiyohimeMod:BeElegant","KiyohimeMod:Preemptive+1","KiyohimeMod:GoldenCarpFigure+1","KiyohimeMod:CelestialInvertedMoon+1","KiyohimeMod:Servant_Osakabehime","KiyohimeMod:GoldenCarpFigure+1","KiyohimeMod:Preemptive+1","KiyohimeMod:DragonVein","KiyohimeMod:Preemptive+1","Gensokyo:CustomPotion","Clumsy","KiyohimeMod:HydraDagger","KiyohimeMod:AndSoTheShipConquers+1","ReplayUltimateDefense+1"],"relics":["REME_ComplimentaryCards","ReplayTheSpireMod:DimensionalGlitch","Simple Rune","HornCleat","KiyohimeMod:Divinity","Replay:Rubber Ducky","vexMod:ImprovementManual","vexMod:Cooldron","vexMod:InvisibilityCloak","PreservedInsect","Gensokyo:DemonMask","Ornamental Fan","GodSword1","vexMod:BarristanHead","ReplayTheSpireMod:Lightbulb","War Paint","KiyohimeMod:Necromancy","vexMod:EndlessSickness","DollysMirror","ClockworkSouvenir","Toolbox","StoneCalendar","Gensokyo:DualWield","Singing Bowl","Pet Ghost","vexMod:FocusSash","hubris:Metronome","MoreBug","hubris:NiceRug","REME_LimitBreaker","Cauldron","Quantum Egg","hubris:SlimyHat","REME_CardOfGreed","Lizard Tail"],"acts_visited":["Gensokyo:Gensokyo","Gensokyo:Gensokyoer","Gensokyo:Gensokyoest","TheEnding"],"potions_floor_usage":[44,44,44,55,55,55,55,55,55,55],"damage_taken":[{"damage":0.0,"enemies":"Gensokyo:3_Fairies","floor":1.0,"turns":5.0},{"damage":3.0,"enemies":"Gensokyo:2_Kodama","floor":2.0,"turns":5.0},{"damage":0.0,"enemies":"Gensokyo:Python","floor":4.0,"turns":2.0},{"damage":14.0,"enemies":"Gensokyo:Cirno","floor":6.0,"turns":7.0},{"damage":0.0,"enemies":"Gensokyo:Mamizou","floor":8.0,"turns":6.0},{"damage":6.0,"enemies":"Gensokyo:Cirno","floor":10.0,"turns":7.0},{"damage":0.0,"enemies":"Gensokyo:VengefulSpirit","floor":11.0,"turns":1.0},{"damage":0.0,"enemies":"Gensokyo:Gryphon_and_Rabbit","floor":12.0,"turns":2.0},{"damage":4.0,"enemies":"Gensokyo:3_Kodama","floor":13.0,"turns":3.0},{"damage":0.0,"enemies":"Gensokyo:Aya","floor":14.0,"turns":3.0},{"damage":0.0,"enemies":"Gensokyo:Yukari","floor":16.0,"turns":5.0},{"damage":0.0,"enemies":"Gensokyo:Chomper","floor":18.0,"turns":2.0},{"damage":4.0,"enemies":"Gensokyo:AngelMirror","floor":21.0,"turns":1.0},{"damage":0.0,"enemies":"Gensokyo:Reisen","floor":24.0,"turns":3.0},{"damage":7.0,"enemies":"Gensokyo:Monolith_and_Dog","floor":25.0,"turns":3.0},{"damage":0.0,"enemies":"Gensokyo:Koishi","floor":27.0,"turns":3.0},{"damage":0.0,"enemies":"Gensokyo:Chomper_and_Gloop","floor":28.0,"turns":3.0},{"damage":17.0,"enemies":"Gensokyo:Tenshi","floor":30.0,"turns":2.0},{"damage":2.0,"enemies":"Gensokyo:Kaguya","floor":33.0,"turns":5.0},{"damage":0.0,"enemies":"Gensokyo:AncientGuardian","floor":35.0,"turns":2.0},{"damage":0,"enemies":"Gensokyo:3_Boulders","floor":39,"turns":3},{"damage":0,"enemies":"Gensokyo:Doremy","floor":40,"turns":2},{"damage":0,"enemies":"Gensokyo:Kasen","floor":42,"turns":1},{"damage":8,"enemies":"Gensokyo:Marisa","floor":44,"turns":4},{"damage":0,"enemies":"Gensokyo:Doremy","floor":46,"turns":2},{"damage":0,"enemies":"hubris:Merchant","floor":47,"turns":3},{"damage":0,"enemies":"Gensokyo:Rafflesia","floor":48,"turns":2},{"damage":0,"enemies":"Gensokyo:Yuyuko","floor":50,"turns":1},{"damage":0,"enemies":"Shield and Spear","floor":54,"turns":1},{"damage":0,"enemies":"The Heart","floor":55,"turns":5}],"seed_played":"8799410770457083988","potions_obtained":[{"floor":2.0,"key":"LiquidBronze"},{"floor":6.0,"key":"SmokeBomb"},{"floor":8.0,"key":"Energy Potion"},{"floor":10.0,"key":"Explosive Potion"},{"floor":11.0,"key":"SteroidPotion"},{"floor":16.0,"key":"Elixir"},{"floor":25.0,"key":"EntropicBrew"},{"floor":28.0,"key":"EntropicBrew"},{"floor":30.0,"key":"EntropicBrew"},{"floor":40,"key":"EntropicBrew"},{"floor":47,"key":"Adrenaline Potion"},{"floor":47,"key":"EntropicBrew"},{"floor":47,"key":"EntropicBrew"}],"is_trial":false,"path_per_floor":["M","M","$","M","$","E","R","E","T","E","M","M","M","E","R","B",null,"M","?","$","M","?","R","E","M","T","E","M","?","E","T","R","B",null,"M","?","COS","T","M","E","?","E","T","E","?","E","$","M","R","B",null,"R","$","E","B",null],"character_chosen":"Kiyohime","items_purchased":["HandOfGreedExtend","KiyohimeMod:ImaginaryNumberMagecraft","vexMod:Cooldron","vexMod:InvisibilityCloak","PreservedInsect","MoreBug"],"campfire_rested":0,"item_purchase_floors":[3,20,20,20,20,47],"current_hp_per_floor":[60,57,57,57,57,43,43,43,43,37,37,37,33,33,33,33,60,60,60,60,56,56,56,59,55,55,58,60,60,43,43,43,44,60,60,60,60,60,60,60,60,60,60,54,54,56,67,72,72,72,74,74,74,76,76],"gold":407,"neow_bonus":"BOSS_RELIC","is_daily":false,"chose_seed":false,"campfire_upgraded":5,"win_rate":0.0,"timestamp":1609861784,"path_taken":["M","?","$","M","$","E","R","E","T","E","?","M","M","E","R","BOSS","M","?","$","M","?","R","E","?","T","E","M","?","E","?","R","BOSS","M","?","COS","?","M","E","?","E","T","E","?","E","?","M","R","BOSS","R","$","E","BOSS"],"items_purchased_type":["Card","Card","Relic","Relic","Relic","Relic"],"build_version":"2020-12-22","purchased_purges":1,"victory":true,"max_hp_per_floor":[60,60,60,60,60,60,60,60,60,60,60,60,60,60,60,60,60,60,60,60,60,60,60,60,60,60,60,60,60,60,60,60,60,60,60,60,60,60,60,60,60,60,60,62,62,64,72,74,74,74,74,74,74,76,76],"relic_stats":{"Lizard Tail":0,"Singing Bowl":16,"counters":[30,94],"Ornamental Fan":[60],"StoneCalendar":[0],"PreservedInsect":484,"War Paint":["KiyohimeMod:Defend","KiyohimeMod:CelestialInvertedMoon"],"obtain_stats":[{"Gensokyo:DemonMask":22,"hubris:Metronome":46,"Singing Bowl":42,"StoneCalendar":40,"hubris:SlimyHat":47,"Gensokyo:DualWield":41,"Pet Ghost":43,"Replay:Rubber Ducky":14,"ClockworkSouvenir":37,"KiyohimeMod:FireDragon":0,"vexMod:InvisibilityCloak":20,"Frozen Eye":27,"Lizard Tail":54,"HornCleat":9,"DollysMirror":37,"vexMod:EndlessSickness":36,"Toolbox":37,"MoreBug":47,"Quantum Egg":47,"PreservedInsect":20,"vexMod:FocusSash":44,"War Paint":31,"REME_LimitBreaker":47,"Cauldron":47,"vexMod:Cooldron":20,"vexMod:BarristanHead":27,"Ornamental Fan":24,"Simple Rune":8,"hubris:ToyBattleship":6,"KiyohimeMod:Divinity":10,"REME_CardOfGreed":47,"ReplayTheSpireMod:DimensionalGlitch":0,"ReplayTheSpireMod:Lightbulb":30,"vexMod:ImprovementManual":17,"KiyohimeMod:Necromancy":34,"REME_ComplimentaryCards":0,"GodSword1":26,"hubris:NiceRug":47},{"Gensokyo:DemonMask":13,"hubris:Metronome":25,"Singing Bowl":23,"StoneCalendar":22,"hubris:SlimyHat":26,"Gensokyo:DualWield":22,"Pet Ghost":23,"Replay:Rubber Ducky":10,"ClockworkSouvenir":20,"KiyohimeMod:FireDragon":0,"vexMod:InvisibilityCloak":12,"Frozen Eye":15,"Lizard Tail":29,"HornCleat":5,"DollysMirror":20,"vexMod:EndlessSickness":20,"Toolbox":20,"MoreBug":25,"Quantum Egg":26,"PreservedInsect":12,"vexMod:FocusSash":24,"War Paint":18,"REME_LimitBreaker":26,"Cauldron":26,"vexMod:Cooldron":12,"vexMod:BarristanHead":16,"Ornamental Fan":14,"Simple Rune":5,"hubris:ToyBattleship":4,"KiyohimeMod:Divinity":6,"REME_CardOfGreed":26,"ReplayTheSpireMod:DimensionalGlitch":0,"ReplayTheSpireMod:Lightbulb":18,"vexMod:ImprovementManual":11,"KiyohimeMod:Necromancy":19,"REME_ComplimentaryCards":0,"GodSword1":15,"hubris:NiceRug":26},{"Gensokyo:DemonMask":49,"hubris:Metronome":82,"Singing Bowl":76,"StoneCalendar":75,"hubris:SlimyHat":85,"Gensokyo:DualWield":75,"Pet Ghost":76,"Replay:Rubber Ducky":41,"ClockworkSouvenir":70,"KiyohimeMod:FireDragon":0,"vexMod:InvisibilityCloak":48,"Frozen Eye":55,"Lizard Tail":89,"HornCleat":25,"DollysMirror":70,"vexMod:EndlessSickness":70,"Toolbox":70,"MoreBug":82,"Quantum Egg":85,"PreservedInsect":48,"vexMod:FocusSash":80,"War Paint":63,"REME_LimitBreaker":85,"Cauldron":85,"vexMod:Cooldron":48,"vexMod:BarristanHead":58,"Ornamental Fan":52,"Simple Rune":25,"hubris:ToyBattleship":19,"KiyohimeMod:Divinity":32,"REME_CardOfGreed":85,"ReplayTheSpireMod:DimensionalGlitch":0,"ReplayTheSpireMod:Lightbulb":63,"vexMod:ImprovementManual":46,"KiyohimeMod:Necromancy":68,"REME_ComplimentaryCards":0,"GodSword1":55,"hubris:NiceRug":85}]},"card_choices":[{"not_picked":["KiyohimeMod:FirstPremonition","KiyohimeMod:Tenacious","KiyohimeMod:BlueBlackKey"],"picked":"SKIP","floor":1.0},{"not_picked":["KiyohimeMod:AndSoTheShipConquers","KiyohimeMod:BlueBlackKey","KiyohimeMod:WaterTurn"],"picked":"SKIP","floor":2.0},{"not_picked":["KiyohimeMod:Barrier","KiyohimeMod:Fragarach","KiyohimeMod:BeastOfBillows"],"picked":"SKIP","floor":4.0},{"not_picked":["KiyohimeMod:RedBlackKey","KiyohimeMod:ImaginaryAround","KiyohimeMod:SteelTraining"],"picked":"SKIP","floor":6.0},{"not_picked":["KiyohimeMod:GreenBlackKey","KiyohimeMod:SteelTraining","KiyohimeMod:DivineConstruct"],"picked":"SKIP","floor":8.0},{"not_picked":["KiyohimeMod:BlueBlackKey","KiyohimeMod:RedBlackKey","KiyohimeMod:Preemptive"],"picked":"SKIP","floor":10.0},{"not_picked":["KiyohimeMod:HotSpringOfTheMoon","KiyohimeMod:RedBlackKey"],"picked":"KiyohimeMod:Projection","floor":11.0},{"not_picked":["KiyohimeMod:ImaginaryAround","KiyohimeMod:Berserker","KiyohimeMod:RedBlackKey"],"picked":"SKIP","floor":12.0},{"not_picked":["KiyohimeMod:WaterTurn","KiyohimeMod:AndSoTheShipConquers","KiyohimeMod:Preemptive"],"picked":"SKIP","floor":13.0},{"not_picked":["KiyohimeMod:RedBlackKey","KiyohimeMod:LimitedZeroOver","KiyohimeMod:CommandCard_Buster"],"picked":"SKIP","floor":14.0},{"not_picked":["KiyohimeMod:MagicCrystal","KiyohimeMod:FragmentsOf2030"],"picked":"KiyohimeMod:Servant_TamamoNoMae","floor":16.0},{"not_picked":["KiyohimeMod:RedBlackKey","KiyohimeMod:Berserker"],"picked":"KiyohimeMod:EatSoul+1","floor":18.0},{"not_picked":["KiyohimeMod:CommandCard_Buster","KiyohimeMod:RealityMarble"],"picked":"KiyohimeMod:BeElegant","floor":21.0},{"not_picked":["KiyohimeMod:CommandCard_Buster","KiyohimeMod:HydraDagger"],"picked":"KiyohimeMod:Preemptive+1","floor":24.0},{"not_picked":["KiyohimeMod:CommandCard_Arts","KiyohimeMod:HydraDagger","KiyohimeMod:HotSpringOfTheMoon"],"picked":"SKIP","floor":25.0},{"not_picked":["KiyohimeMod:RedBlackKey+1","KiyohimeMod:GreenBlackKey"],"picked":"KiyohimeMod:GoldenCarpFigure","floor":27.0},{"not_picked":["KiyohimeMod:EatSoul+1","KiyohimeMod:SteelTraining+1"],"picked":"KiyohimeMod:CelestialInvertedMoon","floor":28.0},{"not_picked":["KiyohimeMod:HydraDagger+1","KiyohimeMod:GreenBlackKey","KiyohimeMod:AgainstMagic"],"picked":"SKIP","floor":30.0},{"not_picked":["KiyohimeMod:ImaginaryNumberMagecraft","KiyohimeMod:FiringTheFirstArrow"],"picked":"KiyohimeMod:Servant_Osakabehime","floor":33.0},{"not_picked":["KiyohimeMod:WaterTurn+1","KiyohimeMod:GreenBlackKey","KiyohimeMod:FirstPremonition"],"picked":"SKIP","floor":35.0},{"not_picked":["KiyohimeMod:Tenacious+1","KiyohimeMod:CommandCard_Arts"],"picked":"KiyohimeMod:Preemptive+1","floor":39},{"not_picked":["KiyohimeMod:HotSpringOfTheMoon","KiyohimeMod:CommandCard_Arts"],"picked":"KiyohimeMod:DragonVein","floor":40},{"not_picked":["KiyohimeMod:BlueBlackKey+1","KiyohimeMod:Fragarach+1"],"picked":"KiyohimeMod:Preemptive+1","floor":42},{"not_picked":["KiyohimeMod:DivineConstruct+1","KiyohimeMod:AndSoTheShipConquers+1","KiyohimeMod:ExSpicyMapoTofu+1"],"picked":"Singing Bowl","floor":44},{"not_picked":["KiyohimeMod:DivineConstruct","KiyohimeMod:JeweledSword","KiyohimeMod:BlueBlackKey"],"picked":"Singing Bowl","floor":46},{"not_picked":["KiyohimeMod:Preemptive"],"picked":"Singing Bowl","floor":47},{"not_picked":[],"picked":"KiyohimeMod:HydraDagger","floor":47},{"not_picked":[],"picked":"KiyohimeMod:AndSoTheShipConquers+1","floor":47},{"not_picked":["KiyohimeMod:SteelTraining"],"picked":"Singing Bowl","floor":47},{"not_picked":["KiyohimeMod:Berserker"],"picked":"Singing Bowl","floor":47},{"not_picked":["Replay:Parry"],"picked":"Singing Bowl","floor":47},{"not_picked":[],"picked":"ReplayUltimateDefense","floor":47},{"not_picked":["KiyohimeMod:BeElegant","KiyohimeMod:GreenBlackKey","KiyohimeMod:BlueBlackKey+1"],"picked":"Singing Bowl","floor":48},{"not_picked":["KiyohimeMod:AndSoTheShipConquers","KiyohimeMod:CelestialInvertedMoon","KiyohimeMod:CommandCard_Buster+1"],"picked":"Singing Bowl","floor":54}],"player_experience":105315,"relics_obtained":[{"floor":6.0,"key":"hubris:ToyBattleship"},{"floor":8.0,"key":"Simple Rune"},{"floor":9.0,"key":"HornCleat"},{"floor":10.0,"key":"KiyohimeMod:Divinity"},{"floor":14.0,"key":"Replay:Rubber Ducky"},{"floor":24.0,"key":"Ornamental Fan"},{"floor":26.0,"key":"GodSword1"},{"floor":27.0,"key":"vexMod:BarristanHead"},{"floor":30.0,"key":"ReplayTheSpireMod:Lightbulb"},{"floor":31.0,"key":"War Paint"},{"floor":40,"key":"StoneCalendar"},{"floor":42,"key":"Singing Bowl"},{"floor":43,"key":"Pet Ghost"},{"floor":44,"key":"vexMod:FocusSash"},{"floor":46,"key":"hubris:Metronome"},{"floor":47,"key":"REME_LimitBreaker"},{"floor":47,"key":"Cauldron"},{"floor":47,"key":"Quantum Egg"},{"floor":47,"key":"hubris:SlimyHat"},{"floor":47,"key":"REME_CardOfGreed"},{"floor":54,"key":"Lizard Tail"}],"event_choices":[],"is_beta":false,"boss_relics":[{"not_picked":["Replay:Grab Bag","hubris:Stopwatch"],"picked":"vexMod:ImprovementManual"},{"not_picked":["RedLine:ReiMu","REME_LowDesire"],"picked":"KiyohimeMod:Necromancy"}],"items_purged_floors":[47],"is_endless":false,"potions_floor_spawned":[2,6,8,10,11,16,25,28,30,40,48,54],"ascension_level":4}}