{"host":"cgaibh95wzkurumv","time":1609886017,"event":{"mods":["BaseMod","Minty Spire (QoL Compilation)","Replay The Spire","StSLib","The Runesmith"],"gold_per_floor":[114,114,129,144,144,144,174,174,174,189,189,264,279,54,54,154,154,169,169,215,230,280,280,310,325,400,430,465,465,480,515,515,644,644,659,59,74,98,113,168,168,183,233,263,263,293,308,323,0,0],"floor_reached":51,"playtime":2683,"items_purged":["Brutality","The Bomb"],"score":956,"play_id":"bb942ef3-d990-40f9-9df4-b4cdf9f318a4","local_time":"20210105193337","daily_mods":["Shiny","Colorless Cards","Night Terrors"],"is_ascension_mode":false,"campfire_choices":[{"data":"Secret Weapon","floor":6,"key":"SMITH"},{"data":"Apotheosis","floor":8,"key":"SMITH"},{"data":"ReplayTheSpireMod:Brewmster","floor":11,"key":"SMITH"},{"data":"Flame Barrier","floor":15,"key":"SMITH"},{"data":"Hemogenesis","floor":23,"key":"SMITH"},{"data":"ReplayTheSpireMod:Necrogeddon","floor":29,"key":"SMITH"},{"data":"Berserk","floor":32,"key":"SMITH"},{"data":"Ghostly Armor","floor":45,"key":"SMITH"}],"circlet_count":0,"master_deck":["Double Tap+1","Demon Form","Fiend Fire","Eclipse","Berserk+1","Impervious","Juggernaut","Demonic Infusion","Exhume","Offering","Bludgeon","Feed","Replay:Many Hands","Limit Break","Corruption","Barricade","Hemogenesis+1","Reaper","Immolate","Thinking Ahead","Metamorphosis","Master of Strategy","Magnetism","Chrysalis+1","Mayhem","Secret Weapon+1","Midas Touch","ReplayTheSpireMod:Brewmster+1","Poisoned Strike","Sadistic Nature","ReplayUltimateDefense","Transmutation","HandOfGreed","ReplayTheSpireMod:Necrogeddon+1","Apotheosis+1","Panache","Violence","Secret Technique","Pommel Strike","Flame Barrier+1","Good Instincts","Havoc","Ghostly Armor+1","Offering","Parasite"],"relics":["Burning Blood","Nunchaku","HornCleat","Iron Hammer","HandDrill","Snecko Eye","Mirror","Garlic","Blue Candle","CeramicFish","Snecko Heart","Paper Frog","ReplayTheSpireMod:Ninjato","Anchor","Blood Vial","MealTicket","Meat on the Bone","Red Mask"],"acts_visited":["Exordium","TheCity","TheBeyond"],"potions_floor_usage":[16,16,16,24,24,25,25,27,28,28,28,31,31,31,31,33,33,33,33,33,35,35,37,40,44,44,46,46,48,50,50,50,50],"damage_taken":[{"damage":6,"enemies":"Small Slimes","floor":1,"turns":2},{"damage":17,"enemies":"Jaw Worm","floor":3,"turns":3},{"damage":17,"enemies":"2 Louse","floor":4,"turns":5},{"damage":15,"enemies":"Replay:BlueRogue","floor":7,"turns":3},{"damage":27,"enemies":"Exordium Wildlife","floor":10,"turns":4},{"damage":0,"enemies":"3 Louse","floor":13,"turns":1},{"damage":31,"enemies":"The Guardian","floor":16,"turns":7},{"damage":12,"enemies":"Shell Parasite","floor":18,"turns":2},{"damage":0,"enemies":"2 Thieves","floor":21,"turns":1},{"damage":37,"enemies":"Book of Stabbing","floor":24,"turns":4},{"damage":0,"enemies":"3 Cultists","floor":25,"turns":3},{"damage":24,"enemies":"Slavers","floor":27,"turns":3},{"damage":0,"enemies":"Centurion and Healer","floor":28,"turns":3},{"damage":6,"enemies":"Snecko","floor":30,"turns":1},{"damage":9,"enemies":"Cultist and Chosen","floor":31,"turns":6},{"damage":0,"enemies":"Champ","floor":33,"turns":8},{"damage":12,"enemies":"3 Darklings","floor":35,"turns":3},{"damage":12,"enemies":"3 Shapes","floor":37,"turns":1},{"damage":6,"enemies":"Writhing Mass","floor":38,"turns":2},{"damage":18,"enemies":"Jaw Worm Horde","floor":39,"turns":3},{"damage":18,"enemies":"Reptomancer","floor":40,"turns":4},{"damage":6,"enemies":"Sphere and 2 Shapes","floor":42,"turns":1},{"damage":32,"enemies":"Nemesis","floor":44,"turns":7},{"damage":12,"enemies":"Giant Head","floor":46,"turns":5},{"damage":12,"enemies":"4 Shapes","floor":47,"turns":2},{"damage":5,"enemies":"Transient","floor":48,"turns":5},{"damage":12,"enemies":"Donu and Deca","floor":50,"turns":5}],"seed_played":"-8136925521176778862","potions_obtained":[{"floor":7,"key":"FairyPotion"},{"floor":10,"key":"Energy Potion"},{"floor":13,"key":"Reflective Coating"},{"floor":20,"key":"Strength Potion"},{"floor":25,"key":"DistilledChaos"},{"floor":28,"key":"BloodPotion"},{"floor":38,"key":"Strength Potion"},{"floor":40,"key":"Explosive Potion"},{"floor":48,"key":"Elixir"}],"is_trial":false,"path_per_floor":["M","?","M","M","?","R","E","R","T","M","R","T","M","$","R","B",null,"M","?","?","M","?","R","E","M","T","E","M","R","M","M","R","B",null,"M","$","M","M","M","E","?","M","T","E","R","E","M","M","R","B",null],"character_chosen":"IRONCLAD","items_purchased":["HandDrill","Paper Frog","ReplayTheSpireMod:Ninjato"],"campfire_rested":0,"item_purchase_floors":[14,36,36],"current_hp_per_floor":[80,64,53,53,53,53,50,50,50,39,39,39,45,45,45,27,86,80,80,80,86,86,86,84,86,86,80,86,86,86,86,86,86,86,90,90,90,90,78,84,84,84,84,70,70,90,90,90,90,94],"gold":0,"neow_bonus":"","is_daily":true,"chose_seed":false,"campfire_upgraded":8,"win_rate":0.0,"timestamp":1609886017,"path_taken":["M","?","M","M","?","R","E","R","T","M","R","?","M","$","R","BOSS","M","?","?","M","?","R","E","M","T","E","?","R","M","M","R","BOSS","M","?","M","M","M","E","?","M","T","E","R","E","?","?","R","BOSS"],"items_purchased_type":["Relic","Relic","Relic"],"build_version":"2020-12-22","purchased_purges":2,"victory":true,"max_hp_per_floor":[80,80,80,83,83,83,83,83,83,86,86,86,86,86,86,86,86,86,86,86,86,86,86,86,86,86,86,86,86,86,86,86,86,86,90,90,90,90,90,90,90,90,90,90,90,90,90,90,90,94],"card_choices":[{"not_picked":["Replay:Undeath\u0027s Touch","ReplayTheSpireMod:Muscle Training"],"picked":"Pommel Strike","floor":1},{"not_picked":["Flex","True Grit","Clash"],"picked":"SKIP","floor":3},{"not_picked":["Jack Of All Trades","Dark Shackles"],"picked":"Flame Barrier","floor":4},{"not_picked":["Havoc","Flex","Master of Strategy"],"picked":"SKIP","floor":7},{"not_picked":["Body Slam","Pommel Strike"],"picked":"Good Instincts","floor":10},{"not_picked":["Thunderclap","Rage"],"picked":"Havoc","floor":13},{"not_picked":["Anger+1","Dark Embrace","Sword Boomerang"],"picked":"SKIP","floor":18},{"not_picked":["Replay:BasicMightCard","Pommel Strike+1"],"picked":"Ghostly Armor","floor":20},{"not_picked":["Intimidate","Trip","Sentinel"],"picked":"SKIP","floor":21},{"not_picked":["Heavy Blade","Wild Strike","Intimidate+1"],"picked":"SKIP","floor":24},{"not_picked":["Replay:Undeath\u0027s Touch","Flex","Thunderclap"],"picked":"SKIP","floor":25},{"not_picked":["Combust+1","Thunderclap","Iron Wave"],"picked":"SKIP","floor":27},{"not_picked":["Sword Boomerang","Dark Shackles","Bloodletting"],"picked":"SKIP","floor":28},{"not_picked":["ReplayTheSpireMod:Strike From Hell","PanicButton","Purity"],"picked":"SKIP","floor":30},{"not_picked":["Shrug It Off","Specialist+1","Pommel Strike"],"picked":"SKIP","floor":31},{"not_picked":["Thinking Ahead","ReplayTheSpireMod:Necrogeddon"],"picked":"Offering","floor":33},{"not_picked":["Dark Shackles+1","Replay:Undeath\u0027s Touch+1","Sword Boomerang"],"picked":"SKIP","floor":35},{"not_picked":["Shrug It Off","Headbutt","Feel No Pain"],"picked":"SKIP","floor":37},{"not_picked":["Twin Strike","ReplayTheSpireMod:Brewmster","Fire Breathing"],"picked":"SKIP","floor":38},{"not_picked":["Hemokinesis+1","Clothesline","Entrench+1"],"picked":"SKIP","floor":39},{"not_picked":["Combust","Cleave","Heavy Blade"],"picked":"SKIP","floor":40},{"not_picked":["Burning Pact+1","Impatience+1","Armaments+1"],"picked":"SKIP","floor":42},{"not_picked":["Cleave+1","Armaments+1","ReplayTheSpireMod:Corrosion Curse+1"],"picked":"SKIP","floor":44},{"not_picked":["Eclipse","Iron Wave+1","Headbutt"],"picked":"SKIP","floor":46},{"not_picked":["Replay:Undeath\u0027s Touch+1","Forethought","Dual Wield"],"picked":"SKIP","floor":47},{"not_picked":["Searing Blow+1","Headbutt","Twin Strike+1"],"picked":"SKIP","floor":48}],"player_experience":264601,"relics_obtained":[{"floor":7,"key":"Nunchaku"},{"floor":9,"key":"HornCleat"},{"floor":12,"key":"Iron Hammer"},{"floor":20,"key":"Mirror"},{"floor":24,"key":"Garlic"},{"floor":26,"key":"Blue Candle"},{"floor":27,"key":"CeramicFish"},{"floor":40,"key":"Anchor"},{"floor":43,"key":"Blood Vial"},{"floor":44,"key":"MealTicket"},{"floor":46,"key":"Meat on the Bone"}],"event_choices":[{"damage_healed":0,"gold_gain":0,"player_choice":"Entered Light","damage_taken":16,"max_hp_gain":0,"max_hp_loss":0,"event_name":"Shining Light","floor":2,"gold_loss":0,"cards_upgraded":["Chrysalis","Double Tap"]},{"damage_healed":0,"gold_gain":0,"player_choice":"Ignored","damage_taken":0,"max_hp_gain":0,"max_hp_loss":0,"event_name":"Liars Game","floor":5,"gold_loss":0},{"cards_removed":["Crow Ritual"],"damage_healed":0,"gold_gain":0,"player_choice":"Elegance","damage_taken":0,"max_hp_gain":0,"max_hp_loss":0,"event_name":"Back to Basics","floor":19,"gold_loss":0},{"damage_healed":0,"gold_gain":100,"player_choice":"Bet on Murderer","damage_taken":0,"max_hp_gain":0,"max_hp_loss":0,"event_name":"The Joust","floor":22,"gold_loss":50},{"damage_healed":0,"gold_gain":0,"player_choice":"Bought 0 Potions","damage_taken":0,"max_hp_gain":0,"max_hp_loss":0,"event_name":"The Woman in Blue","floor":41,"gold_loss":0},{"damage_healed":0,"gold_gain":0,"player_choice":"Paid","damage_taken":0,"relics_obtained":["Red Mask"],"max_hp_gain":0,"max_hp_loss":0,"event_name":"Tomb of Lord Red Mask","floor":49,"gold_loss":323}],"is_beta":false,"boss_relics":[{"not_picked":["ChewingGum","Sozu"],"picked":"Snecko Eye"},{"not_picked":["Black Star","ReplayTheSpireMod:DimensionalGlitch"],"picked":"Snecko Heart"}],"items_purged_floors":[14,36],"is_endless":false,"potions_floor_spawned":[7,10,13,24,25,28,38,40,44,48],"ascension_level":0}}