{"host":"6r4na9dgjsffx65e","time":1609864629,"event":{"mods":["BaseMod","Colored Map","Colored Powertips","Minty Spire (QoL Compilation)","Relic Stats","ojb\u0027s Info Mod"],"gold_per_floor":[112,129,129,129,40,40,72,72,96,96,123,134,169,189,189,294,294,308,44,55,128,140,171,171,184,184,214,231,243,107,139,139,237,237,252,298,298,298,298,327,338,351,351,377,377,406,225,225,225,225,225,225,3,29,29],"floor_reached":56,"playtime":4745,"items_purged":["Steam"],"score":1830,"play_id":"949d534f-0e43-4d2b-a1fc-d15756ce4435","local_time":"20210105173709","is_ascension_mode":true,"campfire_choices":[{"data":"Defragment","floor":6,"key":"SMITH"},{"data":"Recycle","floor":8,"key":"SMITH"},{"data":"Capacitor","floor":10,"key":"SMITH"},{"data":"Chaos","floor":15,"key":"SMITH"},{"data":"Chill","floor":24,"key":"SMITH"},{"data":"Seek","floor":32,"key":"SMITH"},{"data":"Consume","floor":45,"key":"SMITH"},{"floor":49,"key":"RECALL"},{"data":"Defragment","floor":52,"key":"SMITH"}],"circlet_count":0,"master_deck":["Defend_B","Defend_B","Defend_B","Defend_B","Zap","Dualcast","Compile Driver","Capacitor+1","Defragment+1","Ball Lightning","Defragment+1","Chaos+1","Reinforced Body","Reboot","Genetic Algorithm+1","Steam+1","Core Surge+1","Cold Snap","Chill+1","Consume+1","Darkness","Seek+1","Conserve Battery","Loop+1","Seek","Barrage+1","Echo Form+1","Biased Cognition+1","Self Repair+1","Master of Strategy","Undo","Chill+1"],"relics":["Cracked Core","NeowsBlessing","FaceOfCleric","Toy Ornithopter","Lantern","Akabeko","Astrolabe","Art of War","HornCleat","Symbiotic Virus","Kunai","Frozen Egg 2","Bottled Lightning","Thread and Needle","Bottled Flame","Eternal Feather","Peace Pipe","Potion Belt","ClockworkSouvenir","Nunchaku"],"acts_visited":["Exordium","TheCity","TheBeyond","TheEnding"],"potions_floor_usage":[11,11,13,20,20,22,31,33,36,46,55,55,55],"damage_taken":[{"damage":0,"enemies":"Small Slimes","floor":1,"turns":1},{"damage":0,"enemies":"2 Louse","floor":2,"turns":1},{"damage":0,"enemies":"Lagavulin","floor":7,"turns":1},{"damage":0,"enemies":"Gremlin Nob","floor":11,"turns":2},{"damage":11,"enemies":"Cultist","floor":12,"turns":4},{"damage":35,"enemies":"Lagavulin","floor":13,"turns":5},{"damage":8,"enemies":"Red Slaver","floor":14,"turns":3},{"damage":10,"enemies":"Slime Boss","floor":16,"turns":7},{"damage":0,"enemies":"Spheric Guardian","floor":18,"turns":3},{"damage":2,"enemies":"2 Thieves","floor":20,"turns":2},{"damage":4,"enemies":"Snake Plant","floor":22,"turns":5},{"damage":16,"enemies":"Slavers","floor":23,"turns":8},{"damage":1,"enemies":"Shelled Parasite and Fungi","floor":25,"turns":7},{"damage":0,"enemies":"Book of Stabbing","floor":27,"turns":5},{"damage":0,"enemies":"Centurion and Healer","floor":28,"turns":5},{"damage":10,"enemies":"Snecko","floor":29,"turns":5},{"damage":0,"enemies":"Gremlin Leader","floor":31,"turns":7},{"damage":29,"enemies":"Automaton","floor":33,"turns":11},{"damage":0,"enemies":"3 Shapes","floor":35,"turns":3},{"damage":11,"enemies":"2 Orb Walkers","floor":36,"turns":5},{"damage":5,"enemies":"Reptomancer","floor":40,"turns":7},{"damage":5,"enemies":"Orb Walker","floor":41,"turns":3},{"damage":27,"enemies":"Sphere and 2 Shapes","floor":42,"turns":5},{"damage":10,"enemies":"Nemesis","floor":44,"turns":7},{"damage":46,"enemies":"Reptomancer","floor":46,"turns":5},{"damage":52,"enemies":"Awakened One","floor":50,"turns":14},{"damage":12,"enemies":"Shield and Spear","floor":54,"turns":6},{"damage":44,"enemies":"The Heart","floor":55,"turns":8}],"seed_played":"4588340080336450169","potions_obtained":[{"floor":2,"key":"AttackPotion"},{"floor":7,"key":"LiquidMemories"},{"floor":11,"key":"LiquidMemories"},{"floor":16,"key":"Explosive Potion"},{"floor":18,"key":"DistilledChaos"},{"floor":20,"key":"Weak Potion"},{"floor":25,"key":"Block Potion"},{"floor":28,"key":"AttackPotion"},{"floor":31,"key":"Strength Potion"},{"floor":35,"key":"EssenceOfSteel"},{"floor":41,"key":"LiquidBronze"}],"is_trial":false,"path_per_floor":["M","M","?","?","$","R","E","R","T","R","E","M","E","M","R","B",null,"M","$","M","T","M","E","R","M","T","E","M","M","$","E","R","B",null,"M","?","$","?","?","E","M","M","T","E","R","E","$","?","R","B",null,"R","$","E","B",null],"character_chosen":"DEFECT","items_purchased":["Defragment","Ball Lightning","Chill","Art of War","Loop+1","FairyPotion","Self Repair+1","ClockworkSouvenir","EssenceOfSteel","GamblersBrew","Undo"],"campfire_rested":0,"item_purchase_floors":[5,5,19,19,30,30,47,47,53,53,53],"current_hp_per_floor":[68,68,68,68,68,68,69,69,69,69,77,67,38,31,31,22,66,67,67,76,76,78,63,63,63,63,64,65,56,56,62,62,39,78,79,74,74,74,74,70,66,40,40,31,46,6,6,6,24,17,75,93,93,82,54],"gold":29,"neow_bonus":"THREE_ENEMY_KILL","is_daily":false,"chose_seed":false,"campfire_upgraded":8,"win_rate":0.0,"timestamp":1609864629,"path_taken":["M","M","?","?","$","R","E","R","T","R","E","?","E","M","R","BOSS","M","$","M","?","M","E","R","M","T","E","M","M","$","E","R","BOSS","M","?","$","?","?","E","M","M","T","E","R","E","$","?","R","BOSS","R","$","E","BOSS"],"items_purchased_type":["Card","Card","Card","Relic","Card","Potion","Card","Relic","Potion","Potion","Card"],"build_version":"2020-12-22","purchased_purges":1,"victory":true,"max_hp_per_floor":[75,75,75,75,75,75,76,76,76,76,77,78,79,80,80,81,81,82,82,83,83,84,85,85,86,86,87,88,89,89,90,90,91,91,92,93,93,88,88,89,90,91,91,92,92,93,93,93,93,94,94,94,94,95,96],"relic_stats":{"Peace Pipe":0,"Nunchaku":[0],"FaceOfCleric":26,"counters":[28,145],"Astrolabe":["Genetic Algorithm","Steam","Core Surge"],"Eternal Feather":51,"Art of War":[39],"Kunai":[7],"obtain_stats":[{"Potion Belt":46,"Lantern":11,"NeowsBlessing":0,"Astrolabe":17,"Thread and Needle":36,"Eternal Feather":43,"Frozen Egg 2":27,"Akabeko":13,"ClockworkSouvenir":47,"Peace Pipe":44,"Bottled Flame":40,"Nunchaku":54,"HornCleat":21,"FaceOfCleric":4,"Art of War":19,"Kunai":26,"Bottled Lightning":31,"Cracked Core":0,"Symbiotic Virus":23,"Toy Ornithopter":7},{"Potion Belt":25,"Lantern":4,"NeowsBlessing":0,"Astrolabe":8,"Thread and Needle":20,"Eternal Feather":23,"Frozen Egg 2":14,"Akabeko":6,"ClockworkSouvenir":25,"Peace Pipe":24,"Bottled Flame":21,"Nunchaku":27,"HornCleat":10,"FaceOfCleric":2,"Art of War":9,"Kunai":13,"Bottled Lightning":17,"Cracked Core":0,"Symbiotic Virus":12,"Toy Ornithopter":3},{"Potion Belt":117,"Lantern":5,"NeowsBlessing":0,"Astrolabe":24,"Thread and Needle":90,"Eternal Feather":105,"Frozen Egg 2":54,"Akabeko":14,"ClockworkSouvenir":117,"Peace Pipe":112,"Bottled Flame":97,"Nunchaku":137,"HornCleat":29,"FaceOfCleric":2,"Art of War":27,"Kunai":49,"Bottled Lightning":71,"Cracked Core":0,"Symbiotic Virus":42,"Toy Ornithopter":3}],"Toy Ornithopter":62},"card_choices":[{"not_picked":["Gash","Static Discharge"],"picked":"Compile Driver","floor":1},{"not_picked":["Rebound","Beam Cell"],"picked":"Recycle","floor":2},{"not_picked":["Gash","Steam Power"],"picked":"Steam","floor":7},{"not_picked":["Recycle","Rebound"],"picked":"Defragment","floor":11},{"not_picked":["Hologram","Redo","Tempest"],"picked":"SKIP","floor":12},{"not_picked":["Stack","Ball Lightning"],"picked":"Chaos","floor":13},{"not_picked":["Sweeping Beam","Steam Power"],"picked":"Reinforced Body","floor":14},{"not_picked":["All For One","Thunder Strike"],"picked":"Reboot","floor":16},{"not_picked":["Leap","Streamline+1"],"picked":"Cold Snap","floor":18},{"not_picked":["Turbo","Static Discharge","Go for the Eyes"],"picked":"SKIP","floor":20},{"not_picked":["Coolheaded","Leap","Steam Power+1"],"picked":"SKIP","floor":22},{"not_picked":["Go for the Eyes","Sweeping Beam+1"],"picked":"Consume","floor":23},{"not_picked":["Force Field","BootSequence"],"picked":"Darkness","floor":25},{"not_picked":["Go for the Eyes","Reinforced Body"],"picked":"Seek","floor":27},{"not_picked":["Rebound","Doom and Gloom+1","Redo"],"picked":"SKIP","floor":28},{"not_picked":["Hello World+1","Steam Power"],"picked":"Conserve Battery","floor":29},{"not_picked":["Sweeping Beam","Cold Snap","Auto Shields"],"picked":"SKIP","floor":31},{"not_picked":["Core Surge","Amplify"],"picked":"Seek","floor":33},{"not_picked":["Rebound","Coolheaded+1","Steam"],"picked":"SKIP","floor":35},{"not_picked":["Coolheaded+1","Auto Shields+1"],"picked":"Barrage+1","floor":36},{"not_picked":["Static Discharge+1","Steam+1"],"picked":"Echo Form+1","floor":40},{"not_picked":["Stack","Coolheaded+1","Consume"],"picked":"SKIP","floor":41},{"not_picked":["Fusion","Barrage","Sweeping Beam+1"],"picked":"SKIP","floor":42},{"not_picked":["Reprogram+1","Doom and Gloom+1","Amplify"],"picked":"SKIP","floor":44},{"not_picked":["Turbo","Compile Driver"],"picked":"Biased Cognition+1","floor":46},{"not_picked":["Discovery","Purity"],"picked":"Master of Strategy","floor":48},{"not_picked":["Static Discharge+1","Reprogram"],"picked":"Chill+1","floor":54}],"player_experience":516147,"relics_obtained":[{"floor":7,"key":"Toy Ornithopter"},{"floor":11,"key":"Lantern"},{"floor":13,"key":"Akabeko"},{"floor":21,"key":"HornCleat"},{"floor":23,"key":"Symbiotic Virus"},{"floor":26,"key":"Kunai"},{"floor":27,"key":"Frozen Egg 2"},{"floor":31,"key":"Bottled Lightning"},{"floor":36,"key":"Thread and Needle"},{"floor":40,"key":"Bottled Flame"},{"floor":43,"key":"Eternal Feather"},{"floor":44,"key":"Peace Pipe"},{"floor":46,"key":"Potion Belt"},{"floor":54,"key":"Nunchaku"}],"event_choices":[{"damage_healed":0,"gold_gain":0,"cards_transformed":["Strike_B"],"player_choice":"Change","damage_taken":0,"max_hp_gain":0,"max_hp_loss":0,"event_name":"Living Wall","floor":3,"gold_loss":0,"cards_obtained":["Capacitor"]},{"damage_healed":0,"gold_gain":0,"player_choice":"Trade","damage_taken":0,"relics_obtained":["FaceOfCleric"],"max_hp_gain":0,"max_hp_loss":0,"event_name":"FaceTrader","floor":4,"gold_loss":0},{"damage_healed":0,"gold_gain":0,"player_choice":"Fight","damage_taken":0,"max_hp_gain":0,"max_hp_loss":0,"event_name":"Mysterious Sphere","floor":36,"gold_loss":0},{"damage_healed":0,"gold_gain":0,"player_choice":"Max HP","damage_taken":0,"max_hp_gain":0,"max_hp_loss":5,"event_name":"Winding Halls","floor":38,"gold_loss":0},{"cards_removed":["Recycle"],"damage_healed":0,"gold_gain":0,"player_choice":"Removed Skill","damage_taken":0,"max_hp_gain":0,"max_hp_loss":0,"event_name":"Falling","floor":39,"gold_loss":0},{"damage_healed":0,"gold_gain":0,"player_choice":"Memory 1","damage_taken":0,"max_hp_gain":0,"max_hp_loss":0,"event_name":"SensoryStone","floor":48,"gold_loss":0}],"is_beta":false,"boss_relics":[{"not_picked":["Fusion Hammer","Sozu"],"picked":"Astrolabe"},{"not_picked":["Snecko Eye","Velvet Choker","Busted Crown"]}],"items_purged_floors":[19],"is_endless":false,"potions_floor_spawned":[2,7,11,16,18,20,25,28,31,35,41,42],"ascension_level":8}}