{"host":"wonp23fsqqcu31ie","time":1609852724,"event":{"mods":["2.2 Compatiblity","AchievementEnabler","Aspiration","BaseMod","Bestiary","Better Altar","Better Match","Better Sensory Stone","Better Skull","Better Third Choice","BetterRewards","Block Reminder","Colored Map","Colored Powertips","Conspire","Curses Come First","DeckTracker","Displayed Cursed Tome","Downfall","Evolution","Hermit","Highlight Path","Hubris","Marisa????????","Minty Spire (QoL Compilation)","Permanent Neow","Prisma Mod","Quick Restart","Rare Cards Sparkle","Relic Stats","Replay The Spire","Robot Space Explorer","Shade Mod","Shop Mod","StSLib","SuperFastMode","The Animator","The Bug Knight","The Construct","The Cursed","The Dragon Tamer","The Gatherer","The Marked","The Necromancer","The Runesmith","The Servant 0.9.4"],"gold_per_floor":[119,119,119,129,146,146,181,181,181,222,69,344,344,363,363,466,466,492,510,510,510,1,31,31,41,41,61,61,104,43,57,57,172,172,200,200,200],"floor_reached":36,"playtime":887,"items_purged":["hubris:Despair"],"score":534,"play_id":"2746f103-3a56-47cc-a4a3-bca8e44c0f2c","local_time":"20210106001844","is_ascension_mode":true,"campfire_choices":[{"data":"hermit:Scavenge","floor":6,"key":"SMITH"},{"data":"hermit:GoldenBullet","floor":8,"key":"SMITH"},{"data":"hermit:FromBeyond","floor":13,"key":"SMITH"},{"data":"hermit:BodyArmor","floor":15,"key":"SMITH"},{"data":"hubris:DuctTapeCard","floor":24,"key":"SMITH"},{"floor":32,"key":"REST"}],"circlet_count":0,"master_deck":["hermit:Strike_Hermit","hermit:Strike_Hermit+1","hermit:Strike_Hermit","hermit:Strike_Hermit","hermit:Defend_Hermit","hermit:Defend_Hermit+1","hermit:Defend_Hermit","hermit:Defend_Hermit","hermit:Snapshot","hermit:Roulette+1","hermit:Scavenge+1","hermit:Misfire","hermit:Grudge","hermit:FromBeyond+1","Regret","hermit:BodyArmor+1","hermit:Magnum+1","hermit:NoHoldsBarred","hermit:Headshot","expansioncontent:DashGenerateEvil+1","hubris:DuctTapeCard+2","hermit:ItchyTrigger","hermit:ItchyTrigger","hermit:Virtue+1","hermit:FlashPowder","hermit:Showdown","hermit:BodyArmor+1","hermit:Determination","hermit:Magnum","hermit:Brawl+1"],"relics":["hermit:ClaspedLocket","EVO:Axolotl","Pen Nib","PreservedInsect","Garlic","hubris:ToyBattleship","hubris:EmptyBottle","Omamori","hubris:DuctTape","Guide Book","Counterbalance","Singing Bowl","CeramicFish","construct:ClawGrip"],"acts_visited":["Exordium","TheCity","TheBeyond"],"potions_floor_usage":[16,16,19,33,33,33,33,33,33,36,36],"damage_taken":[{"damage":7,"enemies":"Jaw Worm","floor":1,"turns":3},{"damage":0,"enemies":"2 Louse","floor":4,"turns":1},{"damage":0,"enemies":"Cultist","floor":5,"turns":3},{"damage":0,"enemies":"Gremlin Nob","floor":7,"turns":2},{"damage":0,"enemies":"HollowMod:MossKnight","floor":10,"turns":3},{"damage":0,"enemies":"2 Fungi Beasts","floor":14,"turns":2},{"damage":20,"enemies":"Fading Forest","floor":16,"turns":11},{"damage":26,"enemies":"2 Thieves","floor":18,"turns":3},{"damage":0,"enemies":"3 Byrds","floor":19,"turns":4},{"damage":13,"enemies":"Book of Stabbing","floor":23,"turns":4},{"damage":9,"enemies":"Snake Plant","floor":25,"turns":3},{"damage":0,"enemies":"Snecko","floor":27,"turns":2},{"damage":0,"enemies":"conspire:Head Lice","floor":29,"turns":3},{"damage":0,"enemies":"Cultist and Chosen","floor":31,"turns":4},{"damage":30,"enemies":"Collector","floor":33,"turns":6},{"damage":23,"enemies":"Orb Walker","floor":35,"turns":4},{"damage":57,"enemies":"conspire:MimicChest","floor":36,"turns":6}],"seed_played":"-5394581283071569787","potions_obtained":[{"floor":1,"key":"SkillPotion"},{"floor":7,"key":"BlessingOfTheForge"},{"floor":14,"key":"PowerPotion"},{"floor":19,"key":"Block Potion"},{"floor":23,"key":"AttackPotion"},{"floor":35,"key":"SkillPotion"}],"is_trial":false,"path_per_floor":["M","?","?","M","M","R","E","R","T","E","$","?","R","M","R","B",null,"M","M","?","?","$","E","R","M","T","M","?","E","$","M","R","B",null,"M","?"],"character_chosen":"HERMIT","items_purchased":["hubris:EmptyBottle","hubris:DuctTape","Guide Book","hermit:ItchyTrigger","hermit:Determination"],"campfire_rested":1,"item_purchase_floors":[11,22,22,22,30],"current_hp_per_floor":[68,68,53,53,53,53,53,53,53,53,53,53,53,53,53,43,75,50,51,51,51,51,39,39,30,30,30,30,31,31,34,57,28,77,55,0,0],"gold":200,"neow_bonus":"RANDOM_COMMON_RELIC","is_daily":false,"chose_seed":false,"campfire_upgraded":5,"win_rate":0.0,"timestamp":1609852724,"path_taken":["M","?","?","M","M","R","E","R","T","E","$","?","R","M","R","BOSS","M","M","?","?","?","E","R","M","T","?","?","E","$","M","R","BOSS","M","?"],"items_purchased_type":["Relic","Relic","Relic","Card","Card"],"build_version":"2020-12-22","purchased_purges":1,"victory":false,"max_hp_per_floor":[75,75,75,75,75,75,75,75,75,75,75,75,75,75,75,75,75,75,75,75,75,75,75,75,75,75,75,75,75,75,77,77,77,77,77,77,77],"relic_stats":{"Singing Bowl":2,"counters":[36,151],"CeramicFish":36,"Pen Nib":[10],"PreservedInsect":104,"obtain_stats":[{"ReplayFunnel":30,"Lantern":27,"hermit:ClaspedLocket":17,"Singing Bowl":26,"CeramicFish":29,"hubris:EmptyBottle":11,"Dream Catcher":26,"hubris:Icosahedron":13,"aspiration:MobileForge":17,"DollysMirror":21,"Replay:Bronze Core":34,"m_SnakeCloak":0,"Girya":19,"MerchantsRug":21,"construct:ClawGrip":34,"hubris:DuctTape":22,"aspiration:Nostalgia":0,"Guide Book":22,"Counterbalance":23,"Pen Nib":0,"PreservedInsect":7,"Omamori":21,"War Paint":39,"Anchor":39,"MutagenicStrength":20,"hubris:ToyBattleship":7,"Art of War":25,"Garlic":9,"hermit:Momento":0},{"ReplayFunnel":13,"Lantern":11,"hermit:ClaspedLocket":26,"Singing Bowl":30,"CeramicFish":32,"hubris:EmptyBottle":24,"Dream Catcher":10,"hubris:Icosahedron":6,"aspiration:MobileForge":7,"DollysMirror":8,"Replay:Bronze Core":14,"m_SnakeCloak":0,"Girya":8,"MerchantsRug":8,"construct:ClawGrip":34,"hubris:DuctTape":28,"aspiration:Nostalgia":0,"Guide Book":28,"Counterbalance":29,"Pen Nib":19,"PreservedInsect":23,"Omamori":28,"War Paint":17,"Anchor":17,"MutagenicStrength":8,"hubris:ToyBattleship":4,"Art of War":10,"Garlic":23,"hermit:Momento":0},{"ReplayFunnel":53,"Lantern":48,"hermit:ClaspedLocket":112,"Singing Bowl":126,"CeramicFish":131,"hubris:EmptyBottle":99,"Dream Catcher":41,"hubris:Icosahedron":18,"aspiration:MobileForge":29,"DollysMirror":34,"Replay:Bronze Core":64,"m_SnakeCloak":0,"Girya":34,"MerchantsRug":34,"construct:ClawGrip":141,"hubris:DuctTape":119,"aspiration:Nostalgia":0,"Guide Book":119,"Counterbalance":123,"Pen Nib":87,"PreservedInsect":96,"Omamori":119,"War Paint":75,"Anchor":75,"MutagenicStrength":34,"hubris:ToyBattleship":12,"Art of War":41,"Garlic":96,"hermit:Momento":0}]},"card_choices":[{"not_picked":["hermit:Combo","hermit:Coalescence"],"picked":"hermit:GoldenBullet","floor":1},{"not_picked":["hermit:Shortfuse","hermit:HighCaliber"],"picked":"hermit:Scavenge","floor":4},{"not_picked":["hermit:ItchyTrigger","hermit:TrackingShot"],"picked":"hermit:Misfire","floor":5},{"not_picked":["hermit:Roulette","hermit:CursedWeapon"],"picked":"hermit:Grudge","floor":7},{"not_picked":["hermit:Midnight","hermit:BlackWind"],"picked":"hermit:FromBeyond","floor":10},{"not_picked":["hermit:Snipe","hermit:Headshot"],"picked":"hermit:BodyArmor","floor":14},{"not_picked":["hermit:FromBeyond","hermit:HighNoon"],"picked":"hermit:Magnum","floor":16},{"not_picked":["hermit:HoleUp+1","hermit:Manifest"],"picked":"hermit:NoHoldsBarred","floor":18},{"not_picked":["hermit:Grudge","hermit:HighCaliber"],"picked":"hermit:Headshot","floor":19},{"not_picked":["Transmutation","expansioncontent:ChargeUp"],"picked":"expansioncontent:DashGenerateEvil","floor":20},{"not_picked":["expansioncontent:DarkVoid","Thinking Ahead"],"picked":"expansioncontent:BronzeBeam","floor":20},{"not_picked":["hermit:EyeOfTheStorm","hermit:TrackingShot"],"picked":"hermit:Virtue+1","floor":23},{"not_picked":["hermit:WideOpen","hermit:Dive+1"],"picked":"hermit:FlashPowder","floor":25},{"not_picked":["hermit:LoneWolf+1","hermit:Vantage+1"],"picked":"hermit:Showdown","floor":27},{"not_picked":["hermit:Enervate","hermit:Combo"],"picked":"hermit:BodyArmor+1","floor":29},{"not_picked":["hermit:Dive+1","hermit:EternalForm","hermit:Desperado"],"picked":"Singing Bowl","floor":31},{"not_picked":["hermit:Gambit","hermit:EternalForm"],"picked":"hermit:Magnum","floor":33},{"not_picked":["hermit:LowProfile+1","hermit:TrackingShot"],"picked":"hermit:Brawl+1","floor":35}],"player_experience":465065,"relics_obtained":[{"floor":7,"key":"PreservedInsect"},{"floor":9,"key":"Garlic"},{"floor":10,"key":"hubris:ToyBattleship"},{"floor":23,"key":"Counterbalance"},{"floor":26,"key":"Singing Bowl"},{"floor":29,"key":"CeramicFish"}],"event_choices":[{"damage_healed":68,"gold_gain":0,"player_choice":"Upgrade","damage_taken":15,"max_hp_gain":0,"max_hp_loss":75,"event_name":"betterThird:BetterShining","floor":3,"gold_loss":0,"cards_upgraded":["hermit:Strike_Hermit","hermit:Defend_Hermit"]},{"damage_healed":0,"gold_gain":275,"player_choice":"Desecrate","damage_taken":0,"max_hp_gain":0,"max_hp_loss":0,"event_name":"Golden Shrine","floor":12,"gold_loss":0,"cards_obtained":["Regret"]},{"damage_healed":0,"gold_gain":2,"player_choice":"1","damage_taken":0,"max_hp_gain":0,"max_hp_loss":0,"event_name":"betterStone:BetterStone","floor":20,"gold_loss":0}],"is_beta":false,"boss_relics":[{"not_picked":["ChewingGum","aspiration:MobileForge"],"picked":"hermit:ClaspedLocket"},{"not_picked":["Ring of Chaos","Coffee Dripper"],"picked":"construct:ClawGrip"}],"items_purged_floors":[22],"is_endless":false,"potions_floor_spawned":[1,7,14,19,23,25,35],"killed_by":"conspire:MimicChest","ascension_level":2}}