{"host":"wwy36mgtdouptwjr","time":1609860056,"event":{"mods":["AchievementEnabler","Aspiration","BaseMod","BetterRewards","Colored Map","Colored Powertips","Downfall","Hermit","Highlight Path","Hubris","Marisa????????","Minty Spire (QoL Compilation)","Replay The Spire","StSLib","Td1madao Mod","The Cursed","The Necromancer","The Servant 0.9.4"],"gold_per_floor":[99,109,121,131,131,131,213,213,224,240,254,288,308,308,327,422,422,422,434,450,450,450,450,116,116,116,127,127,137,147,170,170,196,210,307,307,307,317,332,12,12,26,26,36,68,68,68,84,84,97,97,97],"floor_reached":53,"playtime":5230,"items_purged":[],"score":712,"play_id":"2360e360-5880-48b0-a5e3-ee06cc29afa3","local_time":"20210105182056","is_ascension_mode":false,"campfire_choices":[{"data":"hexamod:Float","floor":1,"key":"SMITH"},{"data":"Distraction","floor":6,"key":"SMITH"},{"data":"hexamod:CatchUp","floor":8,"key":"SMITH"},{"data":"Guardian:RefractedBeam+1","floor":32,"key":"SMITH"},{"data":"hexamod:GhostOfSpireFuture","floor":37,"key":"SMITH"}],"circlet_count":0,"master_deck":["hexamod:Strike+1","hexamod:Strike+1","hexamod:Strike+1","hexamod:Defend+1","hexamod:Defend+1","hexamod:Sear","hexamod:Float+1","hexamod:Hexaguard+1","hexamod:InspiringFlames+1","hexamod:CatchUp+1","Distraction+1","All Out Attack+1","Blade Dance+1","hexamod:ShieldOfDarkness+1","hexamod:SwordOfDarkness","hexamod:StepThrough+1","hexamod:BacktrackSmack+1","hexamod:FourthSeal","hexamod:GhostOfSpirePast","hexamod:SixthSeal","hexamod:HauntingEcho+1","hexamod:AdvancingGuard","hexamod:RadiantFlame+1","hexamod:ExtraCrispy","hexamod:HeatCrush+1","Guardian:RefractedBeam+4","hexamod:GhostflameBarrier+1","hexamod:GhostOfSpireFuture+1","Whirlwind+1","hexamod:TimeOfNeed+1","hexamod:BurningTouch+1","hexamod:SpectralAdrenaline","hexamod:GhostOfSpirePast+1","hexamod:GhostOfSpirePresent","Apotheosis","hexamod:FastForward+1","hexamod:SixthSeal","hexamod:ThirdSeal","hexamod:SkipABeat","Amnesia","hexamod:FourthSeal","hexamod:Incineration","hexamod:GhostOfSpirePast+1","hexamod:ThermalTransfer+1","hexamod:NightmareStrike+1"],"relics":["hexamod:SpiritBrand","Onion Ring","aspiration:ArtOfWarUpgrade","hubris:VirtuousBlindfold","Replay:Kaleidoscope","aspiration:FrozenJewel","aspiration:SeaSaltIceCream","aspiration:Nostalgia","m_GuardianBlood","Blood Vial","PreservedInsect","hubris:Backtick","Mummified Hand","Membership Card","Replay:Rubber Ducky","Oddly Smooth Stone","ClockworkSouvenir","FossilizedHelix","Ring of Misfortune","Ring of Chaos"],"acts_visited":["Exordium","TheCity","TheBeyond"],"potions_floor_usage":[13,20,20,24,33,33,34,35,38,40,40,42,45,52,52,52,52,52,52],"damage_taken":[{"damage":0,"enemies":"2 Louse","floor":2,"turns":3},{"damage":0,"enemies":"Jaw Worm","floor":3,"turns":4},{"damage":0,"enemies":"Small Slimes","floor":4,"turns":3},{"damage":0,"enemies":"Blue Slaver","floor":9,"turns":2},{"damage":0,"enemies":"2 Fungi Beasts","floor":10,"turns":2},{"damage":2,"enemies":"Red Slaver","floor":11,"turns":2},{"damage":11,"enemies":"Replay:BlueRogue","floor":12,"turns":4},{"damage":1,"enemies":"3 Louse","floor":13,"turns":2},{"damage":1,"enemies":"2 Fungi Beasts","floor":15,"turns":2},{"damage":38,"enemies":"downfall:Ironclad","floor":16,"turns":8},{"damage":0,"enemies":"Chosen","floor":19,"turns":3},{"damage":6,"enemies":"Shelled Parasite and Fungi","floor":20,"turns":3},{"damage":0,"enemies":"downfall:FleeingMerchant","floor":24,"turns":4},{"damage":2,"enemies":"Cultist and Chosen","floor":27,"turns":4},{"damage":7,"enemies":"Snecko","floor":29,"turns":4},{"damage":8,"enemies":"Chosen and Byrds","floor":30,"turns":6},{"damage":0,"enemies":"Slavers","floor":33,"turns":4},{"damage":9,"enemies":"Shelled Parasite and Fungi","floor":34,"turns":3},{"damage":48,"enemies":"downfall:Silent","floor":35,"turns":9},{"damage":21,"enemies":"3 Darklings","floor":38,"turns":6},{"damage":0,"enemies":"3 Shapes","floor":39,"turns":3},{"damage":2,"enemies":"downfall:FleeingMerchant","floor":40,"turns":5},{"damage":14,"enemies":"Sphere and 2 Shapes","floor":42,"turns":6},{"damage":10,"enemies":"4 Shapes","floor":44,"turns":3},{"damage":0,"enemies":"downfall:FleeingMerchant","floor":45,"turns":3},{"damage":0,"enemies":"Jaw Worm Horde","floor":48,"turns":4},{"damage":0,"enemies":"Spire Growth","floor":50,"turns":4},{"damage":0,"enemies":"Transient","floor":51,"turns":5},{"damage":4,"enemies":"downfall:Defect","floor":52,"turns":8}],"seed_played":"-6578623854775176928","potions_obtained":[{"floor":10,"key":"FearPotion"},{"floor":11,"key":"Dexterity Potion"},{"floor":12,"key":"Dexterity Potion"},{"floor":13,"key":"Fruit Juice"},{"floor":15,"key":"Dexterity Potion"},{"floor":16,"key":"AttackPotion"},{"floor":19,"key":"ColorlessPotion"},{"floor":20,"key":"Strength Potion"},{"floor":20,"key":"BlessingOfTheForge"},{"floor":24,"key":"Languid Potion"},{"floor":30,"key":"DistilledChaos"},{"floor":30,"key":"Adrenaline Potion"},{"floor":33,"key":"Elixir"},{"floor":33,"key":"PowerPotion"},{"floor":35,"key":"Elixir"},{"floor":38,"key":"Flashbang"},{"floor":38,"key":"SkillPotion"},{"floor":39,"key":"champ:CounterPotion"},{"floor":39,"key":"FairyPotion"},{"floor":40,"key":"EssenceOfSteel"},{"floor":42,"key":"hexamod:InfernoChargePotion"},{"floor":44,"key":"sneckomod:MuddlingPotion"},{"floor":45,"key":"Flashbang"},{"floor":50,"key":"Flashbang"},{"floor":51,"key":"EntropicBrew"}],"is_trial":false,"path_per_floor":["R","M","M","M","?","R","T","R","M","M","M","E","M","?","M","B",null,"R","M","M","PTL","PTL","?","$","?","T","M","R","M","M","T","R","E","M","B",null,"R","M","M","$","?","M","T","M","$","?","?","M","?","M","M","B",null],"character_chosen":"THE_SPIRIT","items_purchased":["Replay:Kaleidoscope","hexamod:ExtraCrispy","Membership Card","hexamod:GhostOfSpirePresent","Apotheosis","hexamod:FastForward","Strength Potion","Oddly Smooth Stone","ClockworkSouvenir","FossilizedHelix"],"campfire_rested":0,"item_purchase_floors":[24,24,40,40,40,40,40,45,45,45],"current_hp_per_floor":[77,77,77,77,77,77,77,77,77,77,75,64,68,68,67,29,82,82,82,76,76,76,60,60,60,60,64,64,63,61,61,61,69,68,28,87,87,72,80,86,86,79,79,77,85,85,85,87,87,87,87,87],"gold":97,"neow_bonus":"TEN_PERCENT_HP_BONUS","is_daily":false,"chose_seed":false,"campfire_upgraded":5,"win_rate":0.0,"timestamp":1609860056,"path_taken":["R","M","M","M","?","R","T","R","M","M","M","E","M","?","M","BOSS","R","M","M","PTL","PTL","?","$","?","T","M","R","M","M","?","R","E","M","BOSS","R","M","M","$","?","M","T","?","$","?","?","M","?","?","M","BOSS"],"items_purchased_type":["Relic","Card","Relic","Card","Card","Card","Potion","Relic","Relic","Relic"],"build_version":"2020-12-22","purchased_purges":0,"victory":true,"max_hp_per_floor":[77,77,77,77,77,77,77,77,77,77,77,77,82,82,82,82,82,82,82,82,82,82,87,87,87,87,87,87,87,87,87,87,87,87,87,87,87,87,87,87,87,87,87,87,87,87,87,87,87,87,87,87],"card_choices":[{"not_picked":["hexamod:Firestarter","hexamod:GhostShield"],"picked":"hexamod:Hexaguard","floor":2},{"not_picked":["hexamod:SoulSteal","hexamod:HauntingEcho"],"picked":"hexamod:InspiringFlames","floor":3},{"not_picked":["hexamod:SpectralAdrenaline","hexamod:AdvancingGuard"],"picked":"hexamod:CatchUp","floor":4},{"not_picked":["hexamod:FastForward","hexamod:Incineration"],"picked":"hexamod:ShieldOfDarkness","floor":9},{"not_picked":["hexamod:NightmareGuise","hexamod:GhostLash"],"picked":"hexamod:SwordOfDarkness","floor":10},{"not_picked":["hexamod:GhostShield","hexamod:Firestarter"],"picked":"hexamod:StepThrough","floor":11},{"not_picked":["hexamod:SwordOfDarkness","hexamod:InspiringFlames"],"picked":"hexamod:BacktrackSmack","floor":12},{"not_picked":["hexamod:CrushingStance","hexamod:RecurringNightmare"],"picked":"hexamod:FourthSeal","floor":13},{"not_picked":["hexamod:HauntingEcho","hexamod:RadiantFlame"],"picked":"hexamod:GhostOfSpirePast","floor":15},{"not_picked":["hexamod:GhostflameInferno","hexamod:FifthSeal"],"picked":"hexamod:SixthSeal","floor":16},{"not_picked":["hexamod:BacktrackSmack","hexamod:StepThrough"],"picked":"hexamod:HauntingEcho+1","floor":19},{"not_picked":["hexamod:SoulSteal","hexamod:NightmareStrike"],"picked":"hexamod:AdvancingGuard","floor":20},{"not_picked":["hexamod:EmpoweringStance","hexamod:RainOfEmbers"],"picked":"hexamod:RadiantFlame+1","floor":24},{"not_picked":["hexamod:Again","Heavy Blade"],"picked":"hexamod:HeatCrush","floor":27},{"not_picked":["hexamod:GhostShield","hexamod:DynamicBlow"],"picked":"Guardian:RefractedBeam+1","floor":29},{"not_picked":["Flex","hexamod:CatchUp"],"picked":"hexamod:GhostflameBarrier+1","floor":30},{"not_picked":["Guardian:RefractedBeam","hexamod:Incineration"],"picked":"hexamod:GhostOfSpireFuture","floor":33},{"not_picked":["Twin Strike","Heavy Blade"],"picked":"Whirlwind+1","floor":34},{"not_picked":["hexamod:SixthSeal","hexamod:EmpoweringStance"],"picked":"hexamod:TimeOfNeed","floor":35},{"not_picked":["hexamod:RainOfEmbers","hexamod:Firestarter+1"],"picked":"hexamod:BurningTouch+1","floor":38},{"not_picked":["hexamod:BacktrackSmack+1","hexamod:RainOfEmbers"],"picked":"hexamod:SpectralAdrenaline","floor":39},{"not_picked":["hexamod:CatchUp","hexamod:NecessarySacrifice"],"picked":"hexamod:GhostOfSpirePast","floor":40},{"not_picked":["hexamod:RainOfEmbers+1","hexamod:Firestarter"],"picked":"hexamod:SixthSeal","floor":42},{"not_picked":["hexamod:ShieldOfDarkness+1","hexamod:DynamicBlow+1"],"picked":"hexamod:ThirdSeal","floor":44},{"not_picked":["hexamod:HeatMetal","hexamod:ChargedBarrage"],"picked":"hexamod:SkipABeat","floor":45},{"not_picked":["hexamod:Hexaguard","hexamod:PhantomFireball+1"],"picked":"hexamod:Incineration","floor":48},{"not_picked":["hexamod:GhostflameBarrier+1","hexamod:DynamicBlow+1"],"picked":"hexamod:GhostOfSpirePast","floor":50},{"not_picked":["hexamod:SwordOfDarkness","hexamod:BurningTouch"],"picked":"hexamod:ThermalTransfer+1","floor":51},{"not_picked":["hexamod:Hexaguard+1","hexamod:Haunt"],"picked":"hexamod:NightmareStrike+1","floor":51}],"player_experience":342582,"relics_obtained":[{"floor":7,"key":"Onion Ring"},{"floor":12,"key":"Art of War"},{"floor":26,"key":"aspiration:SeaSaltIceCream"},{"floor":31,"key":"Blood Vial"},{"floor":33,"key":"PreservedInsect"},{"floor":43,"key":"Replay:Rubber Ducky"},{"floor":46,"key":"Ring of Misfortune"},{"floor":46,"key":"Ring of Chaos"}],"event_choices":[{"cards_removed":["Writhe"],"damage_healed":0,"gold_gain":0,"player_choice":"Purged","damage_taken":0,"max_hp_gain":0,"max_hp_loss":0,"event_name":"Purifier","floor":41,"gold_loss":0},{"damage_healed":0,"gold_gain":0,"player_choice":"Ignored","damage_taken":0,"max_hp_gain":0,"max_hp_loss":0,"event_name":"NoteForYourself","floor":49,"gold_loss":0}],"is_beta":false,"boss_relics":[{"not_picked":["Replay:Grab Bag","hubris:CrackedHourglass"],"picked":"hubris:VirtuousBlindfold"},{"not_picked":["Cursed Key","Replay:Ancient Bell"],"picked":"hubris:Backtick"}],"items_purged_floors":[],"is_endless":false,"potions_floor_spawned":[10,11,12,13,15,19,20,27,30,33,38,39,44,48,50],"ascension_level":0}}