{"host":"yiit85oc4oi3nqs8","time":1609847681,"event":{"mods":["AchievementEnabler","BaseMod","Better Third Choice","Block Reminder","DeckTracker","Highlight Path","Keyboard Shortcuts","Minty Spire (QoL Compilation)","MonsterHotkey","Quick Restart","Random Character Button","Relic Stats","StSLib"],"gold_per_floor":[109,69,69,69,32,52,71,71,71,94,163,191,191,191,191,191,202,202,202,202,233,246,271,283,295,384,396,421,433,457,384,396,419,441,468,515,527,539,576,613,694,706,718,761,789,820,757,769,781,793,878,890,913,950,980,992,1057,1069,1081,1109,1139,1151,1188,1200,1241,1273,1285,1297,1309,1348,1360,1383,1411,1423,1435,1473,1540,1552,1564,1576],"floor_reached":81,"playtime":5021,"items_purged":[],"score":1997,"play_id":"ebc621b2-6528-4e95-8fac-10d89a123827","local_time":"20210105205441","is_ascension_mode":true,"campfire_choices":[{"data":"Footwork","floor":8.0,"key":"SMITH"},{"data":"Neutralize","floor":9.0,"key":"SMITH"},{"data":"Cloak And Dagger","floor":16.0,"key":"SMITH"},{"data":"Well Laid Plans","floor":18.0,"key":"SMITH"},{"data":"Blade Dance","floor":24.0,"key":"SMITH"},{"data":"Footwork","floor":25.0,"key":"SMITH"},{"data":"Envenom","floor":37.0,"key":"SMITH"},{"data":"Tools of the Trade","floor":38.0,"key":"SMITH"},{"floor":42.0,"key":"REST"},{"floor":43.0,"key":"REST"},{"data":"1","floor":49.0,"key":"LIFT"},{"data":"2","floor":50.0,"key":"LIFT"},{"data":"3","floor":62.0,"key":"LIFT"},{"data":"Madness","floor":64.0,"key":"SMITH"},{"data":"Bullet Time","floor":69,"key":"SMITH"},{"data":"Tactician","floor":71,"key":"SMITH"},{"data":"Madness","floor":74,"key":"SMITH"},{"data":"Catalyst","floor":75,"key":"SMITH"},{"data":"Survivor","floor":78,"key":"SMITH"},{"data":"Heel Hook","floor":79,"key":"SMITH"}],"circlet_count":0,"master_deck":["AscendersBane","Strike_G","Defend_G","Defend_G","Defend_G","Defend_G","Defend_G","Survivor+1","Neutralize+1","Footwork+1","Well Laid Plans+1","Cloak And Dagger+1","Catalyst+1","Blade Dance+1","Footwork+1","Envenom+1","Tools of the Trade+1","Heel Hook+1","Bullet Time+1","Madness+1","Madness+1","Tactician+1"],"relics":["Ring of the Snake","NeowsBlessing","Orichalcum","Shuriken","Vajra","White Beast Statue","Du-Vu Doll","Dead Branch","Kunai","Pantograph","CaptainsWheel","MawBank","Runic Pyramid","PreservedInsect","Ninja Scroll","Bird Faced Urn","Sundial","MealTicket","Mercury Hourglass","Girya","HoveringKite","Tingsha","Incense Burner","Letter Opener","Gremlin Horn","Bottled Tornado","Blue Candle","TungstenRod","Bag of Preparation","Boot"],"acts_visited":["Exordium","TheCity","TheBeyond"],"potions_floor_usage":[65,73,80],"damage_taken":[{"damage":0.0,"enemies":"Jaw Worm","floor":1.0,"turns":1.0},{"damage":0.0,"enemies":"Cultist","floor":6.0,"turns":1.0},{"damage":0.0,"enemies":"Small Slimes","floor":7.0,"turns":1.0},{"damage":7.0,"enemies":"Lagavulin","floor":12.0,"turns":11.0},{"damage":0.0,"enemies":"Looter","floor":17.0,"turns":3.0},{"damage":12.0,"enemies":"Gremlin Nob","floor":21.0,"turns":4.0},{"damage":1.0,"enemies":"Lots of Slimes","floor":22.0,"turns":5.0},{"damage":0.0,"enemies":"Lagavulin","floor":23.0,"turns":2.0},{"damage":4.0,"enemies":"The Guardian","floor":26.0,"turns":8.0},{"damage":0.0,"enemies":"Chosen","floor":28.0,"turns":5.0},{"damage":6.0,"enemies":"Spheric Guardian","floor":30.0,"turns":5.0},{"damage":3.0,"enemies":"Centurion and Healer","floor":33.0,"turns":5.0},{"damage":23.0,"enemies":"Snake Plant","floor":34.0,"turns":3.0},{"damage":0.0,"enemies":"Snecko","floor":35.0,"turns":4.0},{"damage":15.0,"enemies":"Slavers","floor":36.0,"turns":2.0},{"damage":24.0,"enemies":"Book of Stabbing","floor":39.0,"turns":6.0},{"damage":13.0,"enemies":"Slavers","floor":44.0,"turns":2.0},{"damage":0.0,"enemies":"3 Cultists","floor":45.0,"turns":4.0},{"damage":0.0,"enemies":"Sentry and Sphere","floor":46.0,"turns":1.0},{"damage":15.0,"enemies":"Collector","floor":51.0,"turns":7.0},{"damage":0.0,"enemies":"3 Shapes","floor":53.0,"turns":2.0},{"damage":0.0,"enemies":"Mind Bloom Boss Battle","floor":54.0,"turns":3.0},{"damage":0.0,"enemies":"Orb Walker","floor":55.0,"turns":2.0},{"damage":0.0,"enemies":"2 Orb Walkers","floor":57.0,"turns":3.0},{"damage":14.0,"enemies":"4 Shapes","floor":60.0,"turns":1.0},{"damage":0.0,"enemies":"Sphere and 2 Shapes","floor":61.0,"turns":3.0},{"damage":8.0,"enemies":"Reptomancer","floor":63.0,"turns":7.0},{"damage":3,"enemies":"Giant Head","floor":65,"turns":6},{"damage":0,"enemies":"Transient","floor":66,"turns":6},{"damage":9,"enemies":"Nemesis","floor":70,"turns":3},{"damage":0,"enemies":"Writhing Mass","floor":72,"turns":3},{"damage":0,"enemies":"3 Darklings","floor":73,"turns":3},{"damage":24,"enemies":"Donu and Deca","floor":80,"turns":5}],"seed_played":"-8504612670758041806","potions_obtained":[{"floor":1.0,"key":"Swift Potion"},{"floor":6.0,"key":"SpeedPotion"},{"floor":17.0,"key":"SpeedPotion"},{"floor":21.0,"key":"Weak Potion"},{"floor":22.0,"key":"Poison Potion"},{"floor":23.0,"key":"DistilledChaos"},{"floor":26.0,"key":"Dexterity Potion"},{"floor":30.0,"key":"AttackPotion"},{"floor":33.0,"key":"Strength Potion"},{"floor":34.0,"key":"Swift Potion"},{"floor":35.0,"key":"ColorlessPotion"},{"floor":36.0,"key":"Regen Potion"},{"floor":44.0,"key":"Poison Potion"},{"floor":45.0,"key":"Dexterity Potion"},{"floor":46.0,"key":"Dexterity Potion"},{"floor":51.0,"key":"CunningPotion"},{"floor":53.0,"key":"SteroidPotion"},{"floor":57.0,"key":"PowerPotion"},{"floor":60.0,"key":"BlessingOfTheForge"},{"floor":63.0,"key":"Energy Potion"},{"floor":65,"key":"FearPotion"},{"floor":73,"key":"Fruit Juice"}],"is_trial":false,"path_per_floor":["M","$","$","?","$","M","M","R","R","T","?","E","T","T","T","R","M","R","T","?","E","M","E","R","R","B",null,"M","?","M","?","?","M","M","M","E","R","R","E","T","T","R","R","E","M","M","?","?","R","R","B",null,"M","?","M","?","?","?","?","M","M","R","E","R","E","M","T","T","R","E","R","M","M","R","R","T","?","R","R","B",null],"character_chosen":"THE_SILENT","items_purchased":["Footwork","Well Laid Plans"],"campfire_rested":2,"item_purchase_floors":[2,5],"current_hp_per_floor":[59,59,59,59,59,59,59,59,59,59,59,52,52,52,52,52,52,52,52,52,40,39,39,39,39,60,65,65,65,59,59,59,56,33,33,18,18,18,6,6,6,25,44,40,56,56,56,66,66,66,51,62,66,66,66,66,66,54,54,44,50,50,50,50,63,66,66,66,66,63,63,66,71,71,71,71,71,71,71,59],"gold":1588,"neow_bonus":"THREE_ENEMY_KILL","is_daily":false,"chose_seed":false,"campfire_upgraded":15,"win_rate":0.0,"timestamp":1609847681,"path_taken":["M","$","$","?","?","M","?","R","R","?","?","E","T","T","T","R","M","R","?","?","E","M","E","R","R","BOSS","M","?","M","?","?","?","M","M","E","R","R","E","T","T","R","R","E","M","M","?","?","R","R","BOSS","M","?","M","?","?","?","?","?","M","R","E","R","E","M","T","T","R","E","R","M","M","R","R","?","?","R","R","BOSS"],"items_purchased_type":["Card","Card"],"build_version":"2020-12-22","purchased_purges":0,"victory":true,"max_hp_per_floor":[66,66,66,66,66,66,66,66,66,66,66,66,66,66,66,66,66,66,66,66,66,66,66,66,66,66,66,66,66,66,66,66,66,66,66,66,66,66,66,66,66,66,66,66,66,66,66,66,66,66,66,66,66,66,66,66,66,66,66,66,66,66,66,66,66,66,66,66,66,66,66,66,71,71,71,71,71,71,71,71],"relic_stats":{"Gremlin Horn":[2,3],"counters":[33,127],"Dead Branch":[332],"Blue Candle":[0],"HoveringKite":[27],"Tingsha":[122],"PreservedInsect":365,"Bag of Preparation":[0],"Letter Opener":[135],"Orichalcum":[96],"MawBank":696,"Boot":[0],"Mercury Hourglass":[301],"Shuriken":[106],"Sundial":[2],"Pantograph":25,"Bird Faced Urn":[94],"MealTicket":0,"Kunai":[101],"obtain_stats":[{"Gremlin Horn":65,"Vajra":12,"HoveringKite":52,"Incense Burner":57,"Bag of Preparation":76,"Bottled Tornado":67,"Boot":77,"Ninja Scroll":32,"Sundial":39,"Pantograph":20,"MealTicket":40,"Kunai":19,"Ring of the Snake":0,"Runic Pyramid":27,"Girya":44,"NeowsBlessing":0,"Dead Branch":15,"Blue Candle":68,"Tingsha":54,"PreservedInsect":31,"Letter Opener":63,"Orichalcum":10,"MawBank":23,"White Beast Statue":13,"Mercury Hourglass":41,"Du-Vu Doll":14,"CaptainsWheel":21,"Shuriken":11,"Bird Faced Urn":36,"TungstenRod":70},{"Gremlin Horn":28,"Vajra":4,"HoveringKite":20,"Incense Burner":24,"Bag of Preparation":32,"Bottled Tornado":29,"Boot":32,"Ninja Scroll":11,"Sundial":16,"Pantograph":5,"MealTicket":16,"Kunai":5,"Ring of the Snake":0,"Runic Pyramid":9,"Girya":17,"NeowsBlessing":0,"Dead Branch":4,"Blue Candle":29,"Tingsha":22,"PreservedInsect":11,"Letter Opener":27,"Orichalcum":3,"MawBank":8,"White Beast Statue":4,"Mercury Hourglass":16,"Du-Vu Doll":4,"CaptainsWheel":6,"Shuriken":3,"Bird Faced Urn":15,"TungstenRod":30},{"Gremlin Horn":107,"Vajra":14,"HoveringKite":80,"Incense Burner":90,"Bag of Preparation":122,"Bottled Tornado":113,"Boot":122,"Ninja Scroll":46,"Sundial":66,"Pantograph":17,"MealTicket":66,"Kunai":17,"Ring of the Snake":0,"Runic Pyramid":36,"Girya":68,"NeowsBlessing":0,"Dead Branch":14,"Blue Candle":113,"Tingsha":85,"PreservedInsect":46,"Letter Opener":101,"Orichalcum":3,"MawBank":28,"White Beast Statue":14,"Mercury Hourglass":66,"Du-Vu Doll":14,"CaptainsWheel":21,"Shuriken":3,"Bird Faced Urn":60,"TungstenRod":116}],"TungstenRod":3,"Ring of the Snake":[66]},"card_choices":[{"not_picked":["Predator","Crippling Poison","Bane"],"picked":"SKIP","floor":1.0},{"not_picked":["Underhanded Strike","Crippling Poison"],"picked":"Cloak And Dagger","floor":6.0},{"not_picked":["Expertise","Masterful Stab"],"picked":"Catalyst","floor":7.0},{"not_picked":["Calculated Gamble","Distraction","Slice"],"picked":"SKIP","floor":12.0},{"not_picked":["Riddle With Holes","Slice","Bane"],"picked":"SKIP","floor":17.0},{"not_picked":["Cloak And Dagger","Choke"],"picked":"Blade Dance","floor":21.0},{"not_picked":["Quick Slash","Dodge and Roll"],"picked":"Footwork","floor":22.0},{"not_picked":["Acrobatics","Flying Knee","Deflect"],"picked":"SKIP","floor":23.0},{"not_picked":["Grand Finale","Night Terror"],"picked":"Envenom","floor":26.0},{"not_picked":["Calculated Gamble","Expertise","Acrobatics+1"],"picked":"SKIP","floor":28.0},{"not_picked":["Deadly Poison","Outmaneuver","Flying Knee+1"],"picked":"SKIP","floor":30.0},{"not_picked":["Calculated Gamble","Cloak And Dagger","Dagger Throw"],"picked":"SKIP","floor":33.0},{"not_picked":["Deadly Poison","Underhanded Strike","Prepared"],"picked":"SKIP","floor":34.0},{"not_picked":["Adrenaline","Quick Slash","Distraction+1"],"picked":"SKIP","floor":35.0},{"not_picked":["Crippling Poison+1","Finisher","Concentrate"],"picked":"SKIP","floor":36.0},{"not_picked":["Heel Hook","Dagger Spray","Escape Plan"],"picked":"SKIP","floor":39.0},{"not_picked":["Deflect","Quick Slash","Dagger Throw"],"picked":"SKIP","floor":44.0},{"not_picked":["Catalyst","Eviscerate","Dodge and Roll"],"picked":"SKIP","floor":45.0},{"not_picked":["All Out Attack","Backflip","Blade Dance+1"],"picked":"SKIP","floor":46.0},{"not_picked":["Phantasmal Killer","Grand Finale"],"picked":"Bullet Time","floor":51.0},{"not_picked":["Deflect","Blade Dance","Escape Plan+1"],"picked":"SKIP","floor":53.0},{"not_picked":["Well Laid Plans","Quick Slash+1","Distraction"],"picked":"SKIP","floor":55.0},{"not_picked":["Finisher","Dagger Spray","Slice"],"picked":"SKIP","floor":60.0},{"not_picked":["Outmaneuver","Dagger Throw+1","Prepared"],"picked":"SKIP","floor":61.0},{"not_picked":["Bane","Endless Agony+1","Setup"],"picked":"SKIP","floor":63.0},{"not_picked":["Phantasmal Killer","Acrobatics+1","Bane"],"picked":"SKIP","floor":65},{"not_picked":["Well Laid Plans","Backflip+1","Blade Dance"],"picked":"SKIP","floor":66},{"not_picked":["Dash","Flying Knee+1"],"picked":"Tactician","floor":70},{"not_picked":["Blade Dance","Backstab+1","Deadly Poison"],"picked":"SKIP","floor":72},{"not_picked":["PiercingWail+1","Deadly Poison+1","Night Terror"],"picked":"SKIP","floor":73}],"player_experience":455001,"relics_obtained":[{"floor":10.0,"key":"Orichalcum"},{"floor":11.0,"key":"Shuriken"},{"floor":12.0,"key":"Vajra"},{"floor":13.0,"key":"White Beast Statue"},{"floor":14.0,"key":"Du-Vu Doll"},{"floor":15.0,"key":"Dead Branch"},{"floor":19.0,"key":"Kunai"},{"floor":20.0,"key":"Pantograph"},{"floor":21.0,"key":"CaptainsWheel"},{"floor":23.0,"key":"MawBank"},{"floor":36.0,"key":"Bird Faced Urn"},{"floor":39.0,"key":"Sundial"},{"floor":40.0,"key":"MealTicket"},{"floor":41.0,"key":"Mercury Hourglass"},{"floor":44.0,"key":"Girya"},{"floor":54.0,"key":"Tingsha"},{"floor":57.0,"key":"Incense Burner"},{"floor":63.0,"key":"Letter Opener"},{"floor":65,"key":"Gremlin Horn"},{"floor":67,"key":"Bottled Tornado"},{"floor":68,"key":"Blue Candle"},{"floor":70,"key":"TungstenRod"},{"floor":76,"key":"Bag of Preparation"},{"floor":77,"key":"Boot"}],"event_choices":[{"cards_removed":["Strike_G"],"damage_healed":0.0,"max_hp_gain":0.0,"max_hp_loss":0.0,"gold_gain":0.0,"event_name":"Purifier","player_choice":"Purged","floor":4.0,"gold_loss":0.0,"damage_taken":0.0},{"damage_healed":0.0,"max_hp_gain":0.0,"max_hp_loss":0.0,"gold_gain":0.0,"cards_transformed":["Strike_G","Strike_G"],"event_name":"Drug Dealer","player_choice":"Became Test Subject","floor":29.0,"gold_loss":0.0,"damage_taken":0.0,"cards_obtained":["Tools of the Trade","Heel Hook"]},{"damage_healed":0.0,"max_hp_gain":0.0,"max_hp_loss":0.0,"gold_gain":0.0,"event_name":"Addict","player_choice":"Obtained Relic","floor":31.0,"gold_loss":85.0,"damage_taken":0.0,"relics_obtained":["PreservedInsect"]},{"damage_healed":0.0,"max_hp_gain":0.0,"max_hp_loss":0.0,"gold_gain":0.0,"event_name":"WeMeetAgain","player_choice":"Gave Potion","floor":32.0,"gold_loss":0.0,"damage_taken":0.0,"relics_obtained":["Ninja Scroll"]},{"cards_removed":["Strike_G"],"damage_healed":0.0,"max_hp_gain":0.0,"max_hp_loss":0.0,"gold_gain":0.0,"event_name":"Beggar","player_choice":"Gave Gold","floor":47.0,"gold_loss":75.0,"damage_taken":0.0},{"damage_healed":13.0,"max_hp_gain":0.0,"max_hp_loss":0.0,"gold_gain":0.0,"event_name":"The Library","player_choice":"Heal","floor":48.0,"gold_loss":0.0,"damage_taken":0.0},{"damage_healed":0.0,"max_hp_gain":0.0,"max_hp_loss":0.0,"gold_gain":0.0,"event_name":"MindBloom","player_choice":"Fight","floor":54.0,"gold_loss":0.0,"damage_taken":0.0},{"damage_healed":0.0,"max_hp_gain":0.0,"max_hp_loss":0.0,"gold_gain":0.0,"event_name":"SensoryStone","player_choice":"Memory 1","floor":56.0,"gold_loss":0.0,"damage_taken":0.0},{"damage_healed":0.0,"max_hp_gain":0.0,"max_hp_loss":0.0,"gold_gain":0.0,"event_name":"Mysterious Sphere","player_choice":"Fight","floor":57.0,"gold_loss":0.0,"damage_taken":0.0},{"damage_healed":0.0,"max_hp_gain":0.0,"max_hp_loss":0.0,"gold_gain":0.0,"event_name":"Winding Halls","player_choice":"Embrace Madness","floor":58.0,"gold_loss":0.0,"damage_taken":12.0,"cards_obtained":["Madness","Madness"]},{"damage_healed":0.0,"max_hp_gain":0.0,"max_hp_loss":0.0,"gold_gain":0.0,"event_name":"Tomb of Lord Red Mask","player_choice":"Ignored","floor":59.0,"gold_loss":0.0,"damage_taken":0.0}],"is_beta":false,"boss_relics":[{"not_picked":["Pandora\u0027s Box","Ectoplasm"],"picked":"Runic Pyramid"},{"not_picked":["WristBlade","Snecko Eye"],"picked":"HoveringKite"}],"items_purged_floors":[],"is_endless":false,"potions_floor_spawned":[1,6,17,21,22,23,26,28,30,33,34,35,36,39,44,45,46,51,53,54,55,57,60,61,63,65,66,70,72,73],"ascension_level":19}}