{"host":"1fn5ivlym87f4xjq","time":1609868887,"event":{"mods":["BaseMod","BetterRewards","Colored Powertips","Minty Spire (QoL Compilation)","Shop Mod","StSLib","The Animator","The Exalted","The Forsaken","The Hierophant"],"gold_per_floor":[10000113,10000113,10000388,9999716,9999726,9999758,9999300,9999300,9999300,9999300,9999335,9999335,9999335,9999357,9999357,9999492,9999492,9999517,9999517,9998392,9998392,9998447,9998492,9998516,9998555,9998855,9978392,9978392,9978426,9978426,9978455,9978455,9978584,9978584,9978628,9978429,9978429,9978446,9978521,9978521,9978521,9978370,9978370,9978592,9978430,9978430,9978465,9978465,9978465,9978473,9978473,9978473,999,1057,1144,1144,994,74,161,253,253,214,317,317,137,137,268,268,272],"floor_reached":70,"playtime":6428,"items_purged":["Regret","animator:Strike","Injury","theForsaken:PlagueCurse","Shame","animator:GazelDwargon+1"],"score":1411,"play_id":"c4229f2d-869e-43cc-84d9-e16d6f85af35","local_time":"20210105184807","is_ascension_mode":false,"campfire_choices":[{"floor":8,"key":"RECALL"},{"data":"animator:Urushihara","floor":10,"key":"SMITH"},{"data":"animator:Demiurge","floor":13,"key":"SMITH"},{"data":"animator:Cocytus","floor":15,"key":"SMITH"},{"data":"animator:Ainz","floor":32,"key":"SMITH"},{"data":"animator:FielNirvalen","floor":40,"key":"SMITH"},{"data":"animator:Strike","floor":46,"key":"PURGE"},{"data":"animator:Defend","floor":49,"key":"PURGE"},{"data":"animator:Defend","floor":52,"key":"PURGE"},{"data":"animator:ChlammyZell","floor":68,"key":"SMITH"}],"circlet_count":0,"master_deck":["animator:Strike_Overlord+1","animator:Defend_Overlord+1","animator:Strike+1","animator:Defend+1","animator:Cocytus+1","animator:Demiurge+1","animator:DwarfShaman+1","animator:Cocytus+1","animator:Urushihara+1","animator:Priestess+1","animator:Sebas+1","animator:GuildGirl+1","animator:Entoma+14","animator:Vanir+1","animator:Ainz+1","animator:Millim+8","animator:GuildGirl+1","animator:PandorasActor+1","animator:Cocytus+1","animator:Shuna+1","animator:FielNirvalen+1","animator:Sebas+1","animator:Demiurge+1","animator:Boros+1","animator:Boros+1","animator:NarberalGamma+1","animator:Demiurge+1","animator:MetalKnight+1","animator:Tatsumaki+1","animator:FielNirvalen+1","animator:PandorasActor+1","animator:Saitama+1","animator:Jibril+1","animator:Cocytus+1","animator:Evileye+1","animator:ChlammyZell+1"],"relics":["animator:TheEgnaroPiece","animator:AncientMedallion"],"acts_visited":["Exordium","TheCity","TheBeyond","TheEnding","EYB:TheUnnamedReign"],"potions_floor_usage":[6,16,22,24,25,27,27,33,55,63,63,63,67],"damage_taken":[{"damage":15,"enemies":"Small Slimes","floor":1,"turns":3},{"damage":10,"enemies":"Jaw Worm","floor":5,"turns":3},{"damage":12,"enemies":"3 Sentries","floor":6,"turns":3},{"damage":0,"enemies":"Cultist","floor":11,"turns":3},{"damage":3,"enemies":"Looter","floor":14,"turns":2},{"damage":13,"enemies":"Hexaghost","floor":16,"turns":5},{"damage":3,"enemies":"3 Byrds","floor":18,"turns":3},{"damage":14,"enemies":"Masked Bandits","floor":22,"turns":4},{"damage":33,"enemies":"Gremlin Leader","floor":23,"turns":5},{"damage":0,"enemies":"Chosen","floor":24,"turns":1},{"damage":30,"enemies":"Book of Stabbing","floor":25,"turns":4},{"damage":0,"enemies":"Slavers","floor":29,"turns":3},{"damage":0,"enemies":"Snake Plant","floor":31,"turns":1},{"damage":0,"enemies":"Automaton","floor":33,"turns":2},{"damage":0,"enemies":"3 Darklings","floor":35,"turns":2},{"damage":0,"enemies":"Orb Walker","floor":38,"turns":2},{"damage":0,"enemies":"Mind Bloom Boss Battle","floor":39,"turns":2},{"damage":0,"enemies":"Reptomancer","floor":47,"turns":2},{"damage":0,"enemies":"Donu and Deca","floor":50,"turns":1},{"damage":122,"enemies":"animator:TRIPLE_SHAPES_WEAK","floor":54,"turns":8},{"damage":43,"enemies":"animator:UNNAMED_HAT","floor":55,"turns":9},{"damage":130,"enemies":"animator:UNNAMED_CULTIST_2","floor":59,"turns":12},{"damage":95,"enemies":"animator:TRIPLE_LAGAVULIN","floor":60,"turns":7},{"damage":210,"enemies":"animator:ULTIMATE_CRYSTAL","floor":63,"turns":13},{"damage":273,"enemies":"animator:ULTIMATE_WISP","floor":67,"turns":11}],"seed_played":"3164010697501589600","potions_obtained":[{"floor":6,"key":"DuplicationPotion"},{"floor":23,"key":"SmokeBomb"},{"floor":25,"key":"Weak Potion"},{"floor":33,"key":"Strength Potion"},{"floor":47,"key":"BlessingOfTheForge"},{"floor":54,"key":"animator:FalseLifePotion"},{"floor":55,"key":"animator:FalseLifePotion"},{"floor":63,"key":"animator:FalseLifePotion"},{"floor":67,"key":"animator:FalseLifePotion"}],"is_trial":false,"path_per_floor":["M","?","?","$","M","E","$","R","T","R","M","?","R","M","R","B",null,"M","?","$","?","?","E","M","E","T","$","?","E","?","M","R","B",null,"M","$","?","M","?","R","?","$","T","?","$","R","E","?","R","B",null,"R","??","M","M","T","?","$","M","M","?","$","E","T","?","$","E","R","B",null],"character_chosen":"THE_ANIMATOR","items_purchased":["MerchantsRug","Frozen Eye","animator:Urushihara","animator:GrowthPotion","CultistPotion","theForsaken:HumbleEgg","animator:Sebas","animator:GuildGirl","TungstenRod","Brimstone","animator:GuildGirl","animator:PandorasActor+1","animator:Cocytus+1","animator:Shuna+1","Bottled Lightning","Fire Potion","Energy Potion","Boot","Gremlin Horn","animator:BattleDrones","Juzu Bracelet","Red Skull","Letter Opener","Bromod:ArcaneVictory","Centennial Puzzle","Bromod:ArcaneAwakening","Frozen Egg 2","Paper Crane","Bag of Marbles","Orichalcum","Ancient Tea Set","FossilizedHelix","Blood Vial","Sundial","Oddly Smooth Stone","theForsaken:Gavel","animator:WornHelmet","HornCleat","Ice Cream","Nunchaku","Toy Ornithopter","Bromod:ArcaneAegis","Akabeko","Bromod:ArcaneConsequence","Dead Branch","CloakClasp","Singing Bowl","Happy Flower","DataDisk","Darkstone Periapt","Shuriken","Bronze Scales","Gambling Chip","Bromod:ArcaneFury","Molten Egg 2","Bromod:ArcaneTrickery","animator:OldCoffin","WingedGreaves","Pear","Potion Belt","Anchor","MealTicket","Bromod:ArcaneGuardian","Vajra","Ornamental Fan","Regal Pillow","Thread and Needle","Bird Faced Urn","Incense Burner","theForsaken:Lifeblossom","Peace Pipe","Toxic Egg 2","PreservedInsect","Bag of Preparation","Dream Catcher","Bromod:ArcaneUltimatum","White Beast Statue","theForsaken:ScaryMask","Mango","Fruit Juice","Mummified Hand","Pantograph","Unceasing Top","Matryoshka","Lantern","Blue Candle","Bromod:ArcaneNullifier","Champion Belt","animator:Buoy","Bromod:ArcaneTempo","Whetstone","Bromod:ArcanePistoleer","War Paint","Mercury Hourglass","Bromod:ArcaneDeflection","Eternal Feather","animator:Sebas+1","animator:Demiurge+1","InkBottle","Charon\u0027s Ashes","animator:HeavyHalberd","Torii","Ginger","animator:EngravedStaff","animator:AlchemistGlove","Lizard Tail","DuplicationPotion","Regen Potion","EntropicBrew","CultistPotion","Swift Potion","LiquidBronze","BlessingOfTheForge","Bromod:ArcaneAvenger","animator:WizardHat","StoneCalendar","Girya","Calipers","theForsaken:Kindling","Circlet","Circlet","Circlet","Circlet","Circlet","Circlet","Circlet","Circlet","Bottled Tornado","Bottled Flame","animator:GazelDwargon+1","Membership Card","Runic Capacitor","Lee\u0027s Waffle","animator:AncientMedallion","animator:AncientMedallion","animator:AncientMedallion","animator:FalseLifePotion","animator:FalseLifePotion","animator:Evileye"],"campfire_rested":0,"item_purchase_floors":[4,4,4,4,4,7,7,7,20,20,20,20,20,20,20,20,20,27,27,27,27,27,27,27,27,27,27,27,27,27,27,27,27,27,27,27,27,27,27,27,27,27,27,27,27,27,27,27,27,27,27,27,27,27,27,27,27,27,27,27,27,27,27,27,27,27,27,27,27,27,27,27,27,27,27,27,27,27,27,27,27,27,27,27,27,27,27,27,27,27,27,27,27,27,27,27,27,27,27,27,27,27,27,27,27,27,27,27,27,27,27,27,27,27,27,27,27,27,27,27,27,27,27,27,27,27,27,27,27,27,36,42,45,58,58,58,58,58,62],"current_hp_per_floor":[51,39,39,39,29,17,17,17,17,17,17,17,17,14,14,3,67,64,48,48,48,34,34,36,13,13,57,63,74,74,89,107,120,120,120,120,120,120,120,120,120,120,120,120,127,127,127,129,129,129,129,129,98,9999,9999,9999,9999,9999,9999,9999,9999,9999,9999,9999,9999,9999,9999,9999,9999],"gold":272,"neow_bonus":"THREE_CARDS","is_daily":false,"chose_seed":false,"campfire_upgraded":6,"win_rate":0.0,"timestamp":1609868887,"path_taken":["M","?","?","$","?","E","$","R","T","R","M","?","R","M","R","BOSS","M","?","$","?","?","E","?","E","T","$","?","E","?","M","R","BOSS","M","$","?","M","?","R","?","?","T","?","$","R","E","?","R","BOSS","R","??","M","M","T","?","$","M","M","?","$","E","T","?","$","E","R","BOSS"],"items_purchased_type":["Relic","Relic","Card","Potion","Potion","Relic","Card","Card","Relic","Relic","Card","Card","Card","Card","Relic","Potion","Potion","Relic","Relic","Relic","Relic","Relic","Relic","Relic","Relic","Relic","Relic","Relic","Relic","Relic","Relic","Relic","Relic","Relic","Relic","Relic","Relic","Relic","Relic","Relic","Relic","Relic","Relic","Relic","Relic","Relic","Relic","Relic","Relic","Relic","Relic","Relic","Relic","Relic","Relic","Relic","Relic","Relic","Relic","Relic","Relic","Relic","Relic","Relic","Relic","Relic","Relic","Relic","Relic","Relic","Relic","Relic","Relic","Relic","Relic","Relic","Relic","Relic","Relic","Potion","Relic","Relic","Relic","Relic","Relic","Relic","Relic","Relic","Relic","Relic","Relic","Relic","Relic","Relic","Relic","Relic","Card","Card","Relic","Relic","Relic","Relic","Relic","Relic","Relic","Relic","Potion","Potion","Potion","Potion","Potion","Potion","Potion","Relic","Relic","Relic","Relic","Relic","Relic","Potion","Potion","Potion","Potion","Potion","Potion","Potion","Potion","Relic","Relic","Card","Relic","Relic","Relic","Relic","Relic","Relic","Potion","Potion","Card"],"build_version":"2020-12-22","purchased_purges":6,"victory":true,"max_hp_per_floor":[66,66,66,66,66,66,66,66,66,66,66,66,66,66,66,67,67,67,67,67,67,67,67,69,76,76,110,116,116,116,118,118,120,120,120,120,120,120,120,120,120,120,120,120,127,127,127,129,129,129,129,129,98,98,98,98,98,98,101,101,101,101,101,101,101,101,101,101,101],"card_choices":[{"not_picked":["animator:Shigure","animator:SilverFang"],"picked":"animator:DwarfShaman","floor":0},{"not_picked":["animator:FielNirvalen","animator:Genos"],"picked":"animator:Cocytus","floor":1},{"not_picked":["animator:Kazuma","animator:Vanir","animator:ChlammyZell"],"picked":"SKIP","floor":5},{"not_picked":["animator:DolaCouronne","animator:Spearman"],"picked":"animator:Priestess","floor":6},{"not_picked":["animator:NarberalGamma","animator:Sebas"],"picked":"animator:Entoma+1","floor":11},{"not_picked":["animator:YunYun","animator:DolaRiku+1"],"picked":"animator:Vanir+1","floor":14},{"not_picked":["animator:Eris","animator:Saitama"],"picked":"animator:Ainz","floor":16},{"not_picked":["animator:SilverFang+1","animator:Verdia+1"],"picked":"animator:Millim+1","floor":18},{"not_picked":["animator:Hakurou+1","animator:Melzalgald","animator:Mitsuba+1"],"picked":"animator:FielNirvalen","floor":22},{"not_picked":["animator:SilverFang+1","animator:FeridBathory","animator:Shinoa+1"],"picked":"animator:Millim+1","floor":23},{"not_picked":["animator:Evileye","animator:Demiurge+1","animator:NarberalGamma"],"picked":"animator:Entoma+1","floor":24},{"not_picked":["animator:DolaSchwi+1","animator:Darkness","animator:FielNirvalen","animator:Tet"],"picked":"SKIP","floor":25},{"not_picked":["animator:Mitsuba+1","animator:LizardPriest+1","animator:HighElfArcher+1"],"picked":"animator:Boros+1","floor":29},{"not_picked":["animator:Kazuma+1","animator:Spearman+1","animator:LizardPriest+1","animator:Aqua+1"],"picked":"Singing Bowl","floor":31},{"not_picked":["animator:Albedo+1","animator:Saitama+1","animator:FeridBathory+1"],"picked":"animator:Boros+1","floor":33},{"not_picked":["animator:Cocytus+1","animator:Entoma+1","animator:Sebas+1"],"picked":"animator:NarberalGamma+1","floor":35},{"not_picked":["animator:DwarfShaman+1","animator:Genos+1","animator:Spearman+1"],"picked":"animator:Demiurge+1","floor":38},{"not_picked":["animator:Aqua+1","animator:DolaCouronne+1","animator:Shigure+1"],"picked":"animator:MetalKnight+1","floor":39},{"not_picked":["animator:Kazuma+1","animator:GoblinSlayer+1","animator:MumenRider+1"],"picked":"animator:Tatsumaki+1","floor":47},{"not_picked":["animator:LimeBell+1","animator:IchigoKurosaki+1","animator:HarukoHaruhara+1","animator:Urushihara+1"],"picked":"Singing Bowl","floor":48},{"not_picked":["animator:Benimaru","animator:MumenRider"],"picked":"animator:FielNirvalen","floor":54},{"not_picked":["animator:DolaRiku","animator:Spearman"],"picked":"animator:PandorasActor+1","floor":55},{"not_picked":["animator:Wiz+1","animator:Boros+1"],"picked":"animator:Saitama+1","floor":57},{"not_picked":["animator:Yoichi","animator:Benimaru"],"picked":"animator:Jibril+1","floor":59},{"not_picked":["animator:Priestess","animator:Genos+1"],"picked":"animator:Cocytus+1","floor":60},{"not_picked":["animator:GuildGirl","animator:Tatsumaki","animator:MetalKnight"],"picked":"SKIP","floor":63},{"not_picked":["animator:Shigure","animator:Mitsurugi"],"picked":"animator:ChlammyZell","floor":67}],"player_experience":108859,"relics_obtained":[{"floor":6,"key":"Paper Frog"},{"floor":19,"key":"Necronomicon"},{"floor":22,"key":"Circlet"},{"floor":23,"key":"animator:ShionDessert"},{"floor":25,"key":"Strawberry"},{"floor":25,"key":"CaptainsWheel"},{"floor":26,"key":"Old Coin"},{"floor":29,"key":"Circlet"},{"floor":29,"key":"Circlet"},{"floor":39,"key":"Circlet"},{"floor":43,"key":"Circlet"},{"floor":43,"key":"Circlet"},{"floor":47,"key":"Circlet"},{"floor":47,"key":"Circlet"},{"floor":53,"key":"animator:TheEgnaroPiece"},{"floor":53,"key":"animator:AncientMedallion"},{"floor":56,"key":"animator:AncientMedallion"},{"floor":63,"key":"animator:AncientMedallion"},{"floor":64,"key":"animator:AncientMedallion"},{"floor":65,"key":"animator:AncientMedallion"},{"floor":67,"key":"animator:AncientMedallion"}],"event_choices":[{"damage_healed":0,"gold_gain":0,"player_choice":"Success","damage_taken":12,"relics_obtained":["Bromod:ArcaneMomentum"],"max_hp_gain":0,"max_hp_loss":0,"event_name":"Scrap Ooze","floor":2,"gold_loss":0},{"damage_healed":0,"gold_gain":275,"player_choice":"Desecrate","damage_taken":0,"max_hp_gain":0,"max_hp_loss":0,"event_name":"Golden Shrine","floor":3,"gold_loss":0,"cards_obtained":["Regret"]},{"damage_healed":0,"gold_gain":0,"player_choice":"Take Wound","damage_taken":0,"relics_obtained":["Golden Idol"],"max_hp_gain":0,"max_hp_loss":0,"event_name":"Golden Idol","floor":12,"gold_loss":0,"cards_obtained":["Injury"]},{"damage_healed":0,"gold_gain":0,"player_choice":"Obtained Book","damage_taken":16,"max_hp_gain":0,"max_hp_loss":0,"event_name":"Cursed Tome","floor":19,"gold_loss":0},{"damage_healed":0,"gold_gain":0,"player_choice":"Stole Relic","damage_taken":0,"relics_obtained":["Question Card"],"max_hp_gain":0,"max_hp_loss":0,"event_name":"Addict","floor":21,"gold_loss":0,"cards_obtained":["Shame"]},{"damage_healed":0,"gold_gain":0,"player_choice":"Fought Bandits","damage_taken":0,"max_hp_gain":0,"max_hp_loss":0,"event_name":"Masked Bandits","floor":22,"gold_loss":0},{"damage_healed":0,"gold_gain":0,"player_choice":"Obtain Plague Curse","damage_taken":0,"max_hp_gain":0,"max_hp_loss":0,"event_name":"Plague Doctor","floor":28,"gold_loss":0,"cards_obtained":["theForsaken:PlagueCurse"]},{"damage_healed":0,"gold_gain":0,"player_choice":"Upgraded","damage_taken":0,"max_hp_gain":0,"max_hp_loss":0,"event_name":"Upgrade Shrine","floor":30,"gold_loss":0,"cards_upgraded":["animator:GuildGirl"]},{"damage_healed":0,"gold_gain":0,"player_choice":"Upgraded","damage_taken":0,"max_hp_gain":0,"max_hp_loss":0,"event_name":"Upgrade Shrine","floor":37,"gold_loss":0,"cards_upgraded":["animator:GuildGirl"]},{"damage_healed":0,"gold_gain":0,"player_choice":"Fight","damage_taken":0,"max_hp_gain":0,"max_hp_loss":0,"event_name":"MindBloom","floor":39,"gold_loss":0},{"damage_healed":0,"gold_gain":0,"player_choice":"Gave Potion","damage_taken":0,"relics_obtained":["Circlet"],"max_hp_gain":0,"max_hp_loss":0,"event_name":"WeMeetAgain","floor":41,"gold_loss":0},{"damage_healed":0,"gold_gain":222,"player_choice":"Wore Mask","damage_taken":0,"max_hp_gain":0,"max_hp_loss":0,"event_name":"Tomb of Lord Red Mask","floor":44,"gold_loss":0},{"damage_healed":0,"gold_gain":0,"player_choice":"Memory 1","damage_taken":0,"max_hp_gain":0,"max_hp_loss":0,"event_name":"SensoryStone","floor":48,"gold_loss":0}],"is_beta":false,"boss_relics":[{"not_picked":["Bromod:ArcaneEnergize","Velvet Choker"],"picked":"SacredBark"},{"not_picked":["Empty Cage","Philosopher\u0027s Stone"],"picked":"theForsaken:PaleLantern"}],"items_purged_floors":[4,7,20,36,42,45],"is_endless":false,"potions_floor_spawned":[6,23,25,29,31,33,35,38,39,47,60],"ascension_level":0}}