{"host":"vsdszi3rnxsdp24p","time":1609874627,"event":{"mods":["AchievementEnabler","BaseMod","Bestiary","Colored Map","Colored Powertips","Curses Come First","DeckTracker","Hermit","Highlight Path","Ironclad Rager","Minty Spire (QoL Compilation)","Quick Restart","Relic Sorter","Relic Stats","StSLib","SuperFastMode","Synergy Search","The Cursed","The Mystic"],"gold_per_floor":[116,116,131,146,162,162,162,175,224,244,244,263,263,36,36,36,36],"floor_reached":16,"playtime":648,"items_purged":[],"score":94,"play_id":"aa47ee31-2f09-4bed-a064-16cf1ccb3da8","local_time":"20210105202347","is_ascension_mode":false,"campfire_choices":[{"data":"Catalyst","floor":6,"key":"SMITH"},{"data":"Crippling Poison","floor":11,"key":"SMITH"},{"floor":15,"key":"REST"}],"circlet_count":0,"master_deck":["Survivor","Neutralize","ICR:VenomStrike","ICR:VenomStrike","ICR:VenomStrike","ICR:VenomStrike","ICR:VenomStrike","ICR:Dodge","ICR:Dodge","ICR:Dodge","ICR:Dodge","ICR:Dodge","Outmaneuver+1","Crippling Poison+1","Catalyst+1","Deadly Poison","Outmaneuver","Blade Dance","Bullet Time","Backflip","Backstab"],"relics":["Ring of the Snake","Strawberry","Sundial"],"acts_visited":["Exordium"],"potions_floor_usage":[8,10,16],"damage_taken":[{"damage":8,"enemies":"Jaw Worm","floor":1,"turns":5},{"damage":4,"enemies":"Cultist","floor":3,"turns":5},{"damage":2,"enemies":"Small Slimes","floor":4,"turns":4},{"damage":32,"enemies":"Exordium Thugs","floor":5,"turns":5},{"damage":0,"enemies":"Exordium Wildlife","floor":8,"turns":6},{"damage":0,"enemies":"3 Louse","floor":10,"turns":1},{"damage":8,"enemies":"Exordium Thugs","floor":12,"turns":4},{"damage":51,"enemies":"Slime Boss","floor":16,"turns":7}],"seed_played":"-7966820693493992123","potions_obtained":[{"floor":1,"key":"SpeedPotion"},{"floor":5,"key":"Block Potion"},{"floor":8,"key":"Explosive Potion"},{"floor":12,"key":"Fire Potion"}],"is_trial":false,"path_per_floor":["M","?","M","M","M","R","?","M","T","M","R","M","T","$","R","B"],"character_chosen":"THE_SILENT","items_purchased":["Bullet Time","Backflip","Backstab"],"campfire_rested":1,"item_purchase_floors":[14,14,14],"current_hp_per_floor":[62,62,58,56,24,24,24,24,31,31,31,23,23,23,46,0,0],"gold":36,"neow_bonus":"SILENT_POISONER","is_daily":false,"chose_seed":false,"campfire_upgraded":2,"win_rate":0.0,"timestamp":1609874627,"path_taken":["M","?","?","M","M","R","?","?","T","M","R","M","?","$","R","BOSS"],"items_purchased_type":["Card","Card","Card"],"build_version":"2020-12-22","purchased_purges":0,"victory":false,"max_hp_per_floor":[70,70,70,70,70,70,70,70,77,77,77,77,77,77,77,77,77],"relic_stats":{"counters":[8,37],"Sundial":[0],"obtain_stats":[{"Sundial":13,"Strawberry":9,"Ring of the Snake":0},{"Sundial":7,"Strawberry":5,"Ring of the Snake":0},{"Sundial":30,"Strawberry":25,"Ring of the Snake":0}],"Ring of the Snake":[16]},"card_choices":[{"not_picked":["Leg Sweep","Slice"],"picked":"Outmaneuver","floor":1},{"not_picked":["Blade Dance","Backflip"],"picked":"Infinite Blades","floor":3},{"not_picked":["Underhanded Strike","Poisoned Stab"],"picked":"Crippling Poison","floor":4},{"not_picked":["Bane","Blade Dance"],"picked":"Catalyst","floor":5},{"not_picked":["Endless Agony","Cloak And Dagger"],"picked":"Deadly Poison","floor":8},{"not_picked":["Calculated Gamble","Sucker Punch"],"picked":"Outmaneuver","floor":10},{"not_picked":["Dagger Spray","PiercingWail"],"picked":"Blade Dance","floor":12}],"player_experience":141207,"relics_obtained":[{"floor":9,"key":"Strawberry"},{"floor":13,"key":"Sundial"}],"event_choices":[{"damage_healed":0,"gold_gain":0,"player_choice":"Upgraded","damage_taken":0,"max_hp_gain":0,"max_hp_loss":0,"event_name":"Upgrade Shrine","floor":2,"gold_loss":0,"cards_upgraded":["Outmaneuver"]},{"cards_removed":["Infinite Blades"],"damage_healed":0,"gold_gain":0,"player_choice":"Card Removal","damage_taken":0,"max_hp_gain":0,"max_hp_loss":0,"event_name":"Wheel of Change","floor":7,"gold_loss":0}],"is_beta":false,"boss_relics":[],"items_purged_floors":[],"is_endless":false,"potions_floor_spawned":[1,5,8,12],"killed_by":"Slime Boss","ascension_level":0}}