{"host":"zig6x0mxqzam82fb","time":1609890241,"event":{"mods":["BaseMod","Block Reminder","Colored Map","Colored Powertips","Marisa????????","Minty Spire (QoL Compilation)","Relic Stats","StSLib","The Cursed","The Marked","Waifu the Spire"],"gold_per_floor":[369,388,388,308,116,147,1,1,1,21,21,21,46,46,46,46,46],"floor_reached":16,"playtime":541,"items_purged":[],"score":162,"play_id":"4b4c2601-e6ba-4dcc-9e1a-fee6c7d61de1","local_time":"20210105184401","is_ascension_mode":true,"campfire_choices":[{"floor":8,"key":"REST"},{"data":"1","floor":11,"key":"LIFT"},{"floor":15,"key":"REST"}],"circlet_count":0,"master_deck":["AscendersBane","Strike_B","Strike_B","Strike_B","Strike_B","Defend_B","Defend_B","Defend_B","Defend_B","Zap","Dualcast","Streamline","Defragment","Genetic Algorithm","Beam Cell","Sunder","Rebound","Leap"],"relics":["Cracked Core","Blood Vial","Girya","Nunchaku","Kunai","CeramicFish","Lantern"],"acts_visited":["Exordium"],"potions_floor_usage":[16],"damage_taken":[{"damage":4,"enemies":"Small Slimes","floor":1,"turns":4},{"damage":6,"enemies":"Cultist","floor":2,"turns":3},{"damage":39,"enemies":"Gremlin Nob","floor":6,"turns":4},{"damage":2,"enemies":"2 Louse","floor":10,"turns":2},{"damage":9,"enemies":"2 Fungi Beasts","floor":13,"turns":3},{"damage":50,"enemies":"Slime Boss","floor":16,"turns":5}],"seed_played":"3091562616637074125","potions_obtained":[{"floor":6,"key":"PowerPotion"},{"floor":13,"key":"Weak Potion"}],"is_trial":false,"path_per_floor":["M","M","?","$","$","E","$","R","T","M","R","?","M","?","R","B"],"character_chosen":"DEFECT","items_purchased":["Genetic Algorithm","Blood Vial","Beam Cell","Nunchaku"],"campfire_rested":2,"item_purchase_floors":[4,5,5,7],"current_hp_per_floor":[46,40,40,40,40,3,3,25,25,25,25,22,15,15,37,0,0],"gold":46,"neow_bonus":"TWO_FIFTY_GOLD","is_daily":false,"chose_seed":false,"campfire_upgraded":0,"win_rate":0.0,"timestamp":1609890241,"path_taken":["M","M","?","?","$","E","$","R","T","M","R","?","M","?","R","BOSS"],"items_purchased_type":["Card","Relic","Card","Relic"],"build_version":"2020-12-22","purchased_purges":0,"victory":false,"max_hp_per_floor":[75,75,75,75,75,75,75,75,75,75,75,75,75,75,75,75,75],"relic_stats":{"Blood Vial":8,"Nunchaku":[1],"counters":[6,21],"CeramicFish":9,"Kunai":[2],"obtain_stats":[{"Blood Vial":5,"Girya":6,"Nunchaku":7,"Lantern":14,"CeramicFish":12,"Kunai":9,"Cracked Core":0},{"Blood Vial":2,"Girya":3,"Nunchaku":3,"Lantern":5,"CeramicFish":4,"Kunai":3,"Cracked Core":0},{"Blood Vial":7,"Girya":11,"Nunchaku":11,"Lantern":16,"CeramicFish":13,"Kunai":11,"Cracked Core":0}]},"card_choices":[{"not_picked":["Leap","Gash"],"picked":"Streamline","floor":1},{"not_picked":["Chaos","Streamline"],"picked":"Defragment","floor":2},{"not_picked":["Double Energy","Loop"],"picked":"Sunder","floor":6},{"not_picked":["Redo","Go for the Eyes"],"picked":"Rebound","floor":10},{"not_picked":["Beam Cell","Sweeping Beam"],"picked":"Leap","floor":13}],"player_experience":445466,"relics_obtained":[{"floor":6,"key":"Girya"},{"floor":9,"key":"Kunai"}],"event_choices":[{"damage_healed":0,"gold_gain":0,"player_choice":"Bought 0 Potions","damage_taken":0,"max_hp_gain":0,"max_hp_loss":0,"event_name":"The Woman in Blue","floor":3,"gold_loss":0},{"damage_healed":0,"gold_gain":0,"player_choice":"Success","damage_taken":3,"relics_obtained":["CeramicFish"],"max_hp_gain":0,"max_hp_loss":0,"event_name":"Scrap Ooze","floor":12,"gold_loss":0},{"damage_healed":0,"gold_gain":0,"player_choice":"Gave Potion","damage_taken":0,"relics_obtained":["Lantern"],"max_hp_gain":0,"max_hp_loss":0,"event_name":"WeMeetAgain","floor":14,"gold_loss":0}],"is_beta":false,"boss_relics":[],"items_purged_floors":[],"is_endless":false,"potions_floor_spawned":[6,13],"killed_by":"Slime Boss","ascension_level":13}}