{"host":"a5lz0e76zb3fcwkm","time":1609831627,"event":{"mods":["AchievementEnabler","BaseMod","Colored Map","Colored Powertips","Minty Spire (QoL Compilation)","StSLib","SuperFastMode"],"gold_per_floor":[114,134,134,150,150,180,180,105,105,125,125,142,442,442,442],"floor_reached":14,"playtime":254,"items_purged":["Shame"],"score":180,"play_id":"f99e0ed3-1355-404b-95f7-0a0cefcf9baa","local_time":"20210105162707","is_ascension_mode":true,"campfire_choices":[{"floor":7,"key":"RECALL"},{"data":"Pommel Strike","floor":11,"key":"SMITH"}],"circlet_count":0,"master_deck":["AscendersBane","Strike_R","Strike_R","Strike_R","Strike_R","Strike_R","Defend_R","Defend_R","Defend_R","Defend_R","Bash","Apotheosis+1","Pommel Strike+1","Hemokinesis","Wild Strike","Second Wind"],"relics":["Burning Blood","Matryoshka","Art of War","Gambling Chip","Old Coin"],"acts_visited":["Exordium"],"potions_floor_usage":[14],"damage_taken":[{"damage":3,"enemies":"Cultist","floor":1,"turns":5},{"damage":6,"enemies":"Small Slimes","floor":2,"turns":5},{"damage":12,"enemies":"Jaw Worm","floor":4,"turns":2},{"damage":24,"enemies":"Lagavulin","floor":6,"turns":4},{"damage":2,"enemies":"3 Louse","floor":10,"turns":3},{"damage":7,"enemies":"Blue Slaver","floor":12,"turns":2},{"damage":12,"enemies":"3 Sentries","floor":14,"turns":2}],"seed_played":"-1579711254951131828","potions_obtained":[{"floor":4,"key":"SneckoOil"},{"floor":10,"key":"SteroidPotion"},{"floor":12,"key":"BlessingOfTheForge"}],"is_trial":false,"path_per_floor":["M","M","?","M","?","E","R","$","T","M","R","M","?","E"],"character_chosen":"IRONCLAD","items_purchased":[],"campfire_rested":0,"item_purchase_floors":[],"current_hp_per_floor":[71,71,71,65,65,47,47,47,47,51,51,50,5,0,0],"gold":442,"neow_bonus":"RANDOM_COLORLESS_2","is_daily":false,"chose_seed":false,"campfire_upgraded":1,"win_rate":0.0,"timestamp":1609831627,"path_taken":["M","?","?","?","?","E","R","$","T","M","R","M","?","E"],"items_purchased_type":[],"build_version":"2020-12-22","purchased_purges":1,"victory":false,"max_hp_per_floor":[75,75,75,75,75,75,75,75,75,75,75,75,75,75,75],"card_choices":[{"not_picked":["Violence","HandOfGreed"],"picked":"Apotheosis","floor":0},{"not_picked":["Warcry","True Grit"],"picked":"Pommel Strike","floor":1},{"not_picked":["Cleave","Ghostly Armor"],"picked":"Hemokinesis","floor":2},{"not_picked":["Sever Soul","Armaments","Flex"],"picked":"SKIP","floor":4},{"not_picked":["Havoc","Limit Break"],"picked":"Wild Strike","floor":6},{"not_picked":["Intimidate","True Grit","Flex"],"picked":"SKIP","floor":10},{"not_picked":["Havoc","Combust"],"picked":"Second Wind","floor":12}],"player_experience":1670170,"relics_obtained":[{"floor":6,"key":"Matryoshka"},{"floor":9,"key":"Art of War"},{"floor":9,"key":"Gambling Chip"}],"event_choices":[{"damage_healed":0,"gold_gain":0,"player_choice":"Upgraded","damage_taken":0,"max_hp_gain":0,"max_hp_loss":0,"event_name":"Upgrade Shrine","floor":3,"gold_loss":0,"cards_upgraded":["Apotheosis"]},{"damage_healed":0,"gold_gain":0,"player_choice":"Ignored","damage_taken":0,"max_hp_gain":0,"max_hp_loss":0,"event_name":"Liars Game","floor":5,"gold_loss":0},{"damage_healed":0,"gold_gain":0,"player_choice":"Success","damage_taken":45,"relics_obtained":["Old Coin"],"max_hp_gain":0,"max_hp_loss":0,"event_name":"Scrap Ooze","floor":13,"gold_loss":0}],"is_beta":false,"boss_relics":[],"items_purged_floors":[8],"is_endless":false,"potions_floor_spawned":[4,10,12],"killed_by":"3 Sentries","ascension_level":20}}