{"host":"tjicewryrzew529r","time":1609840054,"event":{"mods":["AchievementEnabler","BaseMod","Block Reminder","Colored Map","DeckTracker","Downfall","Googly Eyes","Highlight Path","Minty Spire (QoL Compilation)","StSLib"],"gold_per_floor":[99,249,249,249,249,280,280,55,70,70,70,87,98,130,145,245,245,245,265,265,276,108,139,139,139,173,273,300,320,320,320,340,437,437,437,452,504,522,522,522,596,596,596,624,624,637,662,678,693,693],"floor_reached":51,"playtime":3939,"items_purged":["Guardian:Strike_Guardian"],"score":913,"play_id":"0a9fc93b-0e28-4272-96db-8f7f373437b8","local_time":"20210105174734","is_ascension_mode":true,"campfire_choices":[{"floor":1.0,"key":"RECALL"},{"data":"Guardian:CurlUp","floor":8.0,"key":"SMITH"},{"floor":11.0,"key":"REST"},{"data":"Guardian:Suspension","floor":18.0,"key":"SMITH"},{"data":"Guardian:PrismaticBeam","floor":25.0,"key":"SMITH"},{"data":"Guardian:GuardianWhirl","floor":30,"key":"SMITH"},{"data":"Guardian:ChargeUp","floor":35,"key":"SMITH"},{"data":"Guardian:FloatingOrbs","floor":40,"key":"SMITH"},{"data":"Guardian:StasisField","floor":42,"key":"SMITH"},{"data":"Guardian:DonusPower","floor":43,"key":"SMITH"},{"data":"Guardian:PolyBeam","floor":45,"key":"SMITH"}],"circlet_count":0,"master_deck":["Guardian:Strike_Guardian","Guardian:Strike_Guardian","Guardian:Strike_Guardian","Guardian:Defend_Guardian","Guardian:Defend_Guardian","Guardian:Defend_Guardian","Guardian:Defend_Guardian","Guardian:CurlUp+1","Guardian:TwinSlam","Guardian:PolyBeam","Guardian:EvasiveProtocol","Guardian:Orbwalk","Guardian:TemporalStrike","Guardian:Suspension+1","Guardian:ChargeUp+1","Guardian:PolyBeam+1","Guardian:PrismaticBeam+1","Guardian:FloatingOrbs+1","Guardian:GuardianWhirl+1","Guardian:DonusPower+1","Guardian:StasisField+1","Guardian:ExploitGems","Guardian:PrimingBeam+1","Guardian:Emergency+1","Guardian:Gem_White","Guardian:TimeSifter","Guardian:Gem_White","Guardian:Gem_Crimson"],"relics":["Guardian:ModeShifterPlus","downfall:HeartsMalice","Guardian:PickAxe","White Beast Statue","downfall:HeartBlessingRed","downfall:HeartBlessingGreen","downfall:HeartBlessingBlue","Ancient Tea Set","Omamori","Turnip","Pen Nib","Blood Vial","Lizard Tail","Cursed Key","WingedGreaves","Bottled Lightning","Art of War","StoneCalendar"],"acts_visited":["Exordium","TheCity","TheBeyond"],"potions_floor_usage":[29,33,33,44],"damage_taken":[{"damage":0.0,"enemies":"Gremlin Gang","floor":3.0,"turns":1.0},{"damage":0.0,"enemies":"2 Louse","floor":4.0,"turns":1.0},{"damage":0.0,"enemies":"Jaw Worm","floor":5.0,"turns":1.0},{"damage":54.0,"enemies":"Gremlin Nob","floor":6.0,"turns":8.0},{"damage":0.0,"enemies":"Cultist","floor":9.0,"turns":4.0},{"damage":4.0,"enemies":"Exordium Thugs","floor":12.0,"turns":5.0},{"damage":0.0,"enemies":"3 Louse","floor":13.0,"turns":2.0},{"damage":6.0,"enemies":"Lagavulin","floor":14.0,"turns":5.0},{"damage":12.0,"enemies":"Lots of Slimes","floor":15.0,"turns":4.0},{"damage":9.0,"enemies":"downfall:Silent","floor":16.0,"turns":5.0},{"damage":0.0,"enemies":"Shell Parasite","floor":19.0,"turns":3.0},{"damage":0.0,"enemies":"Cultist and Chosen","floor":21.0,"turns":4.0},{"damage":0.0,"enemies":"downfall:FleeingMerchant","floor":22.0,"turns":4.0},{"damage":13.0,"enemies":"Book of Stabbing","floor":23.0,"turns":5.0},{"damage":6.0,"enemies":"Slavers","floor":26.0,"turns":5.0},{"damage":22.0,"enemies":"Gremlin Leader","floor":28.0,"turns":6.0},{"damage":2,"enemies":"Shelled Parasite and Fungi","floor":29,"turns":4},{"damage":0,"enemies":"Centurion and Healer","floor":32,"turns":3},{"damage":0,"enemies":"downfall:Defect","floor":33,"turns":5},{"damage":6,"enemies":"3 Shapes","floor":36,"turns":3},{"damage":23,"enemies":"2 Orb Walkers","floor":37,"turns":4},{"damage":0,"enemies":"Orb Walker","floor":38,"turns":3},{"damage":19,"enemies":"Nemesis","floor":44,"turns":5},{"damage":22,"enemies":"Jaw Worm Horde","floor":46,"turns":3},{"damage":0,"enemies":"Giant Head","floor":47,"turns":5},{"damage":0,"enemies":"Transient","floor":48,"turns":5},{"damage":5,"enemies":"Sphere and 2 Shapes","floor":49,"turns":3},{"damage":0,"enemies":"downfall:Ironclad","floor":50,"turns":5}],"seed_played":"-1310889617109376141","potions_obtained":[{"floor":6.0,"key":"PowerPotion"},{"floor":9.0,"key":"Guardian:DefensiveModePotion"},{"floor":12.0,"key":"AttackPotion"},{"floor":13.0,"key":"CultistPotion"},{"floor":15.0,"key":"PowerPotion"},{"floor":16.0,"key":"Weak Potion"},{"floor":19.0,"key":"Guardian:BlockOnCardUsePotion"},{"floor":21.0,"key":"ColorlessPotion"},{"floor":23.0,"key":"DuplicationPotion"},{"floor":26.0,"key":"Dexterity Potion"},{"floor":28.0,"key":"SmokeBomb"},{"floor":29,"key":"SkillPotion"},{"floor":33,"key":"Guardian:DefensiveModePotion"},{"floor":36,"key":"PowerPotion"},{"floor":37,"key":"AttackPotion"},{"floor":44,"key":"ColorlessPotion"}],"is_trial":false,"path_per_floor":["R","?","?","M","M","E","T","R","M","?","R","M","M","E","M","B",null,"R","M","?","M","$","E","T","R","E","?","E","M","R","T","M","B",null,"R","M","?","M","?","R","T","R","R","E","R","M","E","M","M","B",null],"character_chosen":"GUARDIAN","items_purchased":["Guardian:GuardianWhirl"],"campfire_rested":1,"item_purchase_floors":[22],"current_hp_per_floor":[80,80,68,68,68,14,14,24,24,24,51,47,47,41,29,20,90,90,90,72,72,72,59,59,59,53,53,31,31,31,31,33,35,95,95,89,68,70,70,70,70,70,70,53,53,33,35,37,34,36],"gold":693,"neow_bonus":"THREE_ENEMY_KILL","is_daily":false,"chose_seed":false,"campfire_upgraded":9,"win_rate":0.0,"timestamp":1609840054,"path_taken":["R","?","?","M","?","E","T","R","M","?","R","M","M","E","M","BOSS","R","M","?","M","$","E","T","R","E","?","E","?","R","?","M","BOSS","R","M","?","M","?","R","T","R","R","E","R","?","E","M","M","BOSS"],"items_purchased_type":["Card"],"build_version":"2020-12-22","purchased_purges":1,"victory":true,"max_hp_per_floor":[80,80,80,80,80,80,80,90,90,90,90,90,90,90,90,90,90,90,90,95,95,95,95,95,95,95,95,95,95,95,95,95,95,95,95,95,95,95,95,95,95,95,95,95,95,95,95,95,95,95],"card_choices":[{"not_picked":["Guardian:Reroute","Guardian:SpikerProtocol"],"picked":"Guardian:PolyBeam","floor":4.0},{"not_picked":["Guardian:Recover","Guardian:Gem_Green"],"picked":"Guardian:EvasiveProtocol","floor":5.0},{"not_picked":["Guardian:Clone","Guardian:RefractedBeam"],"picked":"Guardian:Orbwalk","floor":6.0},{"not_picked":["Guardian:PrimingBeam","Guardian:SpikerProtocol"],"picked":"Guardian:TemporalStrike","floor":9.0},{"not_picked":["Guardian:BronzeArmor","Guardian:Harden"],"picked":"Guardian:Suspension","floor":12.0},{"not_picked":["Guardian:PolyBeam","Guardian:Gem_Lightblue"],"picked":"Guardian:ChargeUp","floor":13.0},{"not_picked":["Guardian:WalkerClaw","Guardian:Gem_Lightblue"],"picked":"Guardian:PolyBeam","floor":14.0},{"not_picked":["Guardian:Clone","Guardian:TemporalShield"],"picked":"Guardian:Gem_Cyan","floor":15.0},{"not_picked":["Guardian:HyperBeam_Guardian","Guardian:StasisStrike"],"picked":"Guardian:Gem_Orange","floor":16.0},{"not_picked":["Guardian:Recover","Guardian:Planning","Guardian:Suspension+1"],"picked":"SKIP","floor":19.0},{"not_picked":["Guardian:Gem_Lightblue","Guardian:Planning"],"picked":"Guardian:PrismaticBeam","floor":21.0},{"not_picked":["Guardian:ChargeUp+1","Guardian:ShieldCharger"],"picked":"Guardian:FloatingOrbs","floor":22.0},{"not_picked":["Guardian:PrimingBeam","Guardian:TemporalShield","Guardian:ChargeCore"],"picked":"SKIP","floor":23.0},{"not_picked":["Guardian:Incinerate","Guardian:ShieldCharger"],"picked":"Guardian:DonusPower","floor":26.0},{"not_picked":["Guardian:Suspension","Guardian:PrismaticBarrier"],"picked":"Guardian:StasisField","floor":28.0},{"not_picked":["Guardian:Orbwalk","Guardian:Reroute"],"picked":"Guardian:Gem_Blue","floor":29},{"not_picked":["Guardian:PiercingHide","Guardian:Gem_Lightblue","Guardian:WalkerClaw"],"picked":"SKIP","floor":32},{"not_picked":["Guardian:BaubleBeam","Guardian:SphericShield"],"picked":"Guardian:ExploitGems","floor":33},{"not_picked":["Guardian:Gem_Red","Guardian:PiercingHide"],"picked":"Guardian:PrimingBeam+1","floor":36},{"not_picked":["Guardian:PrimingBeam","Guardian:Gem_Red"],"picked":"Guardian:Emergency+1","floor":37},{"not_picked":["Guardian:Reroute+1","Guardian:PiercingHide"],"picked":"Guardian:Gem_Lightblue","floor":38},{"not_picked":["Guardian:VentSteam","Guardian:ExploitGems"],"picked":"Guardian:Gem_Green","floor":44},{"not_picked":["Guardian:Suspension+1","Guardian:Preprogram+1"],"picked":"Guardian:Gem_White","floor":46},{"not_picked":["Guardian:Recover+1","Guardian:BronzeArmor+1"],"picked":"Guardian:TimeSifter","floor":47},{"not_picked":["Guardian:Gem_Crimson","Guardian:Gem_Blue"],"picked":"Guardian:Gem_White","floor":48},{"not_picked":["Guardian:WalkerClaw+1","Guardian:Gem_Red"],"picked":"Guardian:Gem_Crimson","floor":49}],"player_experience":403185,"relics_obtained":[{"floor":6.0,"key":"White Beast Statue"},{"floor":14.0,"key":"Ancient Tea Set"},{"floor":23.0,"key":"Omamori"},{"floor":24.0,"key":"Turnip"},{"floor":26.0,"key":"Pen Nib"},{"floor":28.0,"key":"Blood Vial"},{"floor":31,"key":"Lizard Tail"},{"floor":37,"key":"WingedGreaves"},{"floor":41,"key":"Bottled Lightning"},{"floor":44,"key":"Art of War"},{"floor":47,"key":"StoneCalendar"}],"event_choices":[{"cards_removed":["Slimebound:Icky"],"damage_healed":0.0,"max_hp_gain":0.0,"max_hp_loss":0.0,"gold_gain":0.0,"event_name":"The Cleric","player_choice":"Card Removal","floor":10.0,"gold_loss":0.0,"damage_taken":0.0},{"damage_healed":0,"gold_gain":0,"player_choice":"Fight","damage_taken":0,"max_hp_gain":0,"max_hp_loss":0,"event_name":"Mysterious Sphere","floor":37,"gold_loss":0}],"is_beta":false,"boss_relics":[{"not_picked":["SlaversCollar","Snecko Eye"],"picked":"Guardian:ModeShifterPlus"},{"not_picked":["Coffee Dripper","Calling Bell"],"picked":"Cursed Key"}],"items_purged_floors":[22],"is_endless":false,"potions_floor_spawned":[6,9,12,13,14,15,16,19,21,22,23,26,28,29,32,33,36,37,38,44,46,47,48,49],"ascension_level":1}}