{"host":"qy1e0kd24tpj3i2m","time":1609879848,"event":{"mods":["Act Like it!","Alarm Clock","BaseMod","Better Skull","Better Vampires","Colored Map","Colored Powertips","Custom Start","Faster Ascension Climbing","Friendly Minions","GifTheSpireLib","Gremlin Skip","Highlight Path","Minty Spire (QoL Compilation)","Permanent Neow","Quick Restart","Red Circlet Mod","Relic Sorter","Reorder Act Four","SacredBarkPlus","Shop Mod","StSLib","SuperFastMode","Transform Curses","没有小屋子和绿帽子啦"],"gold_per_floor":[363,363,2,2,21,352,352,51,98,98,98,118,130,130,130,130,130],"floor_reached":16,"playtime":366,"items_purged":["Strike_R"],"score":196,"play_id":"4cc16e50-0c9e-4cbc-b0ab-6e3364a85c12","local_time":"20210106055048","is_ascension_mode":true,"campfire_choices":[{"data":"Sword Boomerang","floor":7.0,"key":"SMITH"},{"data":"Dark Embrace","floor":11.0,"key":"SMITH"},{"data":"Uppercut","floor":15.0,"key":"SMITH"}],"circlet_count":0,"master_deck":["AscendersBane","Strike_R","Strike_R","Strike_R","Strike_R","Defend_R","Defend_R","Reckless Charge","Panacea+1","Shrug It Off","Sword Boomerang+1","Dark Embrace+1","True Grit","Fire Breathing","Power Through","Uppercut+1"],"relics":["Burning Blood","Shuriken","MerchantsRug","Tiny Chest"],"acts_visited":["Exordium"],"potions_floor_usage":[],"damage_taken":[{"damage":2.0,"enemies":"Cultist","floor":1.0,"turns":4.0},{"damage":3.0,"enemies":"2 Louse","floor":5.0,"turns":4.0},{"damage":37.0,"enemies":"Lagavulin","floor":6.0,"turns":7.0},{"damage":10.0,"enemies":"Small Slimes","floor":12.0,"turns":3.0},{"damage":12.0,"enemies":"Gremlin Gang","floor":13.0,"turns":4.0},{"damage":12,"enemies":"The Guardian","floor":16,"turns":2}],"seed_played":"4527110610835200806","potions_obtained":[{"floor":5.0,"key":"Swift Potion"}],"is_trial":false,"path_per_floor":["M","?","$","?","M","E","R","$","T","?","R","M","M","?","R","B"],"character_chosen":"IRONCLAD","items_purchased":["Shuriken","Panacea","MerchantsRug","Dark Embrace"],"campfire_rested":0,"item_purchase_floors":[3,3,8,8],"current_hp_per_floor":[54,47,47,47,50,19,19,19,19,19,19,15,9,9,9,0,0],"gold":130,"neow_bonus":"TWO_FIFTY_GOLD","is_daily":false,"chose_seed":false,"campfire_upgraded":3,"win_rate":0.0,"timestamp":1609879848,"path_taken":["M","?","$","?","M","E","R","$","T","?","R","?","M","?","R","BOSS"],"items_purchased_type":["Relic","Card","Relic","Card"],"build_version":"2020-12-22","purchased_purges":1,"victory":false,"max_hp_per_floor":[75,75,75,75,75,75,75,75,75,75,75,75,75,75,75,75,75],"card_choices":[{"not_picked":["Wild Strike","Warcry"],"picked":"Reckless Charge","floor":1.0},{"not_picked":["Clash","Perfected Strike"],"picked":"Shrug It Off","floor":5.0},{"not_picked":["Thunderclap","Cleave"],"picked":"Sword Boomerang","floor":6.0},{"not_picked":["Clothesline","Perfected Strike"],"picked":"Fire Breathing","floor":12.0},{"not_picked":["Havoc","Anger"],"picked":"Power Through","floor":13.0}],"player_experience":884601,"relics_obtained":[{"floor":6.0,"key":"Old Coin"},{"floor":9.0,"key":"Tiny Chest"}],"event_choices":[{"cards_removed":["Bash"],"damage_healed":0.0,"max_hp_gain":0.0,"max_hp_loss":0.0,"gold_gain":0.0,"event_name":"Golden Wing","player_choice":"Card Removal","floor":2.0,"gold_loss":0.0,"damage_taken":7.0},{"damage_healed":0.0,"max_hp_gain":0.0,"max_hp_loss":0.0,"gold_gain":0.0,"event_name":"Living Wall","player_choice":"Grow","floor":4.0,"gold_loss":0.0,"damage_taken":0.0,"cards_upgraded":["Panacea"]},{"damage_healed":0.0,"max_hp_gain":0.0,"max_hp_loss":0.0,"gold_gain":0.0,"cards_transformed":["Defend_R"],"event_name":"Transmorgrifier","player_choice":"Transformed","floor":10.0,"gold_loss":0.0,"damage_taken":0.0,"cards_obtained":["True Grit"]},{"damage_healed":0.0,"max_hp_gain":0.0,"max_hp_loss":0.0,"gold_gain":0.0,"cards_transformed":["Defend_R"],"event_name":"Transmorgrifier","player_choice":"Transformed","floor":14.0,"gold_loss":0.0,"damage_taken":0.0,"cards_obtained":["Uppercut"]}],"is_beta":false,"boss_relics":[],"items_purged_floors":[8],"is_endless":false,"potions_floor_spawned":[5],"killed_by":"The Guardian","ascension_level":20}}