{"host":"g01l53quoe6lrer0","time":1609853459,"event":{"mods":["2.2 Compatiblity","AchievementEnabler","BaseMod","Colored Map","Highlight Path","Keyboard Shortcuts","Minty Spire (QoL Compilation)","Permanent Neow","Quick Restart","StSLib","SuperFastMode","everything is the same but u backflip on backflip"],"gold_per_floor":[117,135,148,167,186,186,204,230,230,250,277,277,304,317,317,417,417,437,207,207,227,240,240,256,236,236,247,260,278,38,56,56,151,151,163,179,77,97,112,145,145,145,145,158,170,170,170,204,204,204],"floor_reached":51,"playtime":2771,"items_purged":["Strike_B","Strike_B","Strike_B"],"score":867,"play_id":"265f904a-7e6d-4355-b8d7-6eef68b887a5","local_time":"20210105223059","is_ascension_mode":true,"campfire_choices":[{"data":"Zap","floor":6.0,"key":"SMITH"},{"floor":12.0,"key":"REST"},{"data":"Hologram","floor":15.0,"key":"SMITH"},{"data":"Strike_B","floor":23.0,"key":"PURGE"},{"data":"Consume","floor":32.0,"key":"SMITH"},{"data":"Blizzard","floor":41.0,"key":"SMITH"},{"floor":49,"key":"REST"}],"circlet_count":0,"master_deck":["Defend_B","Defend_B","Defend_B","Defend_B","Zap+1","Dualcast","Hyperbeam","Sunder","Stack","Glacier","Reinforced Body","Blizzard+1","Echo Form","Hologram+1","Reboot","CurseOfTheBell","Core Surge","Defragment+1","Forethought","Consume+1","White Noise+1","Chill","Defragment","Writhe","Injury","Parasite","Creative AI+1"],"relics":["Cracked Core","Girya","CaptainsWheel","Lizard Tail","Singing Bowl","Calling Bell","Peace Pipe","Bag of Preparation","Mercury Hourglass","Membership Card","Meat on the Bone","Emotion Chip","Cursed Key","Mango","Boot","Letter Opener"],"acts_visited":["Exordium","TheCity","TheBeyond"],"potions_floor_usage":[45,50,50],"damage_taken":[{"damage":0.0,"enemies":"Cultist","floor":1.0,"turns":2.0},{"damage":0.0,"enemies":"2 Louse","floor":2.0,"turns":1.0},{"damage":7.0,"enemies":"Jaw Worm","floor":3.0,"turns":2.0},{"damage":0.0,"enemies":"3 Louse","floor":4.0,"turns":1.0},{"damage":2.0,"enemies":"Exordium Wildlife","floor":5.0,"turns":3.0},{"damage":6.0,"enemies":"Blue Slaver","floor":7.0,"turns":3.0},{"damage":20.0,"enemies":"Lagavulin","floor":8.0,"turns":8.0},{"damage":0.0,"enemies":"Lots of Slimes","floor":10.0,"turns":1.0},{"damage":13.0,"enemies":"Gremlin Nob","floor":11.0,"turns":4.0},{"damage":15.0,"enemies":"Lagavulin","floor":13.0,"turns":7.0},{"damage":0.0,"enemies":"3 Louse","floor":14.0,"turns":1.0},{"damage":26.0,"enemies":"Slime Boss","floor":16.0,"turns":11.0},{"damage":22.0,"enemies":"Shell Parasite","floor":18.0,"turns":9.0},{"damage":1.0,"enemies":"Spheric Guardian","floor":21.0,"turns":5.0},{"damage":23.0,"enemies":"Centurion and Healer","floor":22.0,"turns":3.0},{"damage":6.0,"enemies":"Cultist and Chosen","floor":24.0,"turns":6.0},{"damage":0.0,"enemies":"Snecko","floor":27.0,"turns":6.0},{"damage":18.0,"enemies":"Shelled Parasite and Fungi","floor":28.0,"turns":6.0},{"damage":1.0,"enemies":"Snake Plant","floor":29.0,"turns":5.0},{"damage":13.0,"enemies":"Chosen and Byrds","floor":31.0,"turns":4.0},{"damage":26.0,"enemies":"Automaton","floor":33.0,"turns":11.0},{"damage":3.0,"enemies":"3 Shapes","floor":35.0,"turns":6.0},{"damage":11.0,"enemies":"Orb Walker","floor":36.0,"turns":3.0},{"damage":21.0,"enemies":"3 Darklings","floor":38.0,"turns":5.0},{"damage":0.0,"enemies":"Maw","floor":39.0,"turns":14.0},{"damage":26.0,"enemies":"Giant Head","floor":40.0,"turns":12.0},{"damage":24.0,"enemies":"Spire Growth","floor":44.0,"turns":6.0},{"damage":32,"enemies":"Writhing Mass","floor":45,"turns":8},{"damage":8,"enemies":"Nemesis","floor":48,"turns":9},{"damage":24,"enemies":"Donu and Deca","floor":50,"turns":12}],"seed_played":"-6168000611096052225","potions_obtained":[{"floor":1.0,"key":"AttackPotion"},{"floor":7.0,"key":"Weak Potion"},{"floor":11.0,"key":"Regen Potion"},{"floor":14.0,"key":"EssenceOfDarkness"},{"floor":21.0,"key":"DistilledChaos"},{"floor":22.0,"key":"BlessingOfTheForge"},{"floor":25.0,"key":"BlessingOfTheForge"},{"floor":29.0,"key":"SneckoOil"},{"floor":40.0,"key":"SkillPotion"},{"floor":44.0,"key":"BlessingOfTheForge"},{"floor":48,"key":"PotionOfCapacity"}],"is_trial":false,"path_per_floor":["M","M","M","M","M","R","M","E","T","M","E","R","E","M","R","B",null,"M","$","T","M","M","R","M","?","T","M","M","M","$","M","R","B",null,"M","M","$","M","M","E","R","?","T","M","M","?","?","E","R","B",null],"character_chosen":"DEFECT","items_purchased":["Membership Card","Emotion Chip","Forethought","Defragment"],"campfire_rested":2,"item_purchase_floors":[19,30,30,37],"current_hp_per_floor":[54,54,47,47,45,45,39,19,19,19,6,28,30,32,32,6,79,59,59,59,58,47,47,43,43,43,45,41,54,54,53,53,41,91,88,77,77,58,60,62,62,90,90,68,48,48,48,54,88,64],"gold":204,"neow_bonus":"THREE_RARE_CARDS","is_daily":false,"chose_seed":false,"campfire_upgraded":4,"win_rate":0.0,"timestamp":1609853459,"path_taken":["M","M","?","M","M","R","M","E","T","M","E","R","E","M","R","BOSS","M","$","?","M","?","R","M","?","T","M","?","M","$","M","R","BOSS","M","M","$","M","?","E","R","?","T","M","M","?","?","E","R","BOSS"],"items_purchased_type":["Relic","Relic","Card","Card"],"build_version":"2020-12-22","purchased_purges":3,"victory":true,"max_hp_per_floor":[75,75,75,75,75,75,75,75,75,75,75,75,77,79,79,79,79,81,81,81,81,81,81,83,83,83,85,87,89,89,89,89,91,91,91,91,91,93,95,111,111,111,111,113,113,113,113,115,115,115],"card_choices":[{"not_picked":["Electrodynamics","Machine Learning"],"picked":"Hyperbeam","floor":0.0},{"not_picked":["Scrape","Redo"],"picked":"Sunder","floor":1.0},{"not_picked":["Sweeping Beam","Ball Lightning"],"picked":"Stack","floor":2.0},{"not_picked":["Multi-Cast","Coolheaded","Doom and Gloom"],"picked":"SKIP","floor":3.0},{"not_picked":["Coolheaded","Ball Lightning","Compile Driver"],"picked":"SKIP","floor":4.0},{"not_picked":["Scrape","Hologram"],"picked":"Glacier","floor":5.0},{"not_picked":["Darkness","Cold Snap"],"picked":"Reinforced Body","floor":7.0},{"not_picked":["Go for the Eyes","Tempest"],"picked":"Blizzard","floor":8.0},{"not_picked":["Darkness","Recycle"],"picked":"Echo Form","floor":10.0},{"not_picked":["Compile Driver","Hello World"],"picked":"Hologram","floor":11.0},{"not_picked":["Doom and Gloom","Beam Cell","Redo"],"picked":"Singing Bowl","floor":13.0},{"not_picked":["Heatsinks","Gash","Melter"],"picked":"Singing Bowl","floor":14.0},{"not_picked":["Biased Cognition","Hyperbeam"],"picked":"Reboot","floor":16.0},{"not_picked":["Go for the Eyes","Compile Driver","Reprogram"],"picked":"Singing Bowl","floor":18.0},{"not_picked":["Barrage","Genetic Algorithm+1"],"picked":"Core Surge","floor":21.0},{"not_picked":["Sweeping Beam","Streamline+1"],"picked":"Defragment+1","floor":22.0},{"not_picked":["Reprogram","Hologram","Coolheaded+1"],"picked":"Singing Bowl","floor":24.0},{"not_picked":["Static Discharge","Conserve Battery","Undo+1"],"picked":"Singing Bowl","floor":27.0},{"not_picked":["Genetic Algorithm","Ball Lightning+1","Barrage"],"picked":"Singing Bowl","floor":28.0},{"not_picked":["Hyperbeam","Gash","Conserve Battery"],"picked":"Singing Bowl","floor":29.0},{"not_picked":["Melter+1","Barrage"],"picked":"Consume","floor":31.0},{"not_picked":["Rainbow","Amplify","Core Surge"],"picked":"Singing Bowl","floor":33.0},{"not_picked":["Steam","Leap"],"picked":"White Noise+1","floor":35.0},{"not_picked":["Auto Shields","Steam+1"],"picked":"Chill","floor":36.0},{"not_picked":["Streamline","Sweeping Beam+1","Barrage+1"],"picked":"Singing Bowl","floor":38.0},{"not_picked":["Compile Driver+1","Rip and Tear","Tempest+1"],"picked":"Singing Bowl","floor":39.0},{"not_picked":["Compile Driver+1","Conserve Battery","Rebound+1"],"picked":"Singing Bowl","floor":40.0},{"not_picked":["Rainbow","Conserve Battery","Chaos"],"picked":"Singing Bowl","floor":44.0},{"not_picked":["Barrage+1","Turbo+1"],"picked":"Creative AI","floor":45},{"not_picked":["Go for the Eyes+1","Undo","BootSequence+1"],"picked":"Singing Bowl","floor":48}],"player_experience":70134,"relics_obtained":[{"floor":8.0,"key":"Girya"},{"floor":9.0,"key":"CaptainsWheel"},{"floor":11.0,"key":"Lizard Tail"},{"floor":13.0,"key":"Singing Bowl"},{"floor":17.0,"key":"Peace Pipe"},{"floor":17.0,"key":"Bag of Preparation"},{"floor":17.0,"key":"Mercury Hourglass"},{"floor":20.0,"key":"Meat on the Bone"},{"floor":40.0,"key":"Mango"},{"floor":43.0,"key":"Boot"},{"floor":48,"key":"Letter Opener"}],"event_choices":[{"damage_healed":0.0,"max_hp_gain":0.0,"max_hp_loss":0.0,"gold_gain":0.0,"event_name":"The Woman in Blue","player_choice":"Bought 1 Potion","floor":25.0,"gold_loss":0.0,"damage_taken":0.0},{"damage_healed":28.0,"max_hp_gain":0.0,"max_hp_loss":0.0,"gold_gain":0.0,"event_name":"Winding Halls","player_choice":"Writhe","floor":42.0,"gold_loss":0.0,"damage_taken":0.0,"cards_obtained":["Writhe"]},{"damage_healed":0,"gold_gain":0,"player_choice":"Ignored","damage_taken":0,"max_hp_gain":0,"max_hp_loss":0,"event_name":"Mysterious Sphere","floor":46,"gold_loss":0},{"damage_healed":0,"gold_gain":0,"player_choice":"Upgraded","damage_taken":0,"max_hp_gain":0,"max_hp_loss":0,"event_name":"Upgrade Shrine","floor":47,"gold_loss":0,"cards_upgraded":["Creative AI"]}],"is_beta":false,"boss_relics":[{"not_picked":["Black Star","Coffee Dripper"],"picked":"Calling Bell"},{"not_picked":["Empty Cage","Snecko Eye"],"picked":"Cursed Key"}],"items_purged_floors":[19,30,37],"is_endless":false,"potions_floor_spawned":[1,7,11,14,21,22,27,29,40,44,48],"ascension_level":3}}