{"host":"1ie89x0glpq08u84","time":1609890259,"event":{"mods":["AchievementEnabler","Aspiration","BaseMod","BetterRewards","Conspire","Custom Start","Downfall","Hubris","Infinite Spire","Minty Spire (QoL Compilation)","Random Character Button","Replay The Spire","StSLib"],"gold_per_floor":[116,116,116,130,142,142,173,49,49,49,62,80,95,20,20,122,122,136,136,136,136,121,121,138,138,213,229,229,240,257,272,272,388,388,424,424,424],"floor_reached":36,"playtime":1315,"items_purged":["Normality"],"score":518,"play_id":"a7a20f68-ec1f-4b51-82bc-749ac05f97e1","local_time":"20210105184419","is_ascension_mode":false,"campfire_choices":[{"data":"Quick Slash","floor":6.0,"key":"SMITH"},{"data":"Poisoned Stab","floor":10.0,"key":"SMITH"},{"data":"Blade Dance","floor":15.0,"key":"SMITH"},{"data":"Poisoned Stab","floor":23.0,"key":"SMITH"},{"data":"Bane","floor":25.0,"key":"SMITH"},{"floor":28.0,"key":"REST"},{"floor":32.0,"key":"REST"}],"circlet_count":0,"master_deck":["Strike_G","Strike_G","Strike_G","Strike_G","Strike_G","Defend_G","Defend_G","Defend_G","Defend_G","Defend_G","Survivor","Neutralize","Flying Knee+1","Poisoned Stab+1","Quick Slash+1","Blade Dance+1","Backflip","Dodge and Roll","Quick Slash","PiercingWail","Bane+1","Blade Dance+1","Poisoned Stab+1","Deflect+1","Backflip","Bane","Cloak And Dagger","Poisoned Stab"],"relics":["Ring of the Snake","NeowsBlessing","ReplayTheSpireMod:Ring of Exchange","Mummified Hand","aspiration:VileToxins","conspire:TreasureMap","hubris:Towel","Torii","infinitespire:EvilPickle","conspire:SpecialSausage"],"acts_visited":["Exordium","TheCity","TheBeyond"],"potions_floor_usage":[],"damage_taken":[{"damage":0.0,"enemies":"conspire:RoseBush","floor":1.0,"turns":1.0},{"damage":0.0,"enemies":"Jaw Worm","floor":4.0,"turns":1.0},{"damage":0.0,"enemies":"Small Slimes","floor":5.0,"turns":1.0},{"damage":15.0,"enemies":"Replay:BlueRogue","floor":7.0,"turns":6.0},{"damage":1.0,"enemies":"conspire:2 RoseBushes","floor":11.0,"turns":5.0},{"damage":0.0,"enemies":"Large Slime","floor":12.0,"turns":5.0},{"damage":3.0,"enemies":"Lots of Slimes","floor":13.0,"turns":4.0},{"damage":10.0,"enemies":"Hexaghost","floor":16.0,"turns":10.0},{"damage":3.0,"enemies":"Chosen","floor":18.0,"turns":4.0},{"damage":12.0,"enemies":"2 Thieves","floor":22.0,"turns":4.0},{"damage":6.0,"enemies":"3 Cultists","floor":24.0,"turns":5.0},{"damage":8.0,"enemies":"Snecko","floor":27.0,"turns":4.0},{"damage":0.0,"enemies":"Snake Plant","floor":29.0,"turns":4.0},{"damage":2.0,"enemies":"conspire:HollyBat","floor":30.0,"turns":8.0},{"damage":1.0,"enemies":"Centurion and Healer","floor":31.0,"turns":5.0},{"damage":55.0,"enemies":"Pondfish","floor":33.0,"turns":20.0},{"damage":20.0,"enemies":"3 Shapes","floor":35.0,"turns":5.0},{"damage":51,"enemies":"3 Darklings","floor":36,"turns":13}],"seed_played":"-7764911574533852618","potions_obtained":[{"floor":7.0,"key":"SpeedPotion"},{"floor":11.0,"key":"GhostInAJar"},{"floor":22.0,"key":"Weak Potion"},{"floor":29.0,"key":"Adrenaline Potion"},{"floor":33.0,"key":"AttackPotion"}],"is_trial":false,"path_per_floor":["M","?","?","M","M","R","E","$","T","R","M","M","M","$","R","B",null,"M","?","?","?","M","R","M","R","T","M","R","M","M","M","R","B",null,"M","M"],"character_chosen":"THE_SILENT","items_purchased":["Backflip","Dodge and Roll","Quick Slash"],"campfire_rested":2,"item_purchase_floors":[8,8,8],"current_hp_per_floor":[70,70,70,70,70,70,55,55,55,55,54,54,51,51,51,41,70,67,51,51,51,39,39,33,33,33,25,46,46,44,43,64,9,70,50,0,0],"gold":424,"neow_bonus":"THREE_ENEMY_KILL","is_daily":false,"chose_seed":false,"campfire_upgraded":5,"win_rate":0.0,"timestamp":1609890259,"path_taken":["M","?","?","M","M","R","E","?","T","R","M","M","M","$","R","BOSS","M","?","?","?","?","R","?","R","T","M","R","M","M","M","R","BOSS","M","?"],"items_purchased_type":["Card","Card","Card"],"build_version":"2020-12-22","purchased_purges":1,"victory":false,"max_hp_per_floor":[70,70,70,70,70,70,70,70,70,70,70,70,70,70,70,70,70,70,70,70,70,70,70,70,70,70,70,70,70,70,70,70,70,70,70,70,70],"card_choices":[{"not_picked":["Slice","Outmaneuver"],"picked":"Flying Knee","floor":1.0},{"not_picked":["Cloak And Dagger","Blade Dance"],"picked":"Poisoned Stab","floor":4.0},{"not_picked":["Distraction","Footwork"],"picked":"Quick Slash","floor":5.0},{"not_picked":["Distraction","Die Die Die"],"picked":"Blade Dance","floor":7.0},{"not_picked":["Predator","Replay:Poison Smokescreen"],"picked":"PiercingWail","floor":11.0},{"not_picked":["Bouncing Flask","Underhanded Strike"],"picked":"Bane","floor":12.0},{"not_picked":["ReplayTheSpireMod:The Works","Fluid Movement","Accuracy"],"picked":"SKIP","floor":13.0},{"not_picked":["Acrobatics+1","Sucker Punch"],"picked":"Blade Dance+1","floor":18.0},{"not_picked":["hubris:Counter","Concentrate"],"picked":"Poisoned Stab","floor":22.0},{"not_picked":["Hidden Blade","Backstab"],"picked":"Deflect+1","floor":24.0},{"not_picked":["Terror","ReplayTheSpireMod:Exploit Weakness+1"],"picked":"Backflip","floor":27.0},{"not_picked":["Draining Mist","hubris:TrickCloak","Predator"],"picked":"SKIP","floor":29.0},{"not_picked":["Caltrops","Dagger Throw"],"picked":"Bane","floor":30.0},{"not_picked":["All Out Attack","hubris:Counter"],"picked":"Cloak And Dagger","floor":31.0},{"not_picked":["ReplayTheSpireMod:Speed Training+1","Dodge and Roll+1"],"picked":"Poisoned Stab","floor":35.0}],"player_experience":252491,"relics_obtained":[{"floor":3.0,"key":"ReplayTheSpireMod:Ring of Exchange"},{"floor":7.0,"key":"Mummified Hand"},{"floor":9.0,"key":"aspiration:VileToxins"},{"floor":26.0,"key":"Torii"}],"event_choices":[{"damage_healed":0.0,"max_hp_gain":0.0,"max_hp_loss":0.0,"gold_gain":0.0,"event_name":"Cursed Tome","player_choice":"Obtained Book","floor":19.0,"gold_loss":0.0,"damage_taken":16.0}],"is_beta":false,"boss_relics":[{"not_picked":["Toolbox","Snecko Scales"],"picked":"conspire:TreasureMap"},{"not_picked":["TwistedFunnel","Strange Spoon"],"picked":"conspire:SpecialSausage"}],"items_purged_floors":[14],"is_endless":false,"potions_floor_spawned":[7,11,22,29,33],"killed_by":"3 Darklings","ascension_level":0}}