{"host":"w6bv7e6dabj27l4i","time":1609813798,"event":{"mods":["Act Like it!","BaseMod","Colored Map","Custom Start","Downfall","Minty Spire (QoL Compilation)","Quick Restart","StSLib","Synergy Search","Unceasing Turn Reminder","slay the spire mod where everything is the same but ironclad has a cowboy hat"],"gold_per_floor":[99,114,132,143,593,593,617,627,727,368,468,3,178,198,217,217,217,217],"floor_reached":16,"playtime":960,"items_purged":["Slimebound:Icky"],"score":97,"play_id":"a50c26d6-f46a-46ab-938e-2a304054faae","local_time":"20210104202958","is_ascension_mode":true,"campfire_choices":[{"data":"champ:Taunt","floor":1,"key":"SMITH"},{"floor":6,"key":"RECALL"}],"circlet_count":0,"master_deck":["champ:Strike","champ:Strike","champ:Strike","champ:Defend","champ:Defend","champ:Defend","champ:Defend","champ:Execute","champ:Taunt+1","champ:CrownThrow","champ:GladiatorsShout","champ:EnchantSword","Slimebound:Icky","expansioncontent:DashGenerateEvil+1","champ:Duel","expansioncontent:Sear","champ:Devastate","champ:SwordSigil","Enlightenment","champ:IgnorePain","champ:PerfectForm"],"relics":["champ:ChampionCrown","Omamori","Lee\u0027s Waffle"],"acts_visited":["Exordium"],"potions_floor_usage":[],"damage_taken":[{"damage":0,"enemies":"Small Slimes","floor":2,"turns":4},{"damage":5,"enemies":"2 Louse","floor":3,"turns":2},{"damage":8,"enemies":"Jaw Worm","floor":4,"turns":5},{"damage":24,"enemies":"Exordium Thugs","floor":8,"turns":4},{"damage":10,"enemies":"downfall:FleeingMerchant","floor":10,"turns":4},{"damage":57,"enemies":"downfall:Heads","floor":11,"turns":7},{"damage":0,"enemies":"downfall:FleeingMerchant","floor":12,"turns":4},{"damage":2,"enemies":"Large Slime","floor":14,"turns":5},{"damage":29,"enemies":"Exordium Thugs","floor":15,"turns":4},{"damage":0,"enemies":"downfall:Watcher","floor":16,"turns":1}],"seed_played":"4739660951020175076","potions_obtained":[{"floor":4,"key":"SkillPotion"},{"floor":8,"key":"BlessingOfTheForge"},{"floor":14,"key":"ColorlessPotion"}],"is_trial":false,"path_per_floor":["R","M","M","M","?","R","T","M","?","$","?","$","?","M","M","B"],"character_chosen":"THE_CHAMP","items_purchased":["expansioncontent:DashGenerateEvil","champ:Duel","expansioncontent:Sear","Lee\u0027s Waffle","Enlightenment","champ:IgnorePain"],"campfire_rested":0,"item_purchase_floors":[10,10,10,12,12,12],"current_hp_per_floor":[90,90,90,82,82,82,82,63,63,58,1,97,97,95,83,83,83,83],"gold":217,"neow_bonus":"ONE_RANDOM_RARE_CARD","is_daily":false,"chose_seed":false,"campfire_upgraded":1,"win_rate":0.0,"timestamp":1609813798,"path_taken":["R","M","M","M","?","R","T","M","?","$","?","$","?","?","M","BOSS"],"items_purchased_type":["Card","Card","Card","Relic","Card","Card"],"build_version":"2020-12-22","purchased_purges":1,"victory":false,"max_hp_per_floor":[90,90,90,90,90,90,90,90,90,90,90,97,97,97,97,97,97,97],"card_choices":[{"not_picked":["champ:AdrenalArmor","champ:Encircle"],"picked":"champ:GladiatorsShout","floor":2},{"not_picked":["champ:AdrenalArmor","champ:DefensiveShout","champ:GutPunch"],"picked":"SKIP","floor":3},{"not_picked":["champ:CrookedStrike","champ:AdrenalArmor"],"picked":"champ:EnchantSword","floor":4},{"not_picked":["champ:HeartStrike","champ:FocusedBerserking","champ:GladiatorsShout"],"picked":"SKIP","floor":8},{"not_picked":["champ:CrookedStrike","champ:AdrenalArmor","champ:EnragedBash"],"picked":"SKIP","floor":10},{"not_picked":["champ:Circumvent","champ:GutPunch"],"picked":"champ:SwordSigil","floor":11},{"not_picked":["champ:GladiatorsShout","champ:Circumvent","champ:StanceDance"],"picked":"SKIP","floor":12},{"not_picked":["champ:Backstep","champ:DefensiveShout"],"picked":"champ:PerfectForm","floor":14},{"not_picked":["champ:StanceDance","champ:DeathBlow","champ:Backstep"],"picked":"SKIP","floor":15}],"player_experience":486204,"relics_obtained":[{"floor":7,"key":"Omamori"}],"event_choices":[],"is_beta":false,"boss_relics":[],"items_purged_floors":[12],"is_endless":false,"potions_floor_spawned":[4,8,14],"killed_by":"downfall:Watcher","ascension_level":1}}