{"host":"ta9mufxydm4vkknf","time":1609805847,"event":{"mods":["AchievementEnabler","BaseMod","Minty Spire (QoL Compilation)","Quick Restart"],"gold_per_floor":[110,123,48,48,61,61,61,87,87,103,113,113,123,23,23,126,126,146,21,21,36,55,88,101,101,101,131,151,162,176,203,203,301,301,319,229,242,257,270,301,301,157,157,157,175,193,193,203,203,203],"floor_reached":51,"playtime":3333,"items_purged":["Strike_P","Defend_P","Defend_P"],"score":750,"play_id":"96366ce0-f4d9-4523-8363-b4dfdadba1fb","local_time":"20210105011727","is_ascension_mode":false,"campfire_choices":[{"data":"SashWhip","floor":6,"key":"SMITH"},{"data":"FlyingSleeves","floor":15,"key":"SMITH"},{"floor":32,"key":"REST"},{"floor":41,"key":"REST"},{"floor":44,"key":"RECALL"},{"floor":47,"key":"REST"},{"floor":49,"key":"REST"}],"circlet_count":0,"master_deck":["Strike_P+1","Defend_P+1","Defend_P+1","Eruption+1","Vigilance","CurseOfTheBell","SashWhip+1","FlyingSleeves+1","WheelKick","Protect+1","ThirdEye+1","EmptyMind","DeusExMachina","LessonLearned","Sanctity","BattleHymn","BowlingBash+1","FearNoEvil+1","Judgement+1","Study+1","FollowUp","FollowUp+1","DevaForm","Conclude+1","CutThroughFate+1","PathToVictory+1","TalkToTheHand","Establishment","Weave+1","Fasting2+1"],"relics":["Calling Bell","Tiny Chest","Pantograph","Lizard Tail","StoneCalendar","Pear","CaptainsWheel","Bottled Lightning","Fusion Hammer","Ornamental Fan","Matryoshka","Pen Nib","Boot","Letter Opener","Bag of Preparation","Strawberry","Philosopher\u0027s Stone","Eternal Feather","Strange Spoon","Meat on the Bone"],"acts_visited":["Exordium","TheCity","TheBeyond"],"potions_floor_usage":[11,13,28,33,37,40,50,50],"damage_taken":[{"damage":6,"enemies":"Jaw Worm","floor":1,"turns":6},{"damage":0,"enemies":"Cultist","floor":2,"turns":5},{"damage":0,"enemies":"Small Slimes","floor":5,"turns":2},{"damage":26,"enemies":"Lagavulin","floor":8,"turns":7},{"damage":0,"enemies":"Blue Slaver","floor":10,"turns":3},{"damage":10,"enemies":"Gremlin Gang","floor":11,"turns":2},{"damage":10,"enemies":"Exordium Thugs","floor":13,"turns":6},{"damage":2,"enemies":"Slime Boss","floor":16,"turns":7},{"damage":0,"enemies":"Shell Parasite","floor":18,"turns":3},{"damage":0,"enemies":"Chosen","floor":21,"turns":4},{"damage":20,"enemies":"Centurion and Healer","floor":22,"turns":6},{"damage":17,"enemies":"Book of Stabbing","floor":23,"turns":7},{"damage":2,"enemies":"Cultist and Chosen","floor":24,"turns":4},{"damage":34,"enemies":"Slavers","floor":27,"turns":4},{"damage":0,"enemies":"Sentry and Sphere","floor":28,"turns":3},{"damage":2,"enemies":"Shelled Parasite and Fungi","floor":29,"turns":3},{"damage":0,"enemies":"Centurion and Healer","floor":30,"turns":3},{"damage":41,"enemies":"Automaton","floor":33,"turns":7},{"damage":16,"enemies":"3 Shapes","floor":35,"turns":3},{"damage":5,"enemies":"3 Darklings","floor":37,"turns":5},{"damage":1,"enemies":"Spire Growth","floor":38,"turns":3},{"damage":6,"enemies":"4 Shapes","floor":39,"turns":3},{"damage":28,"enemies":"Nemesis","floor":40,"turns":5},{"damage":0,"enemies":"3 Darklings","floor":45,"turns":5},{"damage":22,"enemies":"Spire Growth","floor":46,"turns":6},{"damage":6,"enemies":"4 Shapes","floor":48,"turns":6},{"damage":109,"enemies":"Time Eater","floor":50,"turns":10}],"seed_played":"2937683953055785694","potions_obtained":[{"floor":2,"key":"BlessingOfTheForge"},{"floor":8,"key":"AttackPotion"},{"floor":11,"key":"Fire Potion"},{"floor":16,"key":"BottledMiracle"},{"floor":18,"key":"Weak Potion"},{"floor":24,"key":"StancePotion"},{"floor":29,"key":"Energy Potion"},{"floor":33,"key":"GamblersBrew"},{"floor":35,"key":"Block Potion"},{"floor":38,"key":"Dexterity Potion"},{"floor":40,"key":"GamblersBrew"},{"floor":45,"key":"AttackPotion"}],"is_trial":false,"path_per_floor":["M","M","$","?","M","R","?","E","T","M","M","T","M","$","R","B",null,"M","$","T","M","M","E","M","?","T","E","M","M","M","T","R","B",null,"M","?","M","M","M","E","R","$","T","R","M","M","R","M","R","B",null],"character_chosen":"WATCHER","items_purchased":["Strange Spoon"],"campfire_rested":4,"item_purchase_floors":[42],"current_hp_per_floor":[66,66,66,66,66,66,48,32,32,32,22,22,12,12,12,35,82,82,82,82,82,62,45,43,43,43,9,9,7,7,14,40,24,89,73,73,68,67,61,33,74,74,74,89,89,67,89,83,89,56],"gold":203,"neow_bonus":"BOSS_RELIC","is_daily":false,"chose_seed":false,"campfire_upgraded":2,"win_rate":0.0,"timestamp":1609805847,"path_taken":["M","M","$","?","?","R","?","E","T","M","M","?","?","?","R","BOSS","M","?","?","M","?","E","M","?","T","E","?","M","M","?","R","BOSS","M","?","M","M","?","E","R","$","T","R","M","?","R","M","R","BOSS"],"items_purchased_type":["Relic"],"build_version":"2020-12-22","purchased_purges":3,"victory":true,"max_hp_per_floor":[72,72,72,72,72,72,72,82,82,82,82,82,82,82,82,82,82,82,82,82,82,82,82,82,82,82,82,82,82,82,89,89,89,89,89,89,89,89,89,89,89,89,89,89,89,89,89,89,89,89],"card_choices":[{"not_picked":["FlurryOfBlows","Halt"],"picked":"SashWhip","floor":1},{"not_picked":["Study","ThirdEye"],"picked":"FlyingSleeves","floor":2},{"not_picked":["JustLucky","Crescendo"],"picked":"WheelKick","floor":5},{"not_picked":["Vault","SashWhip"],"picked":"Protect","floor":8},{"not_picked":["Weave","WheelKick"],"picked":"ThirdEye","floor":10},{"not_picked":["Protect","EmptyBody"],"picked":"EmptyMind","floor":11},{"not_picked":["Vengeance","FearNoEvil"],"picked":"DeusExMachina","floor":13},{"not_picked":["Vault","ConjureBlade"],"picked":"LessonLearned","floor":16},{"not_picked":["Evaluate","Indignation"],"picked":"Sanctity","floor":18},{"not_picked":["Vengeance","SashWhip","Protect"],"picked":"SKIP","floor":21},{"not_picked":["Crescendo","FlurryOfBlows+1"],"picked":"BattleHymn","floor":22},{"not_picked":["FlurryOfBlows+1","WreathOfFlame"],"picked":"BowlingBash+1","floor":23},{"not_picked":["Collect","BowlingBash+1","Worship"],"picked":"SKIP","floor":24},{"not_picked":["EmptyFist","BowlingBash+1"],"picked":"Judgement","floor":27},{"not_picked":["BattleHymn","SashWhip"],"picked":"Study+1","floor":28},{"not_picked":["BattleHymn","PathToVictory+1"],"picked":"FollowUp","floor":29},{"not_picked":["Crescendo","ReachHeaven+1"],"picked":"FollowUp+1","floor":30},{"not_picked":["Judgement","MasterReality"],"picked":"DevaForm","floor":33},{"not_picked":["Swivel+1","ThirdEye"],"picked":"Conclude+1","floor":35},{"not_picked":["JustLucky","LikeWater"],"picked":"CutThroughFate+1","floor":37},{"not_picked":["FearNoEvil+1","FlyingSleeves+1"],"picked":"PathToVictory+1","floor":38},{"not_picked":["ClearTheMind","Evaluate"],"picked":"TalkToTheHand","floor":39},{"not_picked":["CrushJoints","Protect+1"],"picked":"Establishment","floor":40},{"not_picked":["FearNoEvil","Nirvana+1"],"picked":"Weave+1","floor":45},{"not_picked":["Worship+1","Indignation+1","LikeWater"],"picked":"SKIP","floor":46},{"not_picked":["CrushJoints","BattleHymn+1"],"picked":"Fasting2+1","floor":48}],"player_experience":217393,"relics_obtained":[{"floor":0,"key":"Tiny Chest"},{"floor":0,"key":"Pantograph"},{"floor":0,"key":"Lizard Tail"},{"floor":8,"key":"Pear"},{"floor":9,"key":"CaptainsWheel"},{"floor":12,"key":"Bottled Lightning"},{"floor":20,"key":"Ornamental Fan"},{"floor":23,"key":"Matryoshka"},{"floor":26,"key":"Pen Nib"},{"floor":26,"key":"Boot"},{"floor":27,"key":"Letter Opener"},{"floor":31,"key":"Bag of Preparation"},{"floor":31,"key":"Strawberry"},{"floor":40,"key":"Eternal Feather"},{"floor":43,"key":"Meat on the Bone"}],"event_choices":[{"damage_healed":0,"gold_gain":0,"player_choice":"Forge","damage_taken":0,"max_hp_gain":0,"max_hp_loss":0,"event_name":"Accursed Blacksmith","floor":4,"gold_loss":0,"cards_upgraded":["Eruption"]},{"damage_healed":0,"gold_gain":0,"player_choice":"Success","damage_taken":18,"relics_obtained":["StoneCalendar"],"max_hp_gain":0,"max_hp_loss":0,"event_name":"Scrap Ooze","floor":7,"gold_loss":0},{"damage_healed":0,"gold_gain":0,"cards_transformed":["Strike_P"],"player_choice":"Transformed","damage_taken":0,"max_hp_gain":0,"max_hp_loss":0,"event_name":"Transmorgrifier","floor":25,"gold_loss":0,"cards_obtained":["FearNoEvil"]},{"cards_removed":["Strike_P"],"damage_healed":0,"gold_gain":0,"player_choice":"Upgrade and Remove","damage_taken":0,"max_hp_gain":0,"max_hp_loss":0,"event_name":"Designer","floor":36,"gold_loss":90,"cards_upgraded":["Judgement"]}],"is_beta":false,"boss_relics":[{"not_picked":["Astrolabe","Ectoplasm"],"picked":"Fusion Hammer"},{"not_picked":["Tiny House","Coffee Dripper"],"picked":"Philosopher\u0027s Stone"}],"items_purged_floors":[3,14,19],"is_endless":false,"potions_floor_spawned":[2,8,11,16,18,23,24,29,33,35,38,40,45],"ascension_level":0}}