{"host":"sc0o2qwpf9j16a4i","time":1609835801,"event":{"mods":["AchievementEnabler","BaseMod","BetterRewards","Block Reminder","Colored Map","Colored Powertips","Custom Start","Highlight Path","Minty Spire (QoL Compilation)","Relic Stats"],"gold_per_floor":[113,125,140,156,20,54,54,83,152,152,164,164,18,29,29,104,104,119,147,147,161,173,173,203,203,203,218,218,218,231,261,261,334,334,352,368,368,379,379,379,397,397,397,37,37,50,30,63,63,63,63],"floor_reached":50,"playtime":2137,"items_purged":["Strike_R"],"score":1469,"play_id":"7811c363-8f99-4fb6-b31a-449097bec459","local_time":"20210105103641","is_ascension_mode":true,"campfire_choices":[{"floor":7.0,"key":"REST"},{"data":"Uppercut","floor":10.0,"key":"SMITH"},{"floor":15.0,"key":"REST"},{"floor":23.0,"key":"REST"},{"floor":25.0,"key":"REST"},{"floor":28.0,"key":"REST"},{"floor":32.0,"key":"REST"},{"data":"Barricade","floor":40.0,"key":"SMITH"},{"data":"True Grit","floor":45.0,"key":"SMITH"},{"floor":49.0,"key":"RECALL"}],"circlet_count":0,"master_deck":["AscendersBane","Strike_R","Defend_R","Defend_R","Defend_R","Defend_R","Immolate","Headbutt","Combust","Uppercut+1","Power Through","Second Wind","Sever Soul","Dark Embrace","Feel No Pain","Havoc","Dropkick","Barricade+1","Thunderclap+1","True Grit+1","Shrug It Off","Pommel Strike","Shockwave","Body Slam+1","Carnage","Anger","Havoc","Battle Trance","Fiend Fire","Second Wind","Feel No Pain","Ghostly Armor","Ghostly Armor","Armaments+1","Battle Trance+1","True Grit"],"relics":["Burning Blood","Paper Frog","InkBottle","Mango","Darkstone Periapt","Ancient Tea Set","Mark of Pain","Red Mask","TungstenRod","Pantograph","Magic Flower","The Courier","Runic Pyramid","Mummified Hand","OrangePellets","Regal Pillow"],"acts_visited":["Exordium","TheCity","TheBeyond"],"potions_floor_usage":[50],"damage_taken":[{"damage":0.0,"enemies":"Cultist","floor":1.0,"turns":2.0},{"damage":1.0,"enemies":"2 Louse","floor":2.0,"turns":2.0},{"damage":9.0,"enemies":"Jaw Worm","floor":3.0,"turns":2.0},{"damage":6.0,"enemies":"2 Fungi Beasts","floor":4.0,"turns":3.0},{"damage":33.0,"enemies":"Gremlin Nob","floor":6.0,"turns":4.0},{"damage":17.0,"enemies":"Lagavulin","floor":8.0,"turns":8.0},{"damage":9.0,"enemies":"Exordium Wildlife","floor":11.0,"turns":4.0},{"damage":9.0,"enemies":"Blue Slaver","floor":14.0,"turns":3.0},{"damage":30.0,"enemies":"Hexaghost","floor":16.0,"turns":9.0},{"damage":32.0,"enemies":"2 Thieves","floor":18.0,"turns":4.0},{"damage":9.0,"enemies":"Masked Bandits","floor":19.0,"turns":4.0},{"damage":8.0,"enemies":"Shell Parasite","floor":21.0,"turns":5.0},{"damage":20.0,"enemies":"Sentry and Sphere","floor":22.0,"turns":10.0},{"damage":44.0,"enemies":"Gremlin Leader","floor":24.0,"turns":7.0},{"damage":15.0,"enemies":"Snake Plant","floor":27.0,"turns":5.0},{"damage":5.0,"enemies":"3 Cultists","floor":30.0,"turns":5.0},{"damage":54.0,"enemies":"Book of Stabbing","floor":31.0,"turns":9.0},{"damage":65.0,"enemies":"Automaton","floor":33.0,"turns":11.0},{"damage":18.0,"enemies":"3 Shapes","floor":35.0,"turns":10.0},{"damage":18.0,"enemies":"Orb Walker","floor":36.0,"turns":4.0},{"damage":54.0,"enemies":"Writhing Mass","floor":38.0,"turns":11.0},{"damage":1.0,"enemies":"4 Shapes","floor":41.0,"turns":7.0},{"damage":0.0,"enemies":"3 Darklings","floor":46.0,"turns":6.0},{"damage":0.0,"enemies":"Nemesis","floor":48.0,"turns":7.0},{"damage":78,"enemies":"Awakened One","floor":50,"turns":15}],"seed_played":"-8093480731434229441","potions_obtained":[{"floor":1.0,"key":"DuplicationPotion"},{"floor":16.0,"key":"FearPotion"},{"floor":19.0,"key":"BlessingOfTheForge"},{"floor":21.0,"key":"EssenceOfSteel"},{"floor":24.0,"key":"AttackPotion"},{"floor":31.0,"key":"GamblersBrew"},{"floor":36.0,"key":"Energy Potion"},{"floor":46.0,"key":"Strength Potion"},{"floor":48.0,"key":"Ancient Potion"}],"is_trial":false,"path_per_floor":["M","M","M","M","$","E","R","E","T","R","M","?","$","M","R","B",null,"M","?","T","M","M","R","E","R","T","M","R","?","M","E","R","B",null,"M","M","?","M","?","R","M","?","T","$","R","M","$","E","R","B"],"character_chosen":"IRONCLAD","items_purchased":["Paper Frog","Immolate","Strength Potion","Power Through","Feel No Pain","Havoc","Mummified Hand","OrangePellets","True Grit"],"campfire_rested":6,"item_purchase_floors":[0,0,5,5,13,13,44,44,47],"current_hp_per_floor":[55,60,57,57,57,30,52,55,55,55,52,26,26,23,49,25,73,47,44,44,42,28,54,16,42,42,36,62,62,66,21,47,29,74,65,56,56,11,73,73,73,73,73,73,73,73,73,73,73,0,0],"gold":63,"neow_bonus":"","is_daily":false,"chose_seed":false,"campfire_upgraded":3,"win_rate":0.0,"timestamp":1609835801,"path_taken":["M","M","M","?","$","E","R","E","T","R","?","?","?","M","R","BOSS","M","?","?","M","M","R","E","R","T","M","R","?","M","E","R","BOSS","M","M","?","?","?","R","M","?","T","$","R","M","?","E","R","BOSS"],"items_purchased_type":["Relic","Card","Potion","Card","Card","Card","Relic","Relic","Card"],"build_version":"2020-12-22","purchased_purges":1,"victory":false,"max_hp_per_floor":[75,75,75,75,75,75,75,89,89,89,89,89,89,89,89,89,89,89,89,89,89,89,89,89,89,89,89,89,89,89,89,89,89,89,89,89,89,89,73,73,73,73,73,73,73,73,73,73,73,73,73],"relic_stats":{"Darkstone Periapt":0,"OrangePellets":[1],"Regal Pillow":0,"counters":[38,216],"Mummified Hand":[17],"Pantograph":38,"Magic Flower":[34],"obtain_stats":[{"Darkstone Periapt":9,"Girya":9,"Lee\u0027s Waffle":12,"Regal Pillow":48,"Golden Idol":2,"Magic Flower":26,"Mango":8,"The Courier":31,"Bag of Preparation":27,"Ancient Tea Set":12,"Burning Blood":0,"OrangePellets":44,"Shuriken":8,"Mummified Hand":44,"Bloody Idol":28,"Pantograph":24,"Fusion Hammer":17,"WingedGreaves":24,"Mark of Pain":17,"Red Mask":19,"InkBottle":26,"TungstenRod":20,"Paper Frog":0,"Runic Pyramid":34},{"Darkstone Periapt":19,"Girya":5,"Lee\u0027s Waffle":6,"Regal Pillow":37,"Golden Idol":1,"Magic Flower":27,"Mango":19,"The Courier":30,"Bag of Preparation":12,"Ancient Tea Set":20,"Burning Blood":0,"OrangePellets":35,"Shuriken":5,"Mummified Hand":35,"Bloody Idol":12,"Pantograph":27,"Fusion Hammer":8,"WingedGreaves":11,"Mark of Pain":22,"Red Mask":24,"InkBottle":11,"TungstenRod":24,"Paper Frog":13,"Runic Pyramid":31},{"Darkstone Periapt":80,"Girya":19,"Lee\u0027s Waffle":21,"Regal Pillow":201,"Golden Idol":4,"Magic Flower":126,"Mango":80,"The Courier":145,"Bag of Preparation":55,"Ancient Tea Set":84,"Burning Blood":0,"OrangePellets":188,"Shuriken":19,"Mummified Hand":188,"Bloody Idol":55,"Pantograph":126,"Fusion Hammer":35,"WingedGreaves":50,"Mark of Pain":96,"Red Mask":104,"InkBottle":50,"TungstenRod":104,"Paper Frog":59,"Runic Pyramid":156}],"Burning Blood":214,"InkBottle":[42],"TungstenRod":119},"card_choices":[{"not_picked":["Perfected Strike","Heavy Blade"],"picked":"Headbutt","floor":1.0},{"not_picked":["Dark Embrace","Cleave"],"picked":"Combust","floor":2.0},{"not_picked":["Pommel Strike","Twin Strike","Fiend Fire"],"picked":"SKIP","floor":3.0},{"not_picked":["Searing Blow","Hemokinesis"],"picked":"Uppercut","floor":4.0},{"not_picked":["Wild Strike","Whirlwind"],"picked":"Second Wind","floor":6.0},{"not_picked":["Perfected Strike","Wild Strike"],"picked":"Sever Soul","floor":8.0},{"not_picked":["Clash","Warcry"],"picked":"Dark Embrace","floor":11.0},{"not_picked":["Sword Boomerang","Bloodletting"],"picked":"Dropkick","floor":14.0},{"not_picked":["Double Tap","Brutality"],"picked":"Barricade","floor":16.0},{"not_picked":["Heavy Blade","Flex"],"picked":"Thunderclap+1","floor":18.0},{"not_picked":["Dark Embrace","Cleave"],"picked":"True Grit","floor":19.0},{"not_picked":["Heavy Blade","Cleave"],"picked":"Shrug It Off","floor":21.0},{"not_picked":["Cleave","Clothesline"],"picked":"Pommel Strike","floor":22.0},{"not_picked":["Limit Break","Rage"],"picked":"Shockwave","floor":24.0},{"not_picked":["Iron Wave","Carnage"],"picked":"Body Slam+1","floor":27.0},{"not_picked":["Clash","Headbutt"],"picked":"Havoc","floor":30.0},{"not_picked":["Flex","Double Tap"],"picked":"Battle Trance","floor":31.0},{"not_picked":["Demon Form","Double Tap"],"picked":"Fiend Fire","floor":33.0},{"not_picked":["Rupture","Battle Trance"],"picked":"Second Wind","floor":35.0},{"not_picked":["Headbutt","Combust"],"picked":"Feel No Pain","floor":36.0},{"not_picked":["Clash+1","Headbutt"],"picked":"Ghostly Armor","floor":38.0},{"not_picked":["Clash","Searing Blow+1"],"picked":"Armaments+1","floor":41.0},{"not_picked":["Searing Blow","True Grit"],"picked":"Battle Trance+1","floor":46.0},{"not_picked":["Pummel","Armaments","Twin Strike+1"],"picked":"SKIP","floor":48.0}],"player_experience":542407,"relics_obtained":[{"floor":6.0,"key":"InkBottle"},{"floor":8.0,"key":"Mango"},{"floor":9.0,"key":"Darkstone Periapt"},{"floor":19.0,"key":"Red Mask"},{"floor":20.0,"key":"TungstenRod"},{"floor":24.0,"key":"Pantograph"},{"floor":26.0,"key":"Magic Flower"},{"floor":31.0,"key":"The Courier"},{"floor":48.0,"key":"Regal Pillow"}],"event_choices":[{"damage_healed":0.0,"max_hp_gain":0.0,"max_hp_loss":0.0,"gold_gain":0.0,"event_name":"Scrap Ooze","player_choice":"Success","floor":12.0,"gold_loss":0.0,"damage_taken":26.0,"relics_obtained":["Ancient Tea Set"]},{"damage_healed":0.0,"max_hp_gain":0.0,"max_hp_loss":0.0,"gold_gain":0.0,"event_name":"Masked Bandits","player_choice":"Fought Bandits","floor":19.0,"gold_loss":0.0,"damage_taken":0.0},{"damage_healed":0.0,"max_hp_gain":0.0,"max_hp_loss":0.0,"gold_gain":0.0,"cards_transformed":["Strike_R","Strike_R"],"event_name":"Drug Dealer","player_choice":"Became Test Subject","floor":29.0,"gold_loss":0.0,"damage_taken":0.0,"cards_obtained":["Carnage","Anger"]},{"damage_healed":0.0,"max_hp_gain":0.0,"max_hp_loss":0.0,"gold_gain":0.0,"cards_transformed":["Strike_R"],"event_name":"Transmorgrifier","player_choice":"Transformed","floor":37.0,"gold_loss":0.0,"damage_taken":0.0,"cards_obtained":["Ghostly Armor"]},{"damage_healed":73.0,"max_hp_gain":0.0,"max_hp_loss":16.0,"gold_gain":0.0,"event_name":"The Moai Head","player_choice":"Heal","floor":39.0,"gold_loss":0.0,"damage_taken":0.0},{"cards_removed":["Bash"],"damage_healed":0.0,"max_hp_gain":0.0,"max_hp_loss":0.0,"gold_gain":0.0,"event_name":"Falling","player_choice":"Removed Attack","floor":42.0,"gold_loss":0.0,"damage_taken":0.0}],"is_beta":false,"boss_relics":[{"not_picked":["SacredBark","Runic Dome"],"picked":"Mark of Pain"},{"not_picked":["Black Star","Coffee Dripper"],"picked":"Runic Pyramid"}],"items_purged_floors":[0],"is_endless":false,"potions_floor_spawned":[1,8,11,14,16,19,21,24,27,31,36,46,48],"killed_by":"Awakened One","ascension_level":20}}