{"host":"jr9txmeil0uubrvm","time":1609851139,"event":{"mods":["10 clothes from DAL","ATMod(阿瑾Mod)","Act Like it!","BaseMod","Colored Powertips","Gensokyo","Minty Spire (QoL Compilation)","Permanent Neow","Quick Restart","StSLib","The Alterego","The Marked","TheWitcher","【功能Mod】Neow奖励","【功能Mod】强力的原版药水","【功能Mod】精心准备","【角色mod】十八桐人","【遗物Mod】简单游戏","【遗物卡牌】REMEMod","残留之物","没有小屋子和绿帽子啦","魔戒"],"gold_per_floor":[109,34,34,52,65,91,91,125,125,156,156,168,200,26,26,121,121,138,138,388,160,177,202,215,231,257,290,306,320,320,337,337,432,432,451,451,463,463,478,507,507,507,507,539,556,211,227,252,252,252],"floor_reached":51,"playtime":2026,"items_purged":["Strike_Black","Defend_Black","Elucidator_Black"],"score":965,"play_id":"ce51bd10-0a0b-4e5b-ab83-703cbe4b2f05","local_time":"20210105205219","is_ascension_mode":true,"campfire_choices":[{"data":"WartimeReply_Black","floor":7,"key":"SMITH"},{"data":"Pain","floor":11,"key":"PURGE"},{"data":"SunBlade_Black","floor":15,"key":"SMITH"},{"data":"AT_LightSaberMaster","floor":32,"key":"SMITH"},{"floor":41,"key":"REST"},{"floor":49,"key":"REST"}],"circlet_count":0,"master_deck":["Defend_Black","Defend_Black","Defend_Black","Observe_Black","AT_LightSaberMaster+1","ThespeedofsoundToattack_Black","Track_Black","WartimeReply_Black+1","SharpCut_Black","CuttingEdge_Black","SunBlade_Black+1","CuttingEdge_Black","NotreDame_Black","DoubleAttack_Black+1","SwordDance_Black+1","SharpCut_Black","SmokeScreen_Black","DoubleAttack_Black+1","StarBurstStream_Black","MentalSkills_Black+1","PrewarPrepare_Black"],"relics":["Aincard","EasyRelic","REME_ComplimentaryCards","AT_ATBox","Elucidator","NeowsBlessing","Gensokyo:LunaticRedEyes","Orichalcum","Peace Pipe","Letter Opener","TungstenRod","Pen Nib","DarkRepulser","Ancient Tea Set","Lantern","Darkstone Periapt","Gensokyo:MosesMiracle","SacredBark","Ginger","Frozen Egg 2","REME_HourglassOfDeath","REME_PuzzleBoxRelic","AT_SpeedBoots","PlaceholderMod:DeVermisMysteriis","Vajra"],"acts_visited":["Exordium","Gensokyo:Gensokyo","Gensokyo:Gensokyoer"],"potions_floor_usage":[16,16,16,16,21,28,50,50,50],"damage_taken":[{"damage":0,"enemies":"Gensokyo:Gryphon","floor":1,"turns":1},{"damage":2,"enemies":"Gensokyo:3_Fairies","floor":4,"turns":2},{"damage":1,"enemies":"Gensokyo:Python","floor":5,"turns":1},{"damage":18,"enemies":"Gensokyo:Cirno","floor":6,"turns":8},{"damage":16,"enemies":"Gensokyo:Mamizou","floor":8,"turns":7},{"damage":15,"enemies":"Gensokyo:Cirno","floor":10,"turns":7},{"damage":0,"enemies":"Gensokyo:LivingMonolith","floor":12,"turns":3},{"damage":0,"enemies":"Gensokyo:Mamizou","floor":13,"turns":5},{"damage":53,"enemies":"Gensokyo:Yukari","floor":16,"turns":12},{"damage":13,"enemies":"Gensokyo:CosmicMonolith","floor":18,"turns":4},{"damage":0,"enemies":"Gensokyo:Chomper","floor":22,"turns":2},{"damage":0,"enemies":"Gensokyo:Tenshi","floor":23,"turns":4},{"damage":0,"enemies":"Gensokyo:Swordslinger","floor":24,"turns":3},{"damage":10,"enemies":"Gensokyo:Slime_Group","floor":25,"turns":4},{"damage":1,"enemies":"Gensokyo:Reisen","floor":27,"turns":4},{"damage":2,"enemies":"Gensokyo:Monolith_and_Dog","floor":28,"turns":3},{"damage":0,"enemies":"Gensokyo:Wraith","floor":29,"turns":3},{"damage":11,"enemies":"Gensokyo:Mirror_and_Dog","floor":31,"turns":4},{"damage":36,"enemies":"Gensokyo:Kaguya","floor":33,"turns":7},{"damage":20,"enemies":"Gensokyo:AncientGuardian","floor":35,"turns":4},{"damage":4,"enemies":"Gensokyo:3_Boulders","floor":37,"turns":4},{"damage":0,"enemies":"Gensokyo:AtlasGolem","floor":39,"turns":4},{"damage":33,"enemies":"Gensokyo:Marisa","floor":40,"turns":5},{"damage":12,"enemies":"Gensokyo:Doremy","floor":44,"turns":4},{"damage":0,"enemies":"Gensokyo:Sharpion","floor":45,"turns":3},{"damage":23,"enemies":"Gensokyo:Rafflesia","floor":47,"turns":4},{"damage":19,"enemies":"Gensokyo:Kasen","floor":48,"turns":4},{"damage":23,"enemies":"Gensokyo:Shinki","floor":50,"turns":5}],"seed_played":"7293961458978253706","potions_obtained":[{"floor":4,"key":"Energy Potion"},{"floor":6,"key":"LiquidMemories"},{"floor":8,"key":"Strength Potion"},{"floor":16,"key":"EssenceOfSteel"},{"floor":22,"key":"Fire Potion"},{"floor":24,"key":"CultistPotion"},{"floor":29,"key":"SmokeBomb"},{"floor":31,"key":"Block Potion"},{"floor":35,"key":"Strength Potion"},{"floor":40,"key":"Strength Potion"}],"is_trial":false,"path_per_floor":["M","$","?","M","M","E","R","E","T","E","R","M","E","$","R","B",null,"M","?","?","$","M","E","M","M","T","E","M","M","?","M","R","B",null,"M","?","M","?","M","E","R","T","T","E","M","$","M","E","R","B",null],"character_chosen":"THE_KIRITO","items_purchased":["CuttingEdge_Black","Fruit Juice","AT_SpeedBoots","PlaceholderMod:DeVermisMysteriis","MentalSkills_Black+1"],"campfire_rested":2,"item_purchase_floors":[14,21,46,46,46],"current_hp_per_floor":[64,64,64,62,61,43,43,51,51,64,64,64,64,64,64,64,51,51,46,44,54,54,54,54,50,50,49,54,54,54,54,54,47,54,34,34,30,30,39,18,34,34,34,28,28,28,26,28,44,21],"gold":252,"neow_bonus":"THREE_ENEMY_KILL","is_daily":false,"chose_seed":false,"campfire_upgraded":3,"win_rate":0.0,"timestamp":1609851139,"path_taken":["M","$","?","?","M","E","R","E","T","E","R","M","E","?","R","BOSS","M","?","?","$","M","E","M","?","T","E","M","M","?","M","R","BOSS","M","?","M","?","M","E","R","?","T","E","M","$","?","E","R","BOSS"],"items_purchased_type":["Card","Potion","Relic","Relic","Card"],"build_version":"2020-12-22","purchased_purges":3,"victory":true,"max_hp_per_floor":[64,64,64,64,64,64,64,64,64,64,64,64,64,64,64,64,51,51,46,44,54,54,54,54,54,54,54,54,54,54,54,54,54,54,54,54,54,54,54,54,54,54,54,54,54,54,54,54,54,54],"card_choices":[{"not_picked":["SunBlade_Black","SelfCongested_Black"],"picked":"ThespeedofsoundToattack_Black","floor":1},{"not_picked":["Smile_Black","HorizontalSquareChopping_Black","CuttingEdge_Black"],"picked":"SKIP","floor":4},{"not_picked":["FlashPuncture_Black","HorizontalSquareChopping_Black"],"picked":"Track_Black","floor":5},{"not_picked":["Attacker_Black","SharpClaw_Black"],"picked":"WartimeReply_Black","floor":6},{"not_picked":["Thrust_Black","WeakHit_Black"],"picked":"SharpCut_Black","floor":8},{"not_picked":["DexterityTransform_Black","BrokenRibs_Black"],"picked":"CuttingEdge_Black","floor":10},{"not_picked":["SelfCongested_Black","FlashPuncture_Black"],"picked":"Elucidator_Black","floor":12},{"not_picked":["Attacker_Black","Defender_Black"],"picked":"SunBlade_Black","floor":13},{"not_picked":["DoubleSword_Black","Stick_Black"],"picked":"NotreDame_Black","floor":16},{"not_picked":["WartimeReply_Black","WeakHit_Black","DefensiveStance_Black+1"],"picked":"SKIP","floor":18},{"not_picked":["BrokenRibs_Black+1","CuttingEdge_Black","Defender_Black"],"picked":"SKIP","floor":22},{"not_picked":["StarSpatter_Black","FlashPuncture_Black","Mark_Black"],"picked":"SKIP","floor":23},{"not_picked":["TakeAdvantage_Black+1","Thrust_Black"],"picked":"DoubleAttack_Black+1","floor":24},{"not_picked":["TrueLove_Black","Spitting_Black"],"picked":"SwordDance_Black+1","floor":25},{"not_picked":["DoubleCut_Black","GunFight_Black"],"picked":"SharpCut_Black","floor":27},{"not_picked":["WeakHit_Black+1","HeroicBearing_Black+1"],"picked":"SmokeScreen_Black","floor":28},{"not_picked":["DoubleCut_Black","BrokenRibs_Black+1","HorizontalSquareChopping_Black"],"picked":"SKIP","floor":29},{"not_picked":["SelfCongested_Black","HighSpeedReaction_Black+1","DoubleCut_Black"],"picked":"SKIP","floor":31},{"not_picked":["FlashPuncture_Black","WeakHit_Black+1","StrengthTransform_Black+1"],"picked":"SKIP","floor":35},{"not_picked":["HighSpeedReaction_Black","Mark_Black+1","ThespeedofsoundToattack_Black+1"],"picked":"SKIP","floor":37},{"not_picked":["Kiriko_Black+1","Thrust_Black+1"],"picked":"DoubleAttack_Black+1","floor":39},{"not_picked":["Exercise2_Black","Injury_Black"],"picked":"StarBurstStream_Black","floor":40},{"not_picked":["PrewarPrepare_Black+1","SpiritCrash_Black+1","HeroicBearing_Black"],"picked":"SKIP","floor":44},{"not_picked":["NotreDame_Black","TakeAdvantage_Black","Thrust_Black+1"],"picked":"SKIP","floor":45},{"not_picked":["GunFight_Black+1","Ghost_Black","Smile_Black+1"],"picked":"SKIP","floor":47},{"not_picked":["Attacker_Black+1","Thrust_Black+1"],"picked":"PrewarPrepare_Black","floor":48}],"player_experience":482813,"relics_obtained":[{"floor":6,"key":"Orichalcum"},{"floor":8,"key":"Peace Pipe"},{"floor":9,"key":"Letter Opener"},{"floor":10,"key":"TungstenRod"},{"floor":13,"key":"Pen Nib"},{"floor":23,"key":"Ancient Tea Set"},{"floor":26,"key":"Lantern"},{"floor":27,"key":"Darkstone Periapt"},{"floor":35,"key":"Gensokyo:MosesMiracle"},{"floor":40,"key":"Ginger"},{"floor":42,"key":"Frozen Egg 2"},{"floor":43,"key":"REME_HourglassOfDeath"},{"floor":44,"key":"REME_PuzzleBoxRelic"},{"floor":48,"key":"Vajra"}],"event_choices":[],"is_beta":false,"boss_relics":[{"not_picked":["Snecko Eye","Cursed Key"],"picked":"DarkRepulser"},{"not_picked":["REME_ChargedStone","Coffee Dripper"],"picked":"SacredBark"}],"items_purged_floors":[2,14,21],"is_endless":false,"potions_floor_spawned":[4,6,8,13,16,22,24,29,31,35,40,47],"ascension_level":1}}