{"host":"hbvn1mkfq2iixsau","time":1609873139,"event":{"mods":["AchievementEnabler","Act Like it!","BaseMod","Better Altar","Better Match","Better Sensory Stone","Better Skull","Better Third Choice","Challenge The Spire","Colored Map","Displayed Cursed Tome","Filter the Spire","Hallownest","Minty Spire (QoL Compilation)","Quick Restart","Relic Stats","Shop Mod","StSLib","The Bug Knight"],"gold_per_floor":[113,225,235,250,266,292,292,322,322,357,382,394,435,447,459,576,588,614,639,561,583,614,654,666,706,743,755,767,796,836,866,878,1004,1016,1046,878,474,408,435,460,460,499,524,558,578,590,298,317,317,317,317],"floor_reached":50,"playtime":3851,"items_purged":["HollowMod:HowlingWraiths"],"score":771,"play_id":"f8853877-7561-4537-bd16-bb50fde04702","local_time":"20210105205859","is_ascension_mode":true,"campfire_choices":[{"floor":7.0,"key":"REST"},{"data":"HollowMod:GreatSlash","floor":15.0,"key":"SMITH"},{"data":"HollowMod:VoidDash","floor":24.0,"key":"SMITH"},{"data":"HollowMod:MantisMark","floor":27.0,"key":"SMITH"},{"data":"HollowMod:MantisMark","floor":32.0,"key":"SMITH"},{"data":"HollowMod:LordofShades","floor":41.0,"key":"SMITH"},{"floor":49,"key":"RECALL"}],"circlet_count":0,"master_deck":["HollowMod:NailStrikeStart","HollowMod:NailStrikeStart","HollowMod:NailStrikeStart","HollowMod:QuickDashStart","HollowMod:QuickDashStart","HollowMod:QuickDashStart","HollowMod:QuickDashStart","HollowMod:FocusHealStart","HollowMod:PogoStrike","HollowMod:GreatSlash+1","HollowMod:HuntersJournal","HollowMod:SoulStrike+1","HollowMod:GoodIntentions","HollowMod:CycloneSlash+1","HollowMod:CrystalDash","HollowMod:MonomonsArchive","HollowMod:VoidDash+1","HollowMod:MantisMark+1","HollowMod:MantisMark+1","HollowMod:DescendingDark+1","HollowMod:DescendingDark+1","HollowMod:ZotesMagnificence+1","HollowMod:DescendingDark+1","HollowMod:BlackTendrils+1","HollowMod:ShadowDash","HollowMod:MantisMark","HollowMod:ShadowDash+1","HollowMod:LordofShades+1","HollowMod:SiblingsSouls","HollowMod:WhiteLadysBlessing"],"relics":["Black Star","Lantern","Bag of Marbles","Du-Vu Doll","Eternal Feather","Molten Egg 2","Sundial","Meat on the Bone","MawBank","HollowMod:MantisClawRelic","Pocketwatch","Bottled Lightning","HollowMod:VoidIdolRelic","Darkstone Periapt","HollowMod:MillibellesNoteRelic","Bag of Preparation","Boot","Orichalcum","HollowMod:PaleOreRelic","CeramicFish","SlaversCollar","Hallownest:StagBellStandRelic","MerchantsRug","Shuriken","Toy Ornithopter","Art of War","Thread and Needle","Letter Opener","Gremlin Horn","Anchor","Sling"],"acts_visited":["Exordium","Hallownest:Greenpath","Hallownest:CityofTears"],"potions_floor_usage":[50],"damage_taken":[{"damage":0.0,"enemies":"2_ Uuma","floor":1.0,"turns":5.0},{"damage":0.0,"enemies":"Hallownest:2_Baldur","floor":3.0,"turns":3.0},{"damage":0.0,"enemies":"Hallownest:monsterHuskGuard","floor":4.0,"turns":3.0},{"damage":7.0,"enemies":"Hallownest:2_Tiktiks_1_Baldur_1_Crawlid","floor":5.0,"turns":3.0},{"damage":12.0,"enemies":"Hallownest:eliteCrystalGuardian","floor":6.0,"turns":5.0},{"damage":14.0,"enemies":"Hallownest:eliteVengeflyKing","floor":8.0,"turns":7.0},{"damage":12.0,"enemies":"Hallownest:eliteCrystalGuardian","floor":10.0,"turns":5.0},{"damage":0.0,"enemies":"Hallownest:Wandering_and_Horned","floor":11.0,"turns":3.0},{"damage":14.0,"enemies":"Hallownest:eliteMossKnight","floor":13.0,"turns":7.0},{"damage":46.0,"enemies":"Hallownest:BossBrokenVessel","floor":16.0,"turns":8.0},{"damage":0.0,"enemies":"Hallownest:3_Youths","floor":18.0,"turns":4.0},{"damage":5.0,"enemies":"Hallownest:Guard_and_Sentry","floor":19.0,"turns":3.0},{"damage":7.0,"enemies":"Hallownest:monsterMisterMushroom","floor":21.0,"turns":5.0},{"damage":8.0,"enemies":"Hallownest:monsterShrumalOgre","floor":22.0,"turns":5.0},{"damage":1.0,"enemies":"Hallownest:Nosk","floor":23.0,"turns":7.0},{"damage":11.0,"enemies":"Hallownest:eliteWatcherKnight","floor":25.0,"turns":8.0},{"damage":0.0,"enemies":"Hallownest:3_Mistakes","floor":29.0,"turns":2.0},{"damage":0.0,"enemies":"Hallownest:Nosk","floor":30.0,"turns":6.0},{"damage":0.0,"enemies":"Hallownest:monsterMisterMushroom","floor":31.0,"turns":4.0},{"damage":36.0,"enemies":"Hallownest:BossGrimm","floor":33.0,"turns":8.0},{"damage":0.0,"enemies":"Hallownest:2_Littles","floor":35.0,"turns":1.0},{"damage":11.0,"enemies":"Hallownest:Shield_Heavy","floor":39.0,"turns":3.0},{"damage":25.0,"enemies":"Hallownest:eliteCollector","floor":40.0,"turns":5.0},{"damage":5.0,"enemies":"Hallownest:eliteHiveKnight","floor":42.0,"turns":5.0},{"damage":0,"enemies":"Hallownest:StalkingDevout","floor":44,"turns":3},{"damage":20,"enemies":"Hallownest:2_Wing_and_1_Kings","floor":45,"turns":2},{"damage":7,"enemies":"Hallownest:Slobbering_and_Violent","floor":46,"turns":4},{"damage":12,"enemies":"Hallownest:monsterPrimalAspid","floor":48,"turns":3},{"damage":104,"enemies":"Hallownest:BossHollowKnight","floor":50,"turns":7}],"seed_played":"-7862333565241719155","potions_obtained":[{"floor":1.0,"key":"Energy Potion"},{"floor":10.0,"key":"BlessingOfTheForge"},{"floor":16.0,"key":"LiquidMemories"},{"floor":21.0,"key":"Energy Potion"},{"floor":33.0,"key":"Swift Potion"},{"floor":45,"key":"SkillPotion"},{"floor":48,"key":"Regen Potion"}],"is_trial":false,"path_per_floor":["M","?","M","M","M","E","R","E","T","E","M","$","E","?","R","B",null,"M","M","?","M","M","E","R","E","T","R","?","M","E","M","R","B",null,"M","?","$","?","M","E","R","E","T","E","M","M","$","M","R","B"],"character_chosen":"THE_BUGKNIGHT","items_purchased":["MerchantsRug","HollowMod:DescendingDark+1","HollowMod:BlackTendrils+1","HollowMod:ShadowDash","HollowMod:MantisMark","Anchor","Sling"],"campfire_rested":1,"item_purchase_floors":[37,37,37,37,37,47,47],"current_hp_per_floor":[75,33,33,33,26,14,42,28,28,28,40,40,38,38,47,13,75,75,70,70,63,55,54,66,55,55,67,67,67,67,67,75,39,75,75,75,75,75,64,56,71,75,75,75,55,73,73,61,75,0,0],"gold":317,"neow_bonus":"BOSS_RELIC","is_daily":false,"chose_seed":false,"campfire_upgraded":5,"win_rate":0.0,"timestamp":1609873139,"path_taken":["M","?","M","M","M","E","R","E","T","E","?","$","E","?","R","BOSS","M","M","?","M","M","E","R","E","T","R","?","M","E","M","R","BOSS","M","?","$","?","?","E","R","E","T","E","?","M","$","M","R","BOSS"],"items_purchased_type":["Relic","Card","Card","Card","Card","Relic","Relic"],"build_version":"2020-12-22","purchased_purges":1,"victory":false,"max_hp_per_floor":[75,75,75,75,75,75,75,75,75,75,75,75,75,75,75,75,75,75,75,75,75,75,75,75,75,75,75,75,75,75,75,75,75,75,75,75,75,75,75,75,75,75,75,75,75,75,75,75,75,75,75],"relic_stats":{"Darkstone Periapt":0,"Gremlin Horn":[3,3],"counters":[29,134],"CeramicFish":81,"Eternal Feather":76,"Bag of Preparation":[26],"Letter Opener":[43],"Orichalcum":[108],"MawBank":324,"Boot":[15],"Sundial":[24],"Shuriken":[12],"Black Star":10,"Art of War":[2],"obtain_stats":[{"Darkstone Periapt":23,"Lantern":2,"Hallownest:StagBellRelic1":20,"Gremlin Horn":44,"CeramicFish":30,"HollowMod:VesselMask":0,"Bag of Preparation":25,"HollowMod:VoidIdolRelic":17,"HollowMod:MillibellesNoteRelic":23,"Boot":25,"Sling":47,"Hallownest:StagBellStandRelic":36,"Sundial":8,"HollowMod:PaleOreRelic":30,"HollowMod:MantisClawRelic":10,"MerchantsRug":37,"Eternal Feather":6,"Thread and Needle":42,"Letter Opener":44,"Orichalcum":26,"MawBank":10,"Du-Vu Doll":6,"SlaversCollar":34,"Anchor":47,"Shuriken":40,"Molten Egg 2":8,"Black Star":0,"Bag of Marbles":2,"Art of War":42,"Bottled Lightning":13,"Toy Ornithopter":40,"Meat on the Bone":9,"Pocketwatch":13},{"Darkstone Periapt":15,"Lantern":1,"Hallownest:StagBellRelic1":12,"Gremlin Horn":25,"CeramicFish":18,"HollowMod:VesselMask":0,"Bag of Preparation":16,"HollowMod:VoidIdolRelic":10,"HollowMod:MillibellesNoteRelic":15,"Boot":16,"Sling":27,"Hallownest:StagBellStandRelic":21,"Sundial":6,"HollowMod:PaleOreRelic":18,"HollowMod:MantisClawRelic":7,"MerchantsRug":21,"Eternal Feather":5,"Thread and Needle":24,"Letter Opener":25,"Orichalcum":16,"MawBank":7,"Du-Vu Doll":5,"SlaversCollar":20,"Anchor":27,"Shuriken":23,"Molten Egg 2":6,"Black Star":0,"Bag of Marbles":1,"Art of War":24,"Bottled Lightning":9,"Toy Ornithopter":23,"Meat on the Bone":6,"Pocketwatch":9},{"Darkstone Periapt":73,"Lantern":5,"Hallownest:StagBellRelic1":56,"Gremlin Horn":118,"CeramicFish":89,"HollowMod:VesselMask":0,"Bag of Preparation":81,"HollowMod:VoidIdolRelic":49,"HollowMod:MillibellesNoteRelic":73,"Boot":81,"Sling":124,"Hallownest:StagBellStandRelic":102,"Sundial":26,"HollowMod:PaleOreRelic":89,"HollowMod:MantisClawRelic":31,"MerchantsRug":102,"Eternal Feather":19,"Thread and Needle":115,"Letter Opener":118,"Orichalcum":81,"MawBank":31,"Du-Vu Doll":19,"SlaversCollar":101,"Anchor":124,"Shuriken":110,"Molten Egg 2":26,"Black Star":0,"Bag of Marbles":5,"Art of War":115,"Bottled Lightning":41,"Toy Ornithopter":110,"Meat on the Bone":26,"Pocketwatch":41}],"Toy Ornithopter":11,"Meat on the Bone":48,"Pocketwatch":[81]},"card_choices":[{"not_picked":["HollowMod:MonarchWings","HollowMod:DreamGate","HollowMod:NewJinnsSoul"],"picked":"SKIP","floor":1.0},{"not_picked":["HollowMod:LifebloodCocoon","HollowMod:SharpenedNail"],"picked":"HollowMod:GreatSlash","floor":3.0},{"not_picked":["HollowMod:SoulVessel","HollowMod:SoulSplash"],"picked":"HollowMod:HuntersJournal","floor":4.0},{"not_picked":["HollowMod:FastStrike","HollowMod:DoubleDash","HollowMod:DreamGate"],"picked":"SKIP","floor":5.0},{"not_picked":["HollowMod:TaintedHusks","HollowMod:SharpenedNail"],"picked":"HollowMod:HowlingWraiths","floor":6.0},{"not_picked":["HollowMod:GrimmsGift","HollowMod:ElderbugsWisdom"],"picked":"HollowMod:SoulStrike+1","floor":8.0},{"not_picked":["HollowMod:MawleksShell","HollowMod:QuirrelsAssistance+1"],"picked":"HollowMod:GoodIntentions","floor":10.0},{"not_picked":["HollowMod:SiblingsSouls","HollowMod:HowlingWraiths+1"],"picked":"HollowMod:CycloneSlash+1","floor":11.0},{"not_picked":["HollowMod:HowlingWraiths+1","HollowMod:SoulSplash"],"picked":"HollowMod:CrystalDash","floor":13.0},{"not_picked":["HollowMod:HornetsHelp+1","HollowMod:LifebloodCore"],"picked":"HollowMod:VoidDash","floor":16.0},{"not_picked":["HollowMod:SiblingsSouls","HollowMod:DashSlash+1"],"picked":"HollowMod:MantisMark","floor":18.0},{"not_picked":["HollowMod:InfectedAttack+1","HollowMod:NewGlowingWomb"],"picked":"HollowMod:MantisMark","floor":19.0},{"not_picked":["HollowMod:CornifersMapStart","HollowMod:SharpenedNail+1","HollowMod:BrokenVessel+1"],"picked":"SKIP","floor":21.0},{"not_picked":["HollowMod:GoodIntentions","HollowMod:TaintedHusks"],"picked":"HollowMod:DescendingDark+1","floor":22.0},{"not_picked":["HollowMod:DesolateDive+1","HollowMod:Weaversong"],"picked":"HollowMod:DescendingDark+1","floor":23.0},{"not_picked":["HollowMod:SoulVessel+1","HollowMod:ShapeofUnn","HollowMod:SharpenedNail+1"],"picked":"SKIP","floor":25.0},{"not_picked":["HollowMod:CornifersMapStart","HollowMod:CrystalDash","HollowMod:LifebloodCocoon"],"picked":"SKIP","floor":29.0},{"not_picked":["HollowMod:PureVessel","HollowMod:NewLittleFool+1","HollowMod:ChannelNail"],"picked":"SKIP","floor":30.0},{"not_picked":["HollowMod:MonomonsArchive","HollowMod:NewLittleFool+1","HollowMod:SoulShaman"],"picked":"SKIP","floor":31.0},{"not_picked":["HollowMod:VoidDash","HollowMod:ElderbugsWisdom"],"picked":"HollowMod:ZotesMagnificence+1","floor":33.0},{"not_picked":["HollowMod:GoodIntentions","HollowMod:DungDefenderAura","HollowMod:ShapeofUnn+1"],"picked":"SKIP","floor":35.0},{"not_picked":["HollowMod:CycloneSlash+1","HollowMod:InfectedCysts+1"],"picked":"HollowMod:ShadowDash+1","floor":38.0},{"not_picked":["HollowMod:DreamGate","HollowMod:MonomonsArchive"],"picked":"HollowMod:LordofShades","floor":39.0},{"not_picked":["HollowMod:SharpenedNail+1","HollowMod:NewJinnsSoul","HollowMod:HuntersJournal"],"picked":"SKIP","floor":40.0},{"not_picked":["HollowMod:BrokenVessel+1","HollowMod:GreatSlash+1"],"picked":"HollowMod:SiblingsSouls","floor":42.0},{"not_picked":["HollowMod:WraithStrike+1","HollowMod:SharpenedNail+1"],"picked":"HollowMod:WhiteLadysBlessing","floor":44},{"not_picked":["HollowMod:Grubsong","HollowMod:VengefulSpirit+1","HollowMod:LuriensSpire"],"picked":"SKIP","floor":45},{"not_picked":["HollowMod:ShapeofUnn+1","HollowMod:SoulStrike+1","HollowMod:NewJinnsSoul"],"picked":"SKIP","floor":46},{"not_picked":["HollowMod:ShadowDash","HollowMod:NewJinnsSoul","HollowMod:CoiledNail+1"],"picked":"SKIP","floor":48}],"player_experience":271910,"relics_obtained":[{"floor":6.0,"key":"Du-Vu Doll"},{"floor":6.0,"key":"Eternal Feather"},{"floor":8.0,"key":"Molten Egg 2"},{"floor":8.0,"key":"Sundial"},{"floor":9.0,"key":"Meat on the Bone"},{"floor":10.0,"key":"MawBank"},{"floor":10.0,"key":"HollowMod:MantisClawRelic"},{"floor":13.0,"key":"Pocketwatch"},{"floor":13.0,"key":"Bottled Lightning"},{"floor":23.0,"key":"Darkstone Periapt"},{"floor":23.0,"key":"HollowMod:MillibellesNoteRelic"},{"floor":25.0,"key":"Bag of Preparation"},{"floor":25.0,"key":"Boot"},{"floor":26.0,"key":"Orichalcum"},{"floor":30.0,"key":"HollowMod:PaleOreRelic"},{"floor":30.0,"key":"CeramicFish"},{"floor":40.0,"key":"Shuriken"},{"floor":40.0,"key":"Toy Ornithopter"},{"floor":42.0,"key":"Art of War"},{"floor":42.0,"key":"Thread and Needle"},{"floor":44,"key":"Letter Opener"},{"floor":44,"key":"Gremlin Horn"}],"event_choices":[{"damage_healed":0.0,"max_hp_gain":0.0,"max_hp_loss":0.0,"gold_gain":112.0,"event_name":"betterSkull:BetterSkull","player_choice":"RE RE GO ","floor":2.0,"gold_loss":0.0,"damage_taken":47.0,"cards_upgraded":[],"relics_obtained":["Lantern","Bag of Marbles"]},{"damage_healed":0.0,"max_hp_gain":0.0,"max_hp_loss":0.0,"gold_gain":0.0,"event_name":"betterMatch:BetterMatch","player_choice":"3","floor":38.0,"gold_loss":0.0,"damage_taken":0.0,"cards_obtained":["betterMatch:CommonCard"]}],"is_beta":false,"boss_relics":[{"not_picked":["Calling Bell","Snecko Eye"],"picked":"HollowMod:VoidIdolRelic"},{"not_picked":["Runic Dome","Pandora\u0027s Box"],"picked":"SlaversCollar"}],"items_purged_floors":[37],"is_endless":false,"potions_floor_spawned":[1,10,16,18,21,30,31,33,35,40,45,48],"killed_by":"Hallownest:BossHollowKnight","ascension_level":1}}