{"host":"o0q01dgb4z8zpo6o","time":1609859464,"event":{"mods":["BaseMod","GifTheSpireLib","Minty Spire (QoL Compilation)","Relic Stats","StSLib"],"gold_per_floor":[110,122,122,134,147,147,167,194,194,194,205,205,220,239,239,313,313,332,332,352,352,367,367,367,367,367,38,52,52,52,71,71,71,71],"floor_reached":33,"playtime":1382,"items_purged":["Strike_B"],"score":477,"play_id":"949798eb-3145-4d48-a2a8-6fdc7a0ffa5f","local_time":"20210105071104","is_ascension_mode":true,"campfire_choices":[{"data":"Streamline","floor":6,"key":"SMITH"},{"floor":10,"key":"REST"},{"data":"Loop","floor":12,"key":"SMITH"},{"data":"Loop","floor":15,"key":"SMITH"},{"data":"Fission","floor":23,"key":"SMITH"},{"data":"Coolheaded","floor":25,"key":"SMITH"},{"data":"Loop","floor":29,"key":"SMITH"},{"data":"Barrage","floor":32,"key":"SMITH"}],"circlet_count":0,"master_deck":["AscendersBane","Strike_B+1","Strike_B+1","Defend_B","Defend_B","Defend_B","Defend_B","Zap","Dualcast","Streamline+1","Conserve Battery","Loop+1","Hologram","Loop+1","Ball Lightning","Coolheaded+1","Fission+1","Cold Snap","Sweeping Beam","Core Surge","Loop+1","Barrage+1"],"relics":["Cracked Core","NeowsBlessing","Whetstone","FossilizedHelix","Runic Pyramid","Matryoshka","InkBottle","Pantograph"],"acts_visited":["Exordium","TheCity"],"potions_floor_usage":[14,18,33,33],"damage_taken":[{"damage":0,"enemies":"Cultist","floor":1,"turns":1},{"damage":0,"enemies":"Small Slimes","floor":2,"turns":1},{"damage":0,"enemies":"Jaw Worm","floor":4,"turns":1},{"damage":8,"enemies":"3 Louse","floor":5,"turns":3},{"damage":1,"enemies":"Blue Slaver","floor":7,"turns":2},{"damage":43,"enemies":"3 Sentries","floor":8,"turns":8},{"damage":0,"enemies":"Looter","floor":11,"turns":3},{"damage":0,"enemies":"2 Fungi Beasts","floor":13,"turns":3},{"damage":7,"enemies":"Lots of Slimes","floor":14,"turns":4},{"damage":12,"enemies":"Slime Boss","floor":16,"turns":7},{"damage":23,"enemies":"Shell Parasite","floor":18,"turns":4},{"damage":0,"enemies":"Chosen","floor":20,"turns":4},{"damage":12,"enemies":"Centurion and Healer","floor":22,"turns":9},{"damage":0,"enemies":"Snecko","floor":28,"turns":4},{"damage":11,"enemies":"Sentry and Sphere","floor":31,"turns":6},{"damage":45,"enemies":"Champ","floor":33,"turns":8}],"seed_played":"-3952844037325657644","potions_obtained":[{"floor":4,"key":"Weak Potion"},{"floor":5,"key":"CultistPotion"},{"floor":8,"key":"LiquidMemories"},{"floor":14,"key":"DuplicationPotion"},{"floor":20,"key":"PotionOfCapacity"}],"is_trial":false,"path_per_floor":["M","M","?","M","M","R","M","E","T","R","M","R","M","M","R","B",null,"M","T","M","?","M","R","?","R","T","$","M","R","?","M","R","B"],"character_chosen":"DEFECT","items_purchased":["Core Surge","Loop"],"campfire_rested":1,"item_purchase_floors":[27,27],"current_hp_per_floor":[64,64,64,64,56,56,55,12,12,33,33,33,33,26,26,14,57,34,34,34,34,22,22,22,22,22,22,22,22,22,11,11,0,0],"gold":71,"neow_bonus":"THREE_ENEMY_KILL","is_daily":false,"chose_seed":false,"campfire_upgraded":7,"win_rate":0.0,"timestamp":1609859464,"path_taken":["M","?","?","M","M","R","?","E","T","R","M","R","M","M","R","BOSS","M","?","M","?","M","R","?","R","T","$","M","R","?","M","R","BOSS"],"items_purchased_type":["Card","Card"],"build_version":"2020-12-22","purchased_purges":1,"victory":false,"max_hp_per_floor":[71,71,71,71,71,71,71,71,71,71,71,71,71,71,71,71,71,71,71,71,71,71,71,71,71,71,71,71,71,71,71,71,71,71],"relic_stats":{"counters":[16,68],"Pantograph":25,"Whetstone":["Strike_B","Strike_B"],"obtain_stats":[{"Matryoshka":19,"NeowsBlessing":0,"Pantograph":26,"Whetstone":8,"Cracked Core":0,"FossilizedHelix":9,"InkBottle":26,"Runic Pyramid":17},{"Matryoshka":11,"NeowsBlessing":0,"Pantograph":13,"Whetstone":6,"Cracked Core":0,"FossilizedHelix":6,"InkBottle":13,"Runic Pyramid":10},{"Matryoshka":37,"NeowsBlessing":0,"Pantograph":50,"Whetstone":16,"Cracked Core":0,"FossilizedHelix":16,"InkBottle":50,"Runic Pyramid":33}],"InkBottle":[5]},"card_choices":[{"not_picked":["Heatsinks","Barrage"],"picked":"Streamline","floor":1},{"not_picked":["Hologram","Rebound"],"picked":"Conserve Battery","floor":2},{"not_picked":["Reinforced Body","Cold Snap"],"picked":"Loop","floor":4},{"not_picked":["Heatsinks","Redo"],"picked":"Hologram","floor":5},{"not_picked":["Thunder Strike","Hologram","Rebound"],"picked":"SKIP","floor":7},{"not_picked":["Stack","Turbo"],"picked":"Loop","floor":8},{"not_picked":["Conserve Battery","Barrage"],"picked":"Ball Lightning","floor":11},{"not_picked":["Rebound","Redo"],"picked":"Coolheaded","floor":13},{"not_picked":["Static Discharge","Blizzard","Skim"],"picked":"SKIP","floor":14},{"not_picked":["All For One","Meteor Strike"],"picked":"Fission","floor":16},{"not_picked":["Rebound","Heatsinks"],"picked":"Cold Snap","floor":18},{"not_picked":["Compile Driver","Rebound"],"picked":"Sweeping Beam","floor":20},{"not_picked":["Streamline","Sweeping Beam","Hologram"],"picked":"SKIP","floor":22},{"not_picked":["Redo","Beam Cell+1","All For One"],"picked":"SKIP","floor":28},{"not_picked":["Steam","Leap"],"picked":"Barrage","floor":31}],"player_experience":1044722,"relics_obtained":[{"floor":8,"key":"Whetstone"},{"floor":9,"key":"FossilizedHelix"},{"floor":19,"key":"Matryoshka"},{"floor":26,"key":"InkBottle"},{"floor":26,"key":"Pantograph"}],"event_choices":[{"cards_removed":["Strike_B"],"damage_healed":0,"gold_gain":0,"player_choice":"Card Removal","damage_taken":0,"max_hp_gain":0,"max_hp_loss":0,"event_name":"Wheel of Change","floor":3,"gold_loss":0},{"damage_healed":0,"gold_gain":0,"player_choice":"Ignored","damage_taken":0,"max_hp_gain":0,"max_hp_loss":0,"event_name":"The Mausoleum","floor":21,"gold_loss":0},{"damage_healed":0,"gold_gain":0,"player_choice":"Ignored","damage_taken":0,"max_hp_gain":0,"max_hp_loss":0,"event_name":"Ghosts","floor":24,"gold_loss":0},{"damage_healed":0,"gold_gain":0,"player_choice":"Ignored","damage_taken":0,"max_hp_gain":0,"max_hp_loss":0,"event_name":"Cursed Tome","floor":30,"gold_loss":0}],"is_beta":false,"boss_relics":[{"not_picked":["Fusion Hammer","Empty Cage"],"picked":"Runic Pyramid"}],"items_purged_floors":[27],"is_endless":false,"potions_floor_spawned":[4,5,7,8,14,16,20,22,31],"killed_by":"Champ","ascension_level":18}}