{"host":"hszimsrtxxc2k25w","time":1609873890,"event":{"mods":["AchievementEnabler","BaseMod","Colored Map","DeckTracker","Minty Spire (QoL Compilation)","Rare Cards Sparkle","SuperFastMode"],"gold_per_floor":[116,128,128,142,160,195,195,195,195,195,9,9,24,39,39,114,114,128,140,140,140,140],"floor_reached":21,"playtime":397,"items_purged":[],"score":362,"play_id":"0a3f52ff-7601-4c68-abd6-9388fd287ab3","local_time":"20210106041130","is_ascension_mode":true,"campfire_choices":[{"data":"Anger","floor":7,"key":"SMITH"},{"floor":10,"key":"REST"},{"data":"Pommel Strike","floor":12,"key":"SMITH"},{"data":"Bash","floor":15,"key":"SMITH"}],"circlet_count":0,"master_deck":["AscendersBane","Strike_R","Strike_R","Strike_R","Strike_R","Strike_R","Defend_R","Defend_R","Defend_R","Defend_R","Bash+1","Wild Strike+1","Demon Form","Anger+1","Pommel Strike+1","Shrug It Off","Whirlwind","Feed","Ghostly","Ghostly","Ghostly"],"relics":["Burning Blood","NeowsBlessing","Singing Bowl","Matryoshka","Membership Card","Sozu"],"acts_visited":["Exordium","TheCity"],"potions_floor_usage":[],"damage_taken":[{"damage":0,"enemies":"2 Louse","floor":1,"turns":1},{"damage":0,"enemies":"Cultist","floor":2,"turns":1},{"damage":0,"enemies":"Jaw Worm","floor":4,"turns":1},{"damage":33,"enemies":"Gremlin Gang","floor":5,"turns":6},{"damage":32,"enemies":"Gremlin Nob","floor":6,"turns":4},{"damage":0,"enemies":"Large Slime","floor":13,"turns":4},{"damage":0,"enemies":"Lots of Slimes","floor":14,"turns":1},{"damage":45,"enemies":"The Guardian","floor":16,"turns":8},{"damage":33,"enemies":"Spheric Guardian","floor":18,"turns":5},{"damage":26,"enemies":"2 Thieves","floor":19,"turns":4},{"damage":3,"enemies":"Cultist and Chosen","floor":21,"turns":5}],"seed_played":"8375788917686069581","potions_obtained":[{"floor":6,"key":"ColorlessPotion"},{"floor":13,"key":"LiquidMemories"}],"is_trial":false,"path_per_floor":["M","M","?","M","M","E","R","?","T","R","$","R","M","M","R","B",null,"M","M","?","M"],"character_chosen":"IRONCLAD","items_purchased":["Membership Card","Shrug It Off"],"campfire_rested":1,"item_purchase_floors":[11,11],"current_hp_per_floor":[74,75,75,75,48,22,22,22,22,44,44,44,50,58,58,19,63,38,20,20,17,17],"gold":140,"neow_bonus":"THREE_ENEMY_KILL","is_daily":false,"chose_seed":false,"campfire_upgraded":3,"win_rate":0.0,"timestamp":1609873890,"path_taken":["M","M","?","?","M","E","R","?","T","R","?","R","M","?","R","BOSS","M","M","?","M"],"items_purchased_type":["Relic","Card"],"build_version":"2020-12-22","purchased_purges":0,"victory":false,"max_hp_per_floor":[75,75,75,75,75,75,75,75,75,75,75,75,75,77,77,77,77,79,81,40,40,40],"card_choices":[{"not_picked":["Sword Boomerang","Armaments"],"picked":"Wild Strike","floor":1},{"not_picked":["Heavy Blade","Cleave"],"picked":"Demon Form","floor":2},{"not_picked":["Headbutt","Thunderclap"],"picked":"Anger","floor":4},{"not_picked":["Rage","Havoc","Flex"],"picked":"SKIP","floor":5},{"not_picked":["Clothesline","Shrug It Off"],"picked":"Pommel Strike","floor":6},{"not_picked":["Sword Boomerang","Iron Wave"],"picked":"Whirlwind","floor":13},{"not_picked":["Twin Strike","Sever Soul","Entrench"],"picked":"Singing Bowl","floor":14},{"not_picked":["Brutality","Demon Form"],"picked":"Feed","floor":16},{"not_picked":["Dual Wield+1","Anger","Wild Strike"],"picked":"Singing Bowl","floor":18},{"not_picked":["Havoc","Cleave","Shrug It Off"],"picked":"Singing Bowl","floor":19}],"player_experience":605152,"relics_obtained":[{"floor":6,"key":"Singing Bowl"},{"floor":9,"key":"Matryoshka"}],"event_choices":[{"damage_healed":0,"gold_gain":0,"player_choice":"Forge","damage_taken":0,"max_hp_gain":0,"max_hp_loss":0,"event_name":"Accursed Blacksmith","floor":3,"gold_loss":0,"cards_upgraded":["Wild Strike"]},{"damage_healed":0,"gold_gain":0,"player_choice":"Ignored","damage_taken":0,"max_hp_gain":0,"max_hp_loss":0,"event_name":"Shining Light","floor":8,"gold_loss":0},{"damage_healed":0,"gold_gain":0,"player_choice":"Became a Ghost","damage_taken":0,"max_hp_gain":0,"max_hp_loss":41,"event_name":"Ghosts","floor":20,"gold_loss":0,"cards_obtained":["Ghostly","Ghostly","Ghostly"]}],"is_beta":false,"boss_relics":[{"not_picked":["Tiny House","Ectoplasm"],"picked":"Sozu"}],"items_purged_floors":[],"is_endless":false,"potions_floor_spawned":[6,13,19],"killed_by":"Cultist and Chosen","ascension_level":20}}