{"host":"0jor5hi4rp0tpy7j","time":1609881116,"event":{"mods":["AchievementEnabler","BaseMod","Better Match","Better Note","Colored Map","Colored Powertips","Downfall","Highlight Path","Minty Spire (QoL Compilation)","StSLib"],"gold_per_floor":[99,99,99,99,112,112,160,175,195,224,224,250,279,336,355,355,355,355],"floor_reached":16,"playtime":586,"items_purged":[],"score":113,"play_id":"2aa2e974-3955-4569-8a24-3ec4735de576","local_time":"20210105221156","is_ascension_mode":true,"campfire_choices":[{"data":"hexamod:Sear","floor":1.0,"key":"SMITH"},{"data":"hexamod:SuperheatedStrike","floor":6.0,"key":"SMITH"}],"circlet_count":0,"master_deck":["hexamod:Strike","hexamod:Strike","hexamod:Strike","hexamod:Strike","hexamod:Defend","hexamod:Defend","hexamod:Defend","hexamod:Defend","hexamod:Sear+1","hexamod:Float","hexamod:PhantomFireball","hexamod:FourthSeal","hexamod:SuperheatedStrike+1","hexamod:HeatShield","hexamod:SuperheatedStrike","hexamod:HeatCrush"],"relics":["hexamod:SpiritBrand","downfall:HeartsMalice","Strawberry","StoneCalendar","Odd Mushroom","Girya","Vajra"],"acts_visited":["Exordium"],"potions_floor_usage":[12,13,13,14,15,16],"damage_taken":[{"damage":0.0,"enemies":"Small Slimes","floor":2.0,"turns":1.0},{"damage":0.0,"enemies":"2 Louse","floor":3.0,"turns":1.0},{"damage":0.0,"enemies":"Jaw Worm","floor":4.0,"turns":1.0},{"damage":2.0,"enemies":"Blue Slaver","floor":5.0,"turns":3.0},{"damage":0.0,"enemies":"2 Fungi Beasts","floor":8.0,"turns":3.0},{"damage":0.0,"enemies":"3 Louse","floor":9.0,"turns":3.0},{"damage":7,"enemies":"Lagavulin","floor":10,"turns":5},{"damage":6,"enemies":"The Mushroom Lair","floor":12,"turns":4},{"damage":18,"enemies":"3 Sentries","floor":13,"turns":5},{"damage":22,"enemies":"Lagavulin Event","floor":14,"turns":5},{"damage":0,"enemies":"Large Slime","floor":15,"turns":3},{"damage":44,"enemies":"downfall:Defect","floor":16,"turns":5}],"seed_played":"2864337852579133932","potions_obtained":[{"floor":5.0,"key":"hexamod:DoubleChargePotion"},{"floor":8.0,"key":"Regen Potion"},{"floor":8.0,"key":"SpeedPotion"},{"floor":12,"key":"LiquidBronze"},{"floor":13,"key":"SpeedPotion"},{"floor":14,"key":"Block Potion"},{"floor":14,"key":"Explosive Potion"}],"is_trial":false,"path_per_floor":["R","M","M","M","M","R","T","M","M","E","?","?","E","?","M","B"],"character_chosen":"THE_SPIRIT","items_purchased":[],"campfire_rested":0,"item_purchase_floors":[],"current_hp_per_floor":[70,70,70,70,68,68,75,75,75,68,68,74,56,34,34,0,0,0],"gold":355,"neow_bonus":"THREE_ENEMY_KILL","is_daily":false,"chose_seed":false,"campfire_upgraded":2,"win_rate":0.0,"timestamp":1609881116,"path_taken":["R","M","M","M","M","R","T","M","M","E","?","?","E","?","M","BOSS"],"items_purchased_type":[],"build_version":"2020-12-22","purchased_purges":0,"victory":false,"max_hp_per_floor":[70,70,70,70,70,70,77,77,77,77,77,77,77,77,77,77,77,77],"card_choices":[{"not_picked":["hexamod:FastForward","hexamod:ShieldOfDarkness"],"picked":"hexamod:PhantomFireball","floor":2.0},{"not_picked":["hexamod:ShieldOfDarkness","hexamod:Hexaguard"],"picked":"hexamod:FourthSeal","floor":3.0},{"not_picked":["hexamod:GhostShield","hexamod:BacktrackSmack"],"picked":"hexamod:SuperheatedStrike","floor":4.0},{"not_picked":["hexamod:ShieldOfDarkness","hexamod:SwordOfDarkness"],"picked":"hexamod:HeatShield","floor":5.0},{"not_picked":["hexamod:SpectersWail","hexamod:InspiringFlames","hexamod:GhostShield"],"picked":"SKIP","floor":8.0},{"not_picked":["hexamod:EmpoweredFlame","hexamod:SkipABeat","hexamod:SpectersWail"],"picked":"SKIP","floor":9.0},{"not_picked":["hexamod:NightmareStrike","hexamod:CatchUp","hexamod:GhostShield"],"picked":"SKIP","floor":10},{"not_picked":["hexamod:SwordOfDarkness","hexamod:EmpoweredFlame"],"picked":"hexamod:SuperheatedStrike","floor":12},{"not_picked":["hexamod:RetreatToShadows","hexamod:HauntingEcho"],"picked":"hexamod:HeatCrush","floor":13},{"not_picked":["hexamod:SpectersWail","hexamod:NightmareStrike","hexamod:HauntingEcho"],"picked":"SKIP","floor":15}],"player_experience":349242,"relics_obtained":[{"floor":7.0,"key":"Strawberry"},{"floor":10,"key":"StoneCalendar"},{"floor":12,"key":"Odd Mushroom"},{"floor":13,"key":"Girya"},{"floor":14,"key":"Vajra"}],"event_choices":[{"damage_healed":0,"gold_gain":0,"player_choice":"Fought Mushrooms","damage_taken":0,"max_hp_gain":0,"max_hp_loss":0,"event_name":"Mushrooms","floor":12,"gold_loss":0}],"is_beta":false,"boss_relics":[],"items_purged_floors":[],"is_endless":false,"potions_floor_spawned":[5,8,9,12,14],"killed_by":"downfall:Defect","ascension_level":1}}