{"host":"hgkb2zpbo2dcws21","time":1609852077,"event":{"mods":["AchievementEnabler","BaseMod","Colored Map","Colored Powertips","Custom Start","DeckTracker","KOR Keyword Fix","Minty Spire (QoL Compilation)","Relic Stats","StSLib","SuperFastMode"],"gold_per_floor":[114,39,39,59,59,93,18,18,18,18,50,60,79,97,97,174,174,193,213,50,69,69,96,108,120,120],"floor_reached":25,"playtime":577,"items_purged":["Pain"],"score":427,"play_id":"9fff204b-6a83-4b46-91be-5b0613391917","local_time":"20210105220757","is_ascension_mode":true,"campfire_choices":[{"floor":8,"key":"REST"},{"data":"MentalFortress","floor":15,"key":"SMITH"}],"circlet_count":0,"master_deck":["AscendersBane","Strike_P+1","Defend_P+1","Defend_P+1","Eruption+1","Vigilance","CarveReality","MentalFortress+1","CrushJoints","TalkToTheHand","InnerPeace+1","Vault","Pray+1","EmptyFist+1","Judgement+1","Worship+1","Prostrate","Vengeance","Protect"],"relics":["PureWater","WarpedTongs","Blue Candle","Pantograph","GoldenEye","Astrolabe","War Paint","MawBank"],"acts_visited":["Exordium","TheCity"],"potions_floor_usage":[],"damage_taken":[{"damage":4.0,"enemies":"Jaw Worm","floor":1.0,"turns":3.0},{"damage":6.0,"enemies":"Small Slimes","floor":4.0,"turns":3.0},{"damage":26,"enemies":"Lagavulin","floor":6,"turns":4},{"damage":16,"enemies":"Gremlin Nob","floor":11,"turns":3},{"damage":0,"enemies":"Cultist","floor":12,"turns":2},{"damage":0,"enemies":"Exordium Wildlife","floor":13,"turns":4},{"damage":11,"enemies":"Looter","floor":14,"turns":2},{"damage":24,"enemies":"Hexaghost","floor":16,"turns":9},{"damage":0,"enemies":"Spheric Guardian","floor":18,"turns":2},{"damage":16,"enemies":"2 Thieves","floor":19,"turns":3},{"damage":11,"enemies":"Chosen and Byrds","floor":21,"turns":6},{"damage":25,"enemies":"Slavers","floor":23,"turns":4},{"damage":13,"enemies":"Book of Stabbing","floor":25,"turns":2}],"seed_played":"7044931135872925844","potions_obtained":[{"floor":1.0,"key":"SpeedPotion"},{"floor":13,"key":"Weak Potion"},{"floor":23,"key":"Energy Potion"}],"is_trial":false,"path_per_floor":["M","?","?","M","?","E","$","R","T","?","E","M","M","M","R","B",null,"M","M","$","M","?","E","?","E"],"character_chosen":"WATCHER","items_purchased":["War Paint"],"campfire_rested":1,"item_purchase_floors":[20],"current_hp_per_floor":[57,57,57,51,31,5,5,25,25,68,52,52,52,41,41,42,62,62,46,46,35,35,10,10,0,0],"gold":120,"neow_bonus":"UPGRADE_CARD","is_daily":false,"chose_seed":false,"campfire_upgraded":1,"win_rate":0.0,"timestamp":1609852077,"path_taken":["M","?","?","?","?","E","$","R","T","?","E","?","M","M","R","BOSS","M","M","$","M","?","E","?","E"],"items_purchased_type":["Relic"],"build_version":"2020-12-22","purchased_purges":1,"victory":false,"max_hp_per_floor":[68,68,68,68,68,68,68,68,68,68,68,68,68,68,68,68,68,68,68,68,68,68,68,68,68,68],"relic_stats":{"counters":[13,47],"Blue Candle":[0],"Pantograph":25,"Astrolabe":["Pray","EmptyFist","Judgement"],"War Paint":["InnerPeace","Defend_P"],"GoldenEye":[0],"MawBank":24,"obtain_stats":[{"Blue Candle":6,"Pantograph":9,"Astrolabe":17,"PureWater":0,"War Paint":20,"GoldenEye":11,"MawBank":23,"WarpedTongs":3},{"Blue Candle":3,"Pantograph":3,"Astrolabe":8,"PureWater":0,"War Paint":10,"GoldenEye":4,"MawBank":12,"WarpedTongs":1},{"Blue Candle":10,"Pantograph":10,"Astrolabe":30,"PureWater":0,"War Paint":35,"GoldenEye":13,"MawBank":45,"WarpedTongs":3}],"WarpedTongs":[44]},"card_choices":[{"not_picked":["SashWhip","Crescendo"],"picked":"CarveReality","floor":1.0},{"not_picked":["Crescendo","Prostrate","FlurryOfBlows"],"picked":"SKIP","floor":4.0},{"not_picked":["EmptyFist","DeceiveReality","BowlingBash"],"picked":"SKIP","floor":6},{"not_picked":["FlurryOfBlows","Evaluate"],"picked":"MentalFortress","floor":11},{"not_picked":["Evaluate","FlyingSleeves"],"picked":"CrushJoints","floor":12},{"not_picked":["Judgement","Consecrate"],"picked":"TalkToTheHand","floor":13},{"not_picked":["JustLucky","MentalFortress"],"picked":"InnerPeace","floor":14},{"not_picked":["Judgement","Omniscience"],"picked":"Vault","floor":16},{"not_picked":["FollowUp","WindmillStrike"],"picked":"Worship+1","floor":18},{"not_picked":["ThirdEye+1","FollowUp","CrushJoints"],"picked":"SKIP","floor":19},{"not_picked":["Fasting2","BowlingBash","FearNoEvil"],"picked":"SKIP","floor":21},{"not_picked":["EmptyFist","ThirdEye"],"picked":"Vengeance","floor":23}],"player_experience":1129795,"relics_obtained":[{"floor":6,"key":"Blue Candle"},{"floor":9,"key":"Pantograph"},{"floor":11,"key":"GoldenEye"},{"floor":23,"key":"MawBank"}],"event_choices":[{"cards_removed":["Strike_P"],"damage_healed":0.0,"max_hp_gain":0.0,"max_hp_loss":0.0,"gold_gain":0.0,"event_name":"The Cleric","player_choice":"Card Removal","floor":2.0,"gold_loss":75.0,"damage_taken":0.0},{"damage_healed":0.0,"max_hp_gain":0.0,"max_hp_loss":0.0,"gold_gain":0.0,"event_name":"Accursed Blacksmith","player_choice":"Rummage","floor":3.0,"gold_loss":0.0,"damage_taken":0.0,"relics_obtained":["WarpedTongs"],"cards_obtained":["Pain"]},{"damage_healed":0.0,"max_hp_gain":0.0,"max_hp_loss":0.0,"gold_gain":0.0,"event_name":"Shining Light","player_choice":"Entered Light","floor":5.0,"gold_loss":0.0,"damage_taken":20.0,"cards_upgraded":["Defend_P","Strike_P"]},{"damage_healed":43,"gold_gain":0,"player_choice":"Full Heal","damage_taken":0,"max_hp_gain":0,"max_hp_loss":0,"event_name":"Wheel of Change","floor":10,"gold_loss":0},{"damage_healed":0,"gold_gain":0,"player_choice":"Read","damage_taken":0,"max_hp_gain":0,"max_hp_loss":0,"event_name":"The Library","floor":22,"gold_loss":0,"cards_obtained":["Prostrate"]},{"damage_healed":0,"gold_gain":0,"cards_transformed":["Strike_P"],"player_choice":"Transformed","damage_taken":0,"max_hp_gain":0,"max_hp_loss":0,"event_name":"Transmorgrifier","floor":24,"gold_loss":0,"cards_obtained":["Protect"]}],"is_beta":false,"boss_relics":[{"not_picked":["Busted Crown","VioletLotus"],"picked":"Astrolabe"}],"items_purged_floors":[7],"is_endless":false,"potions_floor_spawned":[1,13,18,23],"killed_by":"Book of Stabbing","ascension_level":17}}