{"host":"vsdszi3rnxsdp24p","time":1609882135,"event":{"mods":["AchievementEnabler","BaseMod","Bestiary","Colored Map","Colored Powertips","Curses Come First","DeckTracker","Hermit","Highlight Path","Ironclad Rager","Minty Spire (QoL Compilation)","Quick Restart","Relic Sorter","Relic Stats","StSLib","SuperFastMode","Synergy Search","The Cursed","The Mystic"],"gold_per_floor":[20,20,20,31,31,31,63,77,122,155,174,16,16,43,43,143,143,160,110,120,134,12,12,29,29,29,29,29,29,29,43,43,43,43],"floor_reached":33,"playtime":753,"items_purged":[],"score":253,"play_id":"8ae3e779-e41d-4303-b5fa-c4c9aee3a7d0","local_time":"20210105222855","is_ascension_mode":false,"campfire_choices":[{"data":"Exhume","floor":6,"key":"SMITH"},{"floor":13,"key":"REST"},{"data":"Offering","floor":15,"key":"SMITH"},{"data":"Fire Breathing","floor":23,"key":"SMITH"},{"floor":29,"key":"REST"},{"floor":32,"key":"REST"}],"circlet_count":0,"master_deck":["Bash","Clumsy","Twin Strike","Twin Strike","Twin Strike","Twin Strike","Twin Strike","Iron Wave","Iron Wave","Iron Wave","Iron Wave","Anger","Regret","Exhume+1","Bash","Perfected Strike","Flex","Battle Trance","Offering+1","Flex","Anger","Evolve","Warcry","Impervious","Body Slam","Perfected Strike","Pummel+1","Fire Breathing+1","Warcry","Blood for Blood","Bloodletting","Decay","Searing Blow+1"],"relics":["Burning Blood","Tiny Chest","Regal Pillow","Bag of Marbles","Mummified Hand","Boot","Busted Crown","Lantern","Molten Egg 2"],"acts_visited":["Exordium","TheCity"],"potions_floor_usage":[7,16,16,33,33,33],"damage_taken":[{"damage":1,"enemies":"2 Louse","floor":1,"turns":2},{"damage":8,"enemies":"Small Slimes","floor":4,"turns":2},{"damage":15,"enemies":"3 Sentries","floor":7,"turns":5},{"damage":3,"enemies":"Cultist","floor":8,"turns":3},{"damage":6,"enemies":"Gremlin Nob","floor":10,"turns":3},{"damage":18,"enemies":"Exordium Thugs","floor":11,"turns":3},{"damage":69,"enemies":"The Guardian","floor":16,"turns":6},{"damage":12,"enemies":"Shell Parasite","floor":18,"turns":1},{"damage":6,"enemies":"Chosen","floor":20,"turns":4},{"damage":18,"enemies":"Shelled Parasite and Fungi","floor":21,"turns":4},{"damage":21,"enemies":"Snake Plant","floor":24,"turns":3},{"damage":47,"enemies":"Cultist and Chosen","floor":31,"turns":5},{"damage":91,"enemies":"Automaton","floor":33,"turns":6}],"seed_played":"1262498285393251172","potions_obtained":[{"floor":1,"key":"Regen Potion"},{"floor":4,"key":"Fire Potion"},{"floor":10,"key":"LiquidBronze"},{"floor":18,"key":"Ancient Potion"},{"floor":21,"key":"FearPotion"},{"floor":31,"key":"HeartOfIron"}],"is_trial":false,"path_per_floor":["M","?","?","M","$","R","E","M","T","E","M","$","R","T","R","B",null,"M","?","M","M","$","R","M","?","T","T","$","R","?","M","R","B"],"character_chosen":"IRONCLAD","items_purchased":["Anger","Evolve","Warcry","Fire Breathing","Warcry"],"campfire_rested":3,"item_purchase_floors":[12,12,12,22,22],"current_hp_per_floor":[56,56,56,54,54,54,45,48,48,48,36,36,72,72,72,24,72,66,66,66,54,54,54,39,39,39,39,39,72,72,31,67,0,0],"gold":43,"neow_bonus":"IRONCLAD_BERSERKER","is_daily":false,"chose_seed":false,"campfire_upgraded":3,"win_rate":0.0,"timestamp":1609882135,"path_taken":["M","?","?","?","?","R","E","M","T","E","M","$","R","?","R","BOSS","M","?","?","M","$","R","M","?","T","?","$","R","?","M","R","BOSS"],"items_purchased_type":["Card","Card","Card","Card","Card"],"build_version":"2020-12-22","purchased_purges":0,"victory":false,"max_hp_per_floor":[72,72,72,72,72,72,72,72,72,72,72,72,72,72,72,72,72,72,72,72,72,72,72,72,72,72,72,72,72,72,72,72,72,72],"relic_stats":{"Regal Pillow":42,"Busted Crown":10,"counters":[13,47],"Mummified Hand":[9],"Tiny Chest":2,"Boot":[41],"obtain_stats":[{"Regal Pillow":7,"Lantern":26,"Busted Crown":17,"Mummified Hand":10,"Tiny Chest":2,"Molten Egg 2":27,"Bag of Marbles":9,"Boot":14,"Burning Blood":0},{"Regal Pillow":3,"Lantern":11,"Busted Crown":7,"Mummified Hand":5,"Tiny Chest":1,"Molten Egg 2":11,"Bag of Marbles":4,"Boot":6,"Burning Blood":0},{"Regal Pillow":9,"Lantern":36,"Busted Crown":24,"Mummified Hand":15,"Tiny Chest":2,"Molten Egg 2":36,"Bag of Marbles":12,"Boot":18,"Burning Blood":0}],"Burning Blood":72},"card_choices":[{"not_picked":["Havoc","Pommel Strike"],"picked":"Anger","floor":1},{"not_picked":["Intimidate","Warcry"],"picked":"Perfected Strike","floor":4},{"not_picked":["Perfected Strike","Pommel Strike"],"picked":"Flex","floor":7},{"not_picked":["Cleave","Perfected Strike"],"picked":"Battle Trance","floor":8},{"not_picked":["Clothesline","Sword Boomerang"],"picked":"Offering","floor":10},{"not_picked":["Anger","Pommel Strike"],"picked":"Flex","floor":11},{"not_picked":["Feed","Brutality"],"picked":"Impervious","floor":16},{"not_picked":[],"picked":"Body Slam","floor":18},{"not_picked":[],"picked":"Perfected Strike","floor":20},{"not_picked":[],"picked":"Pummel+1","floor":21},{"not_picked":[],"picked":"Blood for Blood","floor":24},{"not_picked":[],"picked":"Searing Blow+1","floor":31}],"player_experience":147610,"relics_obtained":[{"floor":7,"key":"Regal Pillow"},{"floor":9,"key":"Bag of Marbles"},{"floor":10,"key":"Mummified Hand"},{"floor":14,"key":"Boot"},{"floor":26,"key":"Lantern"},{"floor":27,"key":"Molten Egg 2"}],"event_choices":[{"damage_healed":0,"gold_gain":0,"player_choice":"Box","damage_taken":0,"relics_obtained":["Tiny Chest"],"max_hp_gain":0,"max_hp_loss":0,"event_name":"Big Fish","floor":2,"gold_loss":0,"cards_obtained":["Regret"]},{"damage_healed":0,"gold_gain":0,"player_choice":"2 cards matched","damage_taken":0,"max_hp_gain":0,"max_hp_loss":0,"event_name":"Match and Keep!","floor":3,"gold_loss":0,"cards_obtained":["Exhume","Bash"]},{"damage_healed":0,"gold_gain":0,"player_choice":"Bet on Owner","damage_taken":0,"max_hp_gain":0,"max_hp_loss":0,"event_name":"The Joust","floor":19,"gold_loss":50},{"damage_healed":0,"gold_gain":0,"player_choice":"Read","damage_taken":0,"max_hp_gain":0,"max_hp_loss":0,"event_name":"The Library","floor":25,"gold_loss":0,"cards_obtained":["Bloodletting"]},{"damage_healed":0,"gold_gain":0,"player_choice":"Smashed Altar","damage_taken":0,"max_hp_gain":0,"max_hp_loss":0,"event_name":"Forgotten Altar","floor":30,"gold_loss":0,"cards_obtained":["Decay"]}],"is_beta":false,"boss_relics":[{"not_picked":["Cursed Key","Runic Dome"],"picked":"Busted Crown"}],"items_purged_floors":[],"is_endless":false,"potions_floor_spawned":[1,4,10,18,21,31],"killed_by":"Automaton","ascension_level":0}}