{"host":"mi0eibewekhugwl1","time":1609856037,"event":{"mods":["AchievementEnabler","BaseMod","Colored Map","Colored Powertips","DeckTracker","Keyboard Shortcuts","Minty Spire (QoL Compilation)","Quick Restart","Rare Cards Sparkle","Relic Stats","StSLib","SuperFastMode","everything is the same but u backflip on backflip"],"gold_per_floor":[116,127,137,155,170,170,170],"floor_reached":6,"playtime":128,"items_purged":[],"score":80,"play_id":"93038cc5-6bbc-4ed1-8432-cb51577bfa8b","local_time":"20210105231357","is_ascension_mode":true,"campfire_choices":[],"circlet_count":0,"master_deck":["AscendersBane","Strike_R","Strike_R","Strike_R","Strike_R","Strike_R","Defend_R","Defend_R","Defend_R","Defend_R","Bash","Spot Weakness","Cleave","Shrug It Off","Double Tap"],"relics":["Burning Blood"],"acts_visited":["Exordium"],"potions_floor_usage":[5,6,6],"damage_taken":[{"damage":9,"enemies":"2 Louse","floor":1,"turns":3},{"damage":5,"enemies":"Small Slimes","floor":2,"turns":2},{"damage":6,"enemies":"Cultist","floor":3,"turns":3},{"damage":8,"enemies":"Blue Slaver","floor":4,"turns":5},{"damage":6,"enemies":"Looter","floor":5,"turns":3},{"damage":67,"enemies":"Gremlin Nob","floor":6,"turns":4}],"seed_played":"-3743678744300625603","potions_obtained":[{"floor":3,"key":"Energy Potion"},{"floor":4,"key":"EntropicBrew"}],"is_trial":false,"path_per_floor":["M","M","M","M","M","E"],"character_chosen":"IRONCLAD","items_purchased":[],"campfire_rested":0,"item_purchase_floors":[],"current_hp_per_floor":[65,66,66,64,64,0,0],"gold":170,"neow_bonus":"THREE_CARDS","is_daily":false,"chose_seed":false,"campfire_upgraded":0,"win_rate":0.0,"timestamp":1609856037,"path_taken":["M","M","M","M","M","E"],"items_purchased_type":[],"build_version":"2020-12-22","purchased_purges":0,"victory":false,"max_hp_per_floor":[75,75,75,75,75,75,75],"relic_stats":{"counters":[6,20],"obtain_stats":[{"Burning Blood":0},{"Burning Blood":0},{"Burning Blood":0}],"Burning Blood":30},"card_choices":[{"not_picked":["Anger","Heavy Blade"],"picked":"Spot Weakness","floor":0},{"not_picked":["Headbutt","Reckless Charge"],"picked":"Cleave","floor":1},{"not_picked":["Heavy Blade","Cleave","Rampage"],"picked":"SKIP","floor":2},{"not_picked":["Havoc","Cleave"],"picked":"Shrug It Off","floor":3},{"not_picked":["Cleave","Shrug It Off","Burning Pact"],"picked":"SKIP","floor":4},{"not_picked":["Cleave","Dark Embrace"],"picked":"Double Tap","floor":5}],"player_experience":1731809,"relics_obtained":[],"event_choices":[],"is_beta":false,"boss_relics":[],"items_purged_floors":[],"is_endless":false,"potions_floor_spawned":[3,4],"killed_by":"Gremlin Nob","ascension_level":20}}