{"host":"wj90f2q0h2omert0","time":1609876589,"event":{"mods":["BaseMod","Beaked The Cultist","Better Third Choice","ChefMod","Clawfect","Colored Map","DeckTracker","Downfall","Gremlin Mod","Hubris","JesterMod","Minty Spire (QoL Compilation)","READ ME - Guardian Mod","Relic Stats","Robot Space Explorer","Shade Mod","StSLib","The Animator","The Blackbeard","The Bug Knight","The Caster","The Construct","The Dragon Tamer","The Druid","The Servant 0.9.4","TheLocksmith","TheSwordswoman"],"gold_per_floor":[99,99,99,99,99,114,141,141,161,189,189,189,214,233,250,250,250,250],"floor_reached":16,"playtime":558,"items_purged":[],"score":108,"play_id":"60f8811b-53fc-421a-910e-295e0717c13e","local_time":"20210105145629","is_ascension_mode":false,"campfire_choices":[{"data":"Guardian:TwinSlam","floor":1,"key":"SMITH"},{"data":"Guardian:DecasProtection","floor":8,"key":"SMITH"},{"floor":11,"key":"REST"}],"circlet_count":0,"master_deck":["Guardian:Strike_Guardian","Guardian:Strike_Guardian","Guardian:Strike_Guardian","Guardian:Strike_Guardian","Guardian:Defend_Guardian","Guardian:Defend_Guardian","Guardian:Defend_Guardian","Guardian:Defend_Guardian","Guardian:CurlUp","Guardian:TwinSlam+1","Guardian:CrystalBeam","Guardian:Reroute","Guardian:DecasProtection+1","Guardian:CrystalBeam","Guardian:TimeBomb","Guardian:Gem_Blue","Guardian:Gem_Fragmented","Guardian:Gem_Blue","Guardian:Gem_Green"],"relics":["Guardian:ModeShifter","downfall:HeartsMalice","hubris:Towel","HollowMod:PaleOreRelic","Meat on the Bone","Potion Belt"],"acts_visited":["Exordium"],"potions_floor_usage":[10,13,16,16],"damage_taken":[{"damage":0,"enemies":"2 Louse","floor":2,"turns":1},{"damage":0,"enemies":"Cultist","floor":3,"turns":1},{"damage":0,"enemies":"Small Slimes","floor":5,"turns":1},{"damage":26,"enemies":"Gremlin Gang","floor":6,"turns":5},{"damage":6,"enemies":"3 Louse","floor":9,"turns":3},{"damage":16,"enemies":"Lagavulin","floor":10,"turns":6},{"damage":22,"enemies":"Gremlin Nob","floor":13,"turns":4},{"damage":11,"enemies":"Red Slaver","floor":14,"turns":3},{"damage":3,"enemies":"Blue Slaver","floor":15,"turns":3},{"damage":53,"enemies":"downfall:Ironclad","floor":16,"turns":10}],"seed_played":"-8261718510330684943","potions_obtained":[{"floor":6,"key":"Swift Potion"},{"floor":9,"key":"SkillPotion"},{"floor":10,"key":"ColorlessPotion"},{"floor":15,"key":"FearPotion"}],"is_trial":false,"path_per_floor":["R","M","M","?","M","M","T","R","M","E","R","?","E","M","M","B"],"character_chosen":"GUARDIAN","items_purchased":[],"campfire_rested":1,"item_purchase_floors":[],"current_hp_per_floor":[80,80,80,80,80,54,54,54,48,32,56,56,46,47,44,0,0,0],"gold":250,"neow_bonus":"THREE_ENEMY_KILL","is_daily":false,"chose_seed":false,"campfire_upgraded":2,"win_rate":0.0,"timestamp":1609876589,"path_taken":["R","M","M","?","M","M","T","R","M","E","R","?","E","M","M","BOSS"],"items_purchased_type":[],"build_version":"2020-12-22","purchased_purges":0,"victory":false,"max_hp_per_floor":[80,80,80,80,80,80,80,80,80,80,80,80,80,80,80,80,80,80],"relic_stats":{"counters":[10,34],"obtain_stats":[{"Potion Belt":13,"Guardian:ModeShifter":0,"downfall:HeartsMalice":0,"HollowMod:PaleOreRelic":7,"hubris:Towel":4,"Meat on the Bone":10},{"Potion Belt":7,"Guardian:ModeShifter":0,"downfall:HeartsMalice":0,"HollowMod:PaleOreRelic":4,"hubris:Towel":2,"Meat on the Bone":6},{"Potion Belt":18,"Guardian:ModeShifter":0,"downfall:HeartsMalice":0,"HollowMod:PaleOreRelic":5,"hubris:Towel":0,"Meat on the Bone":14}],"Meat on the Bone":24},"card_choices":[{"not_picked":["Guardian:Gem_Green","Guardian:Emergency"],"picked":"Guardian:CrystalBeam","floor":2},{"not_picked":["Guardian:TimeCapacitor","Guardian:ShieldCharger"],"picked":"Guardian:Reroute","floor":3},{"not_picked":["Guardian:WalkerClaw","Guardian:ChargeCore"],"picked":"Guardian:DecasProtection","floor":5},{"not_picked":["Guardian:HyperBeam_Guardian","Guardian:WalkerClaw"],"picked":"Guardian:CrystalBeam","floor":6},{"not_picked":["Guardian:DonusPower","Guardian:SentryBeam"],"picked":"Guardian:TimeBomb","floor":9},{"not_picked":["Guardian:ChargeUp","Guardian:TemporalStrike","Guardian:DonusPower"],"picked":"SKIP","floor":10},{"not_picked":["Guardian:FastForward","Guardian:Gem_White"],"picked":"Guardian:Gem_Blue","floor":13},{"not_picked":["Guardian:TemporalShield","Guardian:VentSteam","Guardian:RefractedBeam"],"picked":"SKIP","floor":14},{"not_picked":["Guardian:ShieldSpikes","Guardian:VentSteam"],"picked":"Guardian:Gem_Green","floor":15}],"player_experience":699214,"relics_obtained":[{"floor":7,"key":"HollowMod:PaleOreRelic"},{"floor":10,"key":"Meat on the Bone"},{"floor":13,"key":"Potion Belt"}],"event_choices":[],"is_beta":false,"boss_relics":[],"items_purged_floors":[],"is_endless":false,"potions_floor_spawned":[6,9,10,15],"killed_by":"downfall:Ironclad","ascension_level":0}}