{"host":"dgf4n6lo35jtjz0c","time":1609847993,"event":{"mods":["AchievementEnabler","BaseMod","Bestiary","Colored Powertips","Minty Spire (QoL Compilation)"],"gold_per_floor":[111,130,147,25,25,61,75,75,130,144,144,160,160,179,179,307,307,321,3,27,45,45,80,80,40,65,84,9,29,48,67,67,67,67],"floor_reached":33,"playtime":2592,"items_purged":["Strike_B"],"score":273,"play_id":"927a971d-ba97-4094-b416-ef87969fada8","local_time":"20210105225953","is_ascension_mode":false,"campfire_choices":[{"floor":8.0,"key":"REST"},{"floor":11.0,"key":"REST"},{"data":"Zap","floor":13.0,"key":"SMITH"},{"floor":15.0,"key":"REST"},{"floor":24.0,"key":"REST"},{"floor":32,"key":"REST"}],"circlet_count":0,"master_deck":["Strike_B","Strike_B+1","Defend_B","Defend_B","Defend_B","Defend_B+1","Zap+1","Dualcast","Defragment","Hologram+1","Stack","Cold Snap","All For One","Beam Cell+1","Self Repair","Capacitor","Ball Lightning","Electrodynamics","Coolheaded","Mayhem+1","Mayhem","Genetic Algorithm+1","Redo+1","Loop+1","Cold Snap+1","Loop+1","Melter","Beam Cell"],"relics":["Cracked Core","NeowsBlessing","Bloody Idol","Matryoshka","Happy Flower","War Paint","Nuclear Battery","DollysMirror","Lantern","Whetstone","Toy Ornithopter"],"acts_visited":["Exordium","TheCity"],"potions_floor_usage":[29,33],"damage_taken":[{"damage":0.0,"enemies":"Jaw Worm","floor":1.0,"turns":1.0},{"damage":0.0,"enemies":"Cultist","floor":2.0,"turns":1.0},{"damage":0.0,"enemies":"Small Slimes","floor":3.0,"turns":1.0},{"damage":24.0,"enemies":"Lagavulin","floor":6.0,"turns":11.0},{"damage":8.0,"enemies":"Exordium Wildlife","floor":7.0,"turns":3.0},{"damage":18.0,"enemies":"Exordium Thugs","floor":10.0,"turns":4.0},{"damage":5.0,"enemies":"2 Fungi Beasts","floor":12.0,"turns":5.0},{"damage":5.0,"enemies":"Exordium Wildlife","floor":14.0,"turns":5.0},{"damage":52.0,"enemies":"Slime Boss","floor":16.0,"turns":9.0},{"damage":1.0,"enemies":"Chosen","floor":18.0,"turns":5.0},{"damage":14.0,"enemies":"Spheric Guardian","floor":20.0,"turns":4.0},{"damage":15.0,"enemies":"Snecko","floor":21.0,"turns":5.0},{"damage":69.0,"enemies":"Gremlin Leader","floor":23.0,"turns":8.0},{"damage":27.0,"enemies":"Snake Plant","floor":27.0,"turns":6.0},{"damage":5,"enemies":"Centurion and Healer","floor":29,"turns":6},{"damage":17,"enemies":"Shelled Parasite and Fungi","floor":30,"turns":7},{"damage":26,"enemies":"Snake Plant","floor":31,"turns":5},{"damage":42,"enemies":"Collector","floor":33,"turns":3}],"seed_played":"3435879698471061000","potions_obtained":[{"floor":1.0,"key":"LiquidMemories"},{"floor":6.0,"key":"SmokeBomb"},{"floor":7.0,"key":"FearPotion"},{"floor":10.0,"key":"Regen Potion"},{"floor":14.0,"key":"SkillPotion"},{"floor":18.0,"key":"Dexterity Potion"},{"floor":27.0,"key":"EssenceOfSteel"},{"floor":31,"key":"SkillPotion"}],"is_trial":false,"path_per_floor":["M","M","M","$","?","E","M","R","T","M","R","M","R","M","R","B",null,"M","$","M","M","?","E","R","?","T","M","?","M","M","M","R","B"],"character_chosen":"DEFECT","items_purchased":["Cold Snap","Mayhem","DollysMirror"],"campfire_rested":5,"item_purchase_floors":[4,19,19],"current_hp_per_floor":[75,75,75,75,57,33,25,47,47,29,51,53,53,55,75,23,75,75,75,68,72,72,8,30,30,35,20,20,32,27,6,28,0,0],"gold":67,"neow_bonus":"THREE_ENEMY_KILL","is_daily":false,"chose_seed":false,"campfire_upgraded":1,"win_rate":0.0,"timestamp":1609847993,"path_taken":["M","M","M","$","?","E","M","R","T","M","R","M","R","M","R","BOSS","M","$","M","M","?","E","R","?","T","?","?","M","M","M","R","BOSS"],"items_purchased_type":["Card","Card","Relic"],"build_version":"2020-12-22","purchased_purges":1,"victory":false,"max_hp_per_floor":[75,75,75,75,75,75,75,75,75,75,75,75,75,75,75,75,75,75,75,75,75,75,75,75,75,75,75,75,75,75,75,75,75,75],"card_choices":[{"not_picked":["Lockon","Coolheaded"],"picked":"Defragment","floor":1.0},{"not_picked":["Ball Lightning","Barrage"],"picked":"Hologram","floor":2.0},{"not_picked":["Sweeping Beam","Ball Lightning"],"picked":"Stack","floor":3.0},{"not_picked":["Barrage","Doom and Gloom"],"picked":"All For One","floor":6.0},{"not_picked":["Barrage","Scrape"],"picked":"Beam Cell","floor":7.0},{"not_picked":["Darkness","Steam"],"picked":"Self Repair","floor":10.0},{"not_picked":["Lockon","Reboot"],"picked":"Capacitor","floor":12.0},{"not_picked":["Compile Driver","Steam"],"picked":"Ball Lightning","floor":14.0},{"not_picked":["Seek","Buffer"],"picked":"Electrodynamics","floor":16.0},{"not_picked":["Conserve Battery","Hologram"],"picked":"Coolheaded","floor":18.0},{"not_picked":["Self Repair","White Noise"],"picked":"Genetic Algorithm+1","floor":20.0},{"not_picked":["Barrage+1","Sweeping Beam"],"picked":"Redo+1","floor":21.0},{"not_picked":["Aggregate+1","Sweeping Beam"],"picked":"Loop+1","floor":23.0},{"not_picked":["Leap+1","Steam"],"picked":"Cold Snap+1","floor":27.0},{"not_picked":["Fusion","Go for the Eyes"],"picked":"Loop+1","floor":29},{"not_picked":["Lockon","Scrape"],"picked":"Melter","floor":30},{"not_picked":["Doom and Gloom","Rip and Tear"],"picked":"Beam Cell","floor":31}],"player_experience":78567,"relics_obtained":[{"floor":6.0,"key":"Matryoshka"},{"floor":9.0,"key":"Happy Flower"},{"floor":9.0,"key":"War Paint"},{"floor":23.0,"key":"Lantern"},{"floor":26.0,"key":"Whetstone"},{"floor":26.0,"key":"Toy Ornithopter"}],"event_choices":[{"damage_healed":0.0,"max_hp_gain":0.0,"max_hp_loss":0.0,"gold_gain":0.0,"event_name":"Golden Idol","player_choice":"Take Damage","floor":5.0,"gold_loss":0.0,"damage_taken":18.0,"relics_obtained":["Golden Idol"]},{"damage_healed":0.0,"max_hp_gain":0.0,"max_hp_loss":0.0,"gold_gain":0.0,"event_name":"Forgotten Altar","player_choice":"Gave Idol","floor":22.0,"relics_lost":["Golden Idol"],"gold_loss":0.0,"damage_taken":0.0,"relics_obtained":["Bloody Idol"]},{"damage_healed":0.0,"max_hp_gain":0.0,"max_hp_loss":0.0,"gold_gain":0.0,"event_name":"Designer","player_choice":"Upgrade","floor":25.0,"gold_loss":40.0,"damage_taken":0.0,"cards_upgraded":["Mayhem"]},{"cards_removed":["Strike_B"],"damage_healed":0.0,"max_hp_gain":0.0,"max_hp_loss":0.0,"gold_gain":0.0,"event_name":"Beggar","player_choice":"Gave Gold","floor":28.0,"gold_loss":75.0,"damage_taken":0.0}],"is_beta":false,"boss_relics":[{"not_picked":["Snecko Eye","Pandora\u0027s Box"],"picked":"Nuclear Battery"}],"items_purged_floors":[4],"is_endless":false,"potions_floor_spawned":[1,6,7,10,14,18,27,31],"killed_by":"Collector","ascension_level":0}}