{"host":"t7mx8yfj1no5p62f","time":1609866804,"event":{"mods":["BaseMod","Colored Map","Colored Powertips","Minty Spire (QoL Compilation)","Relic Stats","StSLib"],"gold_per_floor":[110,124,141,159,1,1,36,36,59,73,73,90,116,129,129,206,206,216,216,55,55,68,68,93,93,93],"floor_reached":25,"playtime":860,"items_purged":["Strike_G"],"score":466,"play_id":"bf61a242-f36b-41f2-9ad9-f81af5353cd6","local_time":"20210105121324","is_ascension_mode":true,"campfire_choices":[{"data":"Crippling Poison","floor":6,"key":"SMITH"},{"data":"Noxious Fumes","floor":8,"key":"SMITH"},{"data":"Bouncing Flask","floor":15,"key":"SMITH"},{"data":"Burst","floor":23,"key":"SMITH"}],"circlet_count":0,"master_deck":["AscendersBane","Strike_G","Strike_G","Defend_G","Defend_G","Defend_G","Defend_G","Defend_G","Survivor","Neutralize","All Out Attack","Skewer","Crippling Poison+1","Noxious Fumes+1","Footwork","Deadly Poison","Acrobatics","Crippling Poison","Bouncing Flask+1","Venomology","Acrobatics","Burst+1","Reflex","Night Terror"],"relics":["Ring of the Snake","Omamori","Akabeko","Art of War","SacredBark","Nilry\u0027s Codex","Strange Spoon","Meat on the Bone"],"acts_visited":["Exordium","TheCity"],"potions_floor_usage":[7,13,13,18,22,24,24,24,24,25],"damage_taken":[{"damage":11,"enemies":"Cultist","floor":1,"turns":5},{"damage":8,"enemies":"Jaw Worm","floor":2,"turns":8},{"damage":0,"enemies":"2 Louse","floor":3,"turns":2},{"damage":0,"enemies":"2 Fungi Beasts","floor":4,"turns":3},{"damage":8,"enemies":"Lagavulin","floor":7,"turns":8},{"damage":4,"enemies":"Looter","floor":10,"turns":3},{"damage":4,"enemies":"Blue Slaver","floor":12,"turns":3},{"damage":5,"enemies":"3 Sentries","floor":13,"turns":3},{"damage":5,"enemies":"Exordium Thugs","floor":14,"turns":5},{"damage":9,"enemies":"Hexaghost","floor":16,"turns":9},{"damage":9,"enemies":"Chosen","floor":18,"turns":5},{"damage":0,"enemies":"Spheric Guardian","floor":22,"turns":3},{"damage":19,"enemies":"Slavers","floor":24,"turns":6},{"damage":10,"enemies":"Centurion and Healer","floor":25,"turns":3}],"seed_played":"1134352113143782390","potions_obtained":[{"floor":2,"key":"Strength Potion"},{"floor":3,"key":"Explosive Potion"},{"floor":7,"key":"CunningPotion"},{"floor":13,"key":"DistilledChaos"}],"is_trial":false,"path_per_floor":["M","M","M","M","$","R","E","R","T","M","$","M","E","M","R","B",null,"M","?","$","?","M","R","E","M"],"character_chosen":"THE_SILENT","items_purchased":["Footwork","Strange Spoon"],"campfire_rested":0,"item_purchase_floors":[5,20],"current_hp_per_floor":[54,46,46,46,46,46,38,38,38,34,34,30,25,20,20,11,57,48,27,27,27,27,27,8,0,0],"gold":93,"neow_bonus":"TEN_PERCENT_HP_BONUS","is_daily":false,"chose_seed":false,"campfire_upgraded":4,"win_rate":0.0,"timestamp":1609866804,"path_taken":["M","M","M","M","$","R","E","R","T","M","$","M","E","M","R","BOSS","M","?","$","?","M","R","E","M"],"items_purchased_type":["Card","Relic"],"build_version":"2020-12-22","purchased_purges":1,"victory":false,"max_hp_per_floor":[72,72,72,72,72,72,72,72,72,72,72,72,72,72,72,72,72,72,72,72,72,72,72,72,72,72],"relic_stats":{"Strange Spoon":[1],"counters":[14,66],"Art of War":[17],"obtain_stats":[{"Strange Spoon":20,"Nilry\u0027s Codex":19,"SacredBark":17,"Omamori":7,"Art of War":13,"Akabeko":9,"Ring of the Snake":0,"Meat on the Bone":24},{"Strange Spoon":11,"Nilry\u0027s Codex":11,"SacredBark":10,"Omamori":5,"Art of War":8,"Akabeko":5,"Ring of the Snake":0,"Meat on the Bone":13},{"Strange Spoon":54,"Nilry\u0027s Codex":54,"SacredBark":49,"Omamori":26,"Art of War":35,"Akabeko":26,"Ring of the Snake":0,"Meat on the Bone":63}],"Ring of the Snake":[28],"Meat on the Bone":0},"card_choices":[{"not_picked":["Cloak And Dagger","Setup"],"picked":"All Out Attack","floor":1},{"not_picked":["Calculated Gamble","Cloak And Dagger"],"picked":"Skewer","floor":2},{"not_picked":["Quick Slash","Reflex"],"picked":"Crippling Poison","floor":3},{"not_picked":["Catalyst","Sucker Punch"],"picked":"Noxious Fumes","floor":4},{"not_picked":["Cloak And Dagger","Underhanded Strike"],"picked":"Deadly Poison","floor":7},{"not_picked":["Sucker Punch","Underhanded Strike"],"picked":"Acrobatics","floor":10},{"not_picked":["Dagger Spray","Dagger Throw","Dodge and Roll"],"picked":"SKIP","floor":12},{"not_picked":["Bane","Endless Agony"],"picked":"Crippling Poison","floor":13},{"not_picked":["Finisher","Sucker Punch"],"picked":"Bouncing Flask","floor":14},{"not_picked":["Bullet Time","Storm of Steel"],"picked":"Venomology","floor":16},{"not_picked":["Flying Knee","Dodge and Roll"],"picked":"Acrobatics","floor":18},{"not_picked":["Deflect","Finisher","Underhanded Strike"],"picked":"SKIP","floor":22},{"not_picked":["Riddle With Holes","Deadly Poison"],"picked":"Night Terror","floor":24}],"player_experience":1660947,"relics_obtained":[{"floor":7,"key":"Omamori"},{"floor":9,"key":"Akabeko"},{"floor":13,"key":"Art of War"},{"floor":19,"key":"Nilry\u0027s Codex"},{"floor":24,"key":"Meat on the Bone"}],"event_choices":[{"damage_healed":0,"gold_gain":0,"player_choice":"Obtained Book","damage_taken":21,"max_hp_gain":0,"max_hp_loss":0,"event_name":"Cursed Tome","floor":19,"gold_loss":0},{"damage_healed":0,"gold_gain":0,"cards_transformed":["Strike_G","Strike_G"],"player_choice":"Became Test Subject","damage_taken":0,"max_hp_gain":0,"max_hp_loss":0,"event_name":"Drug Dealer","floor":21,"gold_loss":0,"cards_obtained":["Burst","Reflex"]}],"is_beta":false,"boss_relics":[{"not_picked":["SlaversCollar","Black Star"],"picked":"SacredBark"}],"items_purged_floors":[5],"is_endless":false,"potions_floor_spawned":[2,3,7,13,22,24],"killed_by":"Centurion and Healer","ascension_level":20}}