{"host":"ecaj4hn004xnnrw9","time":1609881772,"event":{"mods":["AchievementEnabler","BaseMod","Hermit","Minty Spire (QoL Compilation)","Quick Restart","Replay The Spire","Shop Mod","StSLib","The Jungle"],"gold_per_floor":[113,113,113,130,147,147,172,172,172,172,203,28,38,38,38,142,142,160,160,25,40,56,56,56,56],"floor_reached":24,"playtime":540,"items_purged":["Strike_P"],"score":298,"play_id":"a8cf52b6-7ecb-410c-b543-9efdf99a23aa","local_time":"20210105212252","is_ascension_mode":true,"campfire_choices":[{"data":"Eruption","floor":6,"key":"SMITH"},{"data":"Conclude","floor":8,"key":"SMITH"},{"data":"Consecrate","floor":10,"key":"SMITH"},{"data":"Tantrum","floor":23,"key":"SMITH"}],"circlet_count":0,"master_deck":["Strike_P+1","Defend_P","Defend_P","Defend_P","Defend_P","Eruption+1","Vigilance+1","Consecrate+1","FollowUp","EmptyFist","Conclude+1","BowlingBash","EmptyMind","Tantrum+1","BowlingBash+1"],"relics":["PureWater","NeowsBlessing","FaceOfCleric","Meat on the Bone","Ornamental Fan","Nunchaku","Ring of Chaos","theJungle:Flamango"],"acts_visited":["Exordium","Exordium"],"potions_floor_usage":[7,11,16,21,24],"damage_taken":[{"damage":0,"enemies":"Jaw Worm","floor":1,"turns":1},{"damage":0,"enemies":"Small Slimes","floor":4,"turns":1},{"damage":0,"enemies":"Cultist","floor":5,"turns":1},{"damage":15,"enemies":"Lagavulin","floor":7,"turns":7},{"damage":0,"enemies":"3 Sentries","floor":11,"turns":2},{"damage":0,"enemies":"3 Louse","floor":13,"turns":1},{"damage":7,"enemies":"Hexaghost","floor":16,"turns":6},{"damage":6,"enemies":"theJungle:5_Spyders","floor":18,"turns":4},{"damage":2,"enemies":"theJungle:MUSHROOMGANG","floor":21,"turns":1},{"damage":0,"enemies":"theJungle:JungleHuntersEncounter","floor":22,"turns":2},{"damage":71,"enemies":"theJungle:2_Phrogs","floor":24,"turns":3}],"seed_played":"-7104074158076164922","potions_obtained":[{"floor":4,"key":"Milkshake"},{"floor":7,"key":"Ambrosia"},{"floor":11,"key":"ColorlessPotion"},{"floor":13,"key":"Swift Potion"},{"floor":18,"key":"FearPotion"}],"is_trial":false,"path_per_floor":["M","?","?","M","M","R","E","R","T","R","E","$","M","?","R","B",null,"M","?","?","M","M","R","E"],"character_chosen":"WATCHER","items_purchased":["CultistPotion"],"campfire_rested":0,"item_purchase_floors":[12],"current_hp_per_floor":[65,51,51,52,53,53,39,39,39,39,40,40,41,34,34,40,69,64,64,64,63,64,64,0,0],"gold":56,"neow_bonus":"THREE_ENEMY_KILL","is_daily":false,"chose_seed":false,"campfire_upgraded":4,"win_rate":0.0,"timestamp":1609881772,"path_taken":["M","?","?","M","M","R","E","R","T","R","E","$","?","?","R","BOSS","M","?","?","M","M","R","E"],"items_purchased_type":["Potion"],"build_version":"2020-12-22","purchased_purges":1,"victory":false,"max_hp_per_floor":[72,72,72,73,74,74,75,75,75,75,76,76,77,77,77,78,78,79,79,79,80,81,81,81,81],"card_choices":[{"not_picked":["Evaluate","CrushJoints"],"picked":"Consecrate","floor":1},{"not_picked":["Nirvana","Replay:BluntJabs"],"picked":"FollowUp","floor":4},{"not_picked":["Consecrate","EmptyBody"],"picked":"EmptyFist","floor":5},{"not_picked":["Nirvana","EmptyBody"],"picked":"Conclude","floor":7},{"not_picked":["MentalFortress","EmptyFist"],"picked":"BowlingBash","floor":11},{"not_picked":["Swivel","MentalFortress","Protect"],"picked":"SKIP","floor":13},{"not_picked":["Replay:ManipulateFuture+1","Replay:AtTheReady+1"],"picked":"Tantrum","floor":18},{"not_picked":["EmptyBody","Wireheading"],"picked":"BowlingBash+1","floor":21},{"not_picked":["Crescendo","Replay:ManipulateFuture+1","BowlingBash"],"picked":"SKIP","floor":22}],"player_experience":213928,"relics_obtained":[{"floor":7,"key":"Meat on the Bone"},{"floor":9,"key":"Ornamental Fan"},{"floor":11,"key":"Nunchaku"}],"event_choices":[{"damage_healed":0,"gold_gain":0,"player_choice":"Entered Light","damage_taken":14,"max_hp_gain":0,"max_hp_loss":0,"event_name":"Shining Light","floor":2,"gold_loss":0,"cards_upgraded":["Strike_P","Vigilance"]},{"damage_healed":0,"gold_gain":0,"player_choice":"Trade","damage_taken":0,"relics_obtained":["FaceOfCleric"],"max_hp_gain":0,"max_hp_loss":0,"event_name":"FaceTrader","floor":3,"gold_loss":0},{"cards_removed":["Strike_P"],"damage_healed":0,"gold_gain":0,"player_choice":"Card Removal","damage_taken":7,"max_hp_gain":0,"max_hp_loss":0,"event_name":"Golden Wing","floor":14,"gold_loss":0}],"is_beta":false,"boss_relics":[{"not_picked":["Kintsugi","Abe\u0027s Treasure"],"picked":"Ring of Chaos"}],"items_purged_floors":[12],"is_endless":false,"potions_floor_spawned":[4,7,11,13,18],"killed_by":"theJungle:2_Phrogs","ascension_level":6}}