{"host":"17xjy7b7ubl548g2","time":1609818852,"event":{"mods":["2.2 Compatiblity","Act Like it!","Aspiration","Astrologer","Bard","BaseMod","Bestiary","Challenge The Spire","ChefMod","Colored Map","Conspire","Elementarium","Energized Spire","Gensokyo","GifTheSpireLib","Halation","Hallownest","Hubris","Infinite Spire","Jedi Mod","Jorbs\u0027s Wanderer Trilogy","Marisa（霧雨　魔理沙）","Marked Mod","Menagerie","Minty Spire (QoL Compilation)","Pale of the Ancients","Permanent Neow","Puzzle Mod","Replay The Spire","Robot Space Explorer","Spicy Shops","StSLib","Stuff the Spire","The Blue Laboratory","The Bug Knight","The Construct","The Disciple","The Factory","The Hayseed","The Hierophant","The Marked","The Runesmith","The Sage","TheFirefly"],"gold_per_floor":[111,126,146,146,15,15,47,47,93,93,116,151,76,107,107,212,212,241,266,299,184,28,54,54,87,113,136,158,158,158,193,193,294,294,326,326,25,48,64,64,98,98,148,173,173,173,173,207,207,207,207,207,53,88,88],"floor_reached":56,"playtime":6062,"items_purged":["Doubt","RobotSpaceExplorer:Strike","RobotSpaceExplorer:Strike","RobotSpaceExplorer:Strike"],"score":1470,"play_id":"d7d33ed7-fae9-496c-8c56-635779f4c655","local_time":"20210104225411","is_ascension_mode":true,"campfire_choices":[{"data":"RobotSpaceExplorer:StarDust","floor":6.0,"key":"SMITH"},{"data":"Menagerie:SteelWall","floor":10.0,"key":"SMITH"},{"data":"RobotSpaceExplorer:RigExplosive","floor":15.0,"key":"SMITH"},{"data":"RobotSpaceExplorer:Comet","floor":24.0,"key":"SMITH"},{"floor":29.0,"key":"REST"},{"data":"RobotSpaceExplorer:MiniDrones","floor":32.0,"key":"SMITH"},{"data":"RobotSpaceExplorer:GlueSpray","floor":40.0,"key":"SMITH"},{"data":"RobotSpaceExplorer:Jetpack","floor":42.0,"key":"SMITH"},{"floor":45.0,"key":"RECALL"},{"data":"RobotSpaceExplorer:HighVoltage","floor":47.0,"key":"SMITH"},{"data":"RobotSpaceExplorer:FrostMissile","floor":49.0,"key":"SMITH"},{"data":"RobotSpaceExplorer:IronShell","floor":52.0,"key":"SMITH"}],"circlet_count":0,"master_deck":["RobotSpaceExplorer:Strike","RobotSpaceExplorer:Defend","RobotSpaceExplorer:Defend","RobotSpaceExplorer:Defend","RobotSpaceExplorer:Defend","RobotSpaceExplorer:Scan","RobotSpaceExplorer:MiniLasers+1","RobotSpaceExplorer:StarDust+1","RobotSpaceExplorer:ShovelStrike+1","RobotSpaceExplorer:IronShell+1","Good Instincts","Good Instincts","Secret Weapon","RobotSpaceExplorer:LuckyStrike","Menagerie:LightningHelix+1","Menagerie:SteelWall+1","Menagerie:Languish","RobotSpaceExplorer:SurgingStrike","RobotSpaceExplorer:Jetpack+1","RobotSpaceExplorer:RigExplosive+1","RobotSpaceExplorer:Comet+1","RobotSpaceExplorer:GlueSpray+1","RobotSpaceExplorer:MiniDrones+1","RobotSpaceExplorer:FrostMissile+1","RobotSpaceExplorer:GlueShot+1","RobotSpaceExplorer:Multitool+1","RobotSpaceExplorer:TurboDodge+1","RobotSpaceExplorer:SurgingShield","RobotSpaceExplorer:DroneSwarm","RobotSpaceExplorer:HighVoltage+1","RobotSpaceExplorer:Counterblock+1","RobotSpaceExplorer:SurgingStrike+1","RobotSpaceExplorer:ShovelStrike+1","infinitespire:Collect","RobotSpaceExplorer:Smokescreen+1","RobotSpaceExplorer:GlueShot+1"],"relics":["RobotSpaceExplorer:RoboCore","Menagerie:HuntersKnife","ReplayTheSpireMod:ShopPack","StuffTheSpire:OldFever","PreservedInsect","Garlic","halation:TwoAmDonut","conspire:SlowCooker","Elementarium:HuntersSling","Happy Flower","hubris:GlazedTorus","Whetstone","Gremlin Food","Elementarium:ElementariumTrophy","conspire:SpecialSausage","StuffTheSpire:Experiment12","jedi:arcanewood","RobotSpaceExplorer:BottledGravity","aspiration:KaomsHeart"],"acts_visited":["Exordium","Menagerie:Menagerie","TheBeyond","TheEnding"],"potions_floor_usage":[55,55,55,55],"damage_taken":[{"damage":0.0,"enemies":"Menagerie:WhisperingWraith","floor":1.0,"turns":4.0},{"damage":7.0,"enemies":"Menagerie:MonstrousExperiment","floor":2.0,"turns":5.0},{"damage":0.0,"enemies":"Menagerie:StygianBoar","floor":3.0,"turns":2.0},{"damage":0.0,"enemies":"Menagerie:Hydra","floor":7.0,"turns":5.0},{"damage":3.0,"enemies":"Menagerie:MeltingSalamander","floor":11.0,"turns":4.0},{"damage":5.0,"enemies":"Menagerie:VoidReaper","floor":12.0,"turns":6.0},{"damage":1.0,"enemies":"Menagerie:Hydra","floor":14.0,"turns":4.0},{"damage":8.0,"enemies":"Menagerie:Chimera","floor":16.0,"turns":7.0},{"damage":0.0,"enemies":"Elementarium:2_ELEMENTALS","floor":18.0,"turns":3.0},{"damage":4.0,"enemies":"Elementarium:MUD_AND_TAR_GOLEMS","floor":19.0,"turns":5.0},{"damage":2.0,"enemies":"Elementarium:3_ELEMENTALS","floor":20.0,"turns":5.0},{"damage":17.0,"enemies":"Elementarium:WarGolem","floor":23.0,"turns":3.0},{"damage":0.0,"enemies":"Elementarium:FIRE_NOBILITY","floor":25.0,"turns":5.0},{"damage":26.0,"enemies":"Elementarium:VOID_CORRUPTION_AND_TAR_GOLEM","floor":27.0,"turns":6.0},{"damage":9.0,"enemies":"Elementarium:CYCLONE_AND_ORB_OF_FIRE","floor":28.0,"turns":6.0},{"damage":0.0,"enemies":"Elementarium:3_ELEMENTALS","floor":31.0,"turns":4.0},{"damage":16.0,"enemies":"Elementarium:GolemEmperor","floor":33.0,"turns":10.0},{"damage":13.0,"enemies":"3 Shapes","floor":35.0,"turns":3.0},{"damage":0.0,"enemies":"Orb Walker","floor":38.0,"turns":4.0},{"damage":5.0,"enemies":"3 Darklings","floor":39.0,"turns":3.0},{"damage":0.0,"enemies":"Nemesis","floor":41.0,"turns":7.0},{"damage":0.0,"enemies":"R_Hoarder","floor":44.0,"turns":7.0},{"damage":0.0,"enemies":"Sphere and 2 Shapes","floor":48.0,"turns":6.0},{"damage":60.0,"enemies":"Replay:Hell Engine","floor":50.0,"turns":8.0},{"damage":21.0,"enemies":"Shield and Spear","floor":54.0,"turns":7.0},{"damage":92,"enemies":"The Heart","floor":55,"turns":11}],"seed_played":"931257669620418738","potions_obtained":[{"floor":1.0,"key":"blueLaboratory:HummingbirdPotion"},{"floor":11.0,"key":"Weak Potion"},{"floor":14.0,"key":"CultistPotion"},{"floor":18.0,"key":"PowerPotion"},{"floor":23.0,"key":"SpeedPotion"},{"floor":27.0,"key":"Explosive Potion"},{"floor":33.0,"key":"Flashbang"},{"floor":39.0,"key":"blueLaboratory:HummingbirdPotion"}],"is_trial":false,"path_per_floor":["M","M","M","?","$","R","E","?","T","R","M","E","$","E","R","B",null,"M","M","M","?","$","E","R","E","T","M","M","R","?","M","R","B",null,"M","?","$","M","M","R","E","R","T","E","R","AVR","R","M","R","B",null,"R","$","E","B",null],"character_chosen":"RobotSpaceExplorer","items_purchased":["ReplayTheSpireMod:ShopPack","Happy Flower","blueLaboratory:StoneskinPotion","blueLaboratory:StoneskinPotion"],"campfire_rested":1,"item_purchase_floors":[5,22,37,53],"current_hp_per_floor":[68,61,61,61,61,61,61,61,61,61,60,58,58,60,60,55,61,63,59,60,60,60,43,43,46,46,25,16,34,34,39,39,28,54,46,46,46,51,51,51,56,56,56,61,61,161,161,163,163,108,149,149,149,133,46],"gold":88,"neow_bonus":"RANDOM_EVENT","is_daily":false,"chose_seed":false,"campfire_upgraded":10,"win_rate":0.0,"timestamp":1609818851,"path_taken":["M","M","M","?","?","R","E","?","T","R","M","E","$","E","R","BOSS","M","?","M","?","$","E","R","E","T","M","M","R","?","M","R","BOSS","M","?","$","?","?","R","E","R","T","E","R","AVR","R","M","R","BOSS","R","$","E","BOSS"],"items_purchased_type":["Relic","Relic","Potion","Potion"],"build_version":"2020-12-22","purchased_purges":4,"victory":true,"max_hp_per_floor":[75,75,75,69,69,69,69,63,63,63,63,63,63,63,63,63,63,63,63,63,63,63,63,63,63,63,63,63,63,63,63,63,63,63,63,63,63,63,63,63,63,63,63,63,63,163,163,163,163,163,163,163,163,163,163],"card_choices":[{"not_picked":["RobotSpaceExplorer:Probe","RobotSpaceExplorer:ShockKick"],"picked":"RobotSpaceExplorer:StarDust","floor":1.0},{"not_picked":["RobotSpaceExplorer:BigMissile","RobotSpaceExplorer:StarDust"],"picked":"RobotSpaceExplorer:ShovelStrike","floor":2.0},{"not_picked":["RobotSpaceExplorer:ShovelStrike","RobotSpaceExplorer:StunGrenade"],"picked":"RobotSpaceExplorer:IronShell","floor":3.0},{"not_picked":["Impatience","StuffTheSpire:PlasmaPunch"],"picked":"Good Instincts","floor":5.0},{"not_picked":["Madness","ReplayTheSpireMod:Private Reserves"],"picked":"Good Instincts","floor":5.0},{"not_picked":["StuffTheSpire:Recharge","ReplayTheSpireMod:Necrogeddon"],"picked":"Secret Weapon","floor":5.0},{"not_picked":["RobotSpaceExplorer:Counterblock","RobotSpaceExplorer:Probe"],"picked":"RobotSpaceExplorer:LuckyStrike","floor":7.0},{"not_picked":["Menagerie:Dismember","Menagerie:Staggershock"],"picked":"Menagerie:LightningHelix","floor":8.0},{"not_picked":["Menagerie:LightningBolt","Menagerie:Dismember"],"picked":"Menagerie:SteelWall","floor":8.0},{"not_picked":["Menagerie:Foresee","Menagerie:DarkRitual"],"picked":"Menagerie:Languish","floor":8.0},{"not_picked":["RobotSpaceExplorer:GlueShot","RobotSpaceExplorer:DoubleBlock"],"picked":"RobotSpaceExplorer:SurgingStrike","floor":11.0},{"not_picked":["RobotSpaceExplorer:SwiftStep","RobotSpaceExplorer:ShockKick"],"picked":"RobotSpaceExplorer:Jetpack","floor":12.0},{"not_picked":["RobotSpaceExplorer:FrostMissile","RobotSpaceExplorer:SelfCleaning"],"picked":"RobotSpaceExplorer:RigExplosive","floor":14.0},{"not_picked":["RobotSpaceExplorer:ChargingLaser","RobotSpaceExplorer:BlastShield"],"picked":"RobotSpaceExplorer:Comet","floor":16.0},{"not_picked":["RobotSpaceExplorer:FranticSearch","RobotSpaceExplorer:DualCore"],"picked":"RobotSpaceExplorer:GlueSpray","floor":18.0},{"not_picked":["RobotSpaceExplorer:ShockKick","RobotSpaceExplorer:DoubleFind"],"picked":"RobotSpaceExplorer:MiniDrones","floor":19.0},{"not_picked":["RobotSpaceExplorer:Ammunition","RobotSpaceExplorer:Counterblock"],"picked":"RobotSpaceExplorer:FrostMissile","floor":20.0},{"not_picked":["RobotSpaceExplorer:SurgingShield","RobotSpaceExplorer:LuckyStrike+1"],"picked":"RobotSpaceExplorer:GlueShot+1","floor":23.0},{"not_picked":["RobotSpaceExplorer:GlueSpray","RobotSpaceExplorer:ShovelStrike"],"picked":"RobotSpaceExplorer:Multitool","floor":25.0},{"not_picked":["RobotSpaceExplorer:ShovelStrike+1","RobotSpaceExplorer:MetalStrike"],"picked":"RobotSpaceExplorer:TurboDodge+1","floor":27.0},{"not_picked":["RobotSpaceExplorer:Jetpack","RobotSpaceExplorer:RigExplosive"],"picked":"RobotSpaceExplorer:SurgingShield","floor":28.0},{"not_picked":["RobotSpaceExplorer:Pulsar","RobotSpaceExplorer:DualCore","RobotSpaceExplorer:ScrapShield"],"picked":"SKIP","floor":31.0},{"not_picked":["RobotSpaceExplorer:Explosion","RobotSpaceExplorer:BlastShield"],"picked":"RobotSpaceExplorer:DroneSwarm","floor":33.0},{"not_picked":["RobotSpaceExplorer:SwiftStep+1","RobotSpaceExplorer:SurgingShield","RobotSpaceExplorer:MetalStrike"],"picked":"SKIP","floor":35.0},{"not_picked":["RobotSpaceExplorer:SwiftStep+1","RobotSpaceExplorer:SurgingShield","RobotSpaceExplorer:MetalStrike"],"picked":"SKIP","floor":35.0},{"not_picked":["RobotSpaceExplorer:ShovelStrike","RobotSpaceExplorer:PowerCollector"],"picked":"RobotSpaceExplorer:Counterblock+1","floor":38.0},{"not_picked":["RobotSpaceExplorer:PowerCollector","RobotSpaceExplorer:Pulsar","RobotSpaceExplorer:ScrapToss"],"picked":"SKIP","floor":39.0},{"not_picked":["RobotSpaceExplorer:MetalStrike","RobotSpaceExplorer:Arsenal"],"picked":"RobotSpaceExplorer:SurgingStrike+1","floor":41.0},{"not_picked":["RobotSpaceExplorer:GlueSpray+1","RobotSpaceExplorer:MiniDrones"],"picked":"RobotSpaceExplorer:ShovelStrike+1","floor":44.0},{"not_picked":["RobotSpaceExplorer:SurgingStrike","RobotSpaceExplorer:FreezeRay"],"picked":"RobotSpaceExplorer:Smokescreen+1","floor":48.0},{"not_picked":["RobotSpaceExplorer:SelfCleaning","RobotSpaceExplorer:FreezeRay"],"picked":"RobotSpaceExplorer:GlueShot+1","floor":54.0}],"player_experience":1669317,"relics_obtained":[{"floor":7.0,"key":"StuffTheSpire:OldFever"},{"floor":9.0,"key":"PreservedInsect"},{"floor":12.0,"key":"Garlic"},{"floor":14.0,"key":"halation:TwoAmDonut"},{"floor":23.0,"key":"hubris:GlazedTorus"},{"floor":25.0,"key":"Whetstone"},{"floor":26.0,"key":"Gremlin Food"},{"floor":41.0,"key":"StuffTheSpire:Experiment12"},{"floor":41.0,"key":"jedi:arcanewood"},{"floor":44.0,"key":"RobotSpaceExplorer:BottledGravity"},{"floor":54.0,"key":"aspiration:KMNothing"}],"event_choices":[{"damage_healed":0.0,"max_hp_gain":0.0,"max_hp_loss":6.0,"gold_gain":0.0,"event_name":"Menagerie:BigGameHunter","player_choice":"Take","floor":4.0,"gold_loss":0.0,"damage_taken":0.0,"relics_obtained":["Menagerie:HuntersKnife"]},{"damage_healed":0.0,"max_hp_gain":0.0,"max_hp_loss":6.0,"gold_gain":0.0,"event_name":"Menagerie:OvergrownLibrary","player_choice":"Read","floor":8.0,"gold_loss":0.0,"damage_taken":0.0,"cards_obtained":["Doubt"]},{"damage_healed":0.0,"max_hp_gain":0.0,"max_hp_loss":0.0,"gold_gain":0.0,"event_name":"Elementarium:BigGameHunter","player_choice":"Sling","floor":21.0,"gold_loss":115.0,"damage_taken":0.0,"relics_obtained":["Elementarium:HuntersSling"]},{"damage_healed":0.0,"max_hp_gain":0.0,"max_hp_loss":0.0,"gold_gain":0.0,"event_name":"conspire:Investor","player_choice":"Leave","floor":30.0,"gold_loss":0.0,"damage_taken":0.0},{"damage_healed":0.0,"max_hp_gain":0.0,"max_hp_loss":0.0,"gold_gain":0.0,"event_name":"Match and Keep!","player_choice":"2 cards matched","floor":36.0,"gold_loss":0.0,"damage_taken":0.0,"cards_obtained":["RobotSpaceExplorer:HighVoltage","RobotSpaceExplorer:LuckyFind"]}],"is_beta":false,"boss_relics":[{"not_picked":["Philosopher\u0027s Stone","conspire:RunicOctahedron"],"picked":"conspire:SlowCooker"},{"not_picked":["Replay:Drink Me","Fusion Hammer"],"picked":"conspire:SpecialSausage"}],"items_purged_floors":[13,37,37,46],"is_endless":false,"potions_floor_spawned":[1,11,14,18,23,27,33,38,39,48],"ascension_level":8}}