{"host":"1kq2ingo3j45gyyp","time":1609882854,"event":{"mods":["BaseMod","Better Note","Better Third Choice","Downfall","Minty Spire (QoL Compilation)","StSLib"],"gold_per_floor":[99,111,23,123,108,33,33,49,64,64,81,112,131,143,157,261,261,261,261,261,261,261,261,261,261,261,261,246,246,246,246,246,246,246],"floor_reached":32,"playtime":1538,"items_purged":[],"score":270,"play_id":"80ffd544-0057-4fdf-b362-014bc0f33978","local_time":"20210105164054","is_ascension_mode":false,"campfire_choices":[{"floor":1,"key":"RECALL"},{"data":"Slimebound:Grow","floor":6,"key":"SMITH"},{"data":"Slimebound:Grow","floor":10,"key":"SMITH"},{"data":"Slimebound:CheckThePlaybook","floor":18,"key":"SMITH"}],"circlet_count":0,"master_deck":["Slimebound:Strike_Slimebound","Slimebound:Strike_Slimebound","Slimebound:Strike_Slimebound","Slimebound:Tackle","Slimebound:Defend_Slimebound","Slimebound:Defend_Slimebound","Slimebound:Defend_Slimebound","Slimebound:Defend_Slimebound","Slimebound:Split","Slimebound:CorrosiveSpit","expansioncontent:HyperBeam","Slimebound:GoopTackle","Slimebound:Grow+1","Slimebound:Grow+1","Slimebound:FinishingTackle","Slimebound:SplitLeeching","Slimebound:RejuvenatingLick","Slimebound:RollThrough","Slimebound:RollThrough","Slimebound:FirmFortitude","Slimebound:CheckThePlaybook+1","Slimebound:RollThrough","Slimebound:FlameTackle"],"relics":["Slimebound:AbsorbEndCombat","downfall:HeartBlessingRed","Eternal Feather","HornCleat","downfall:Hecktoplasm","Omamori"],"acts_visited":["Exordium","TheCity"],"potions_floor_usage":[19,31,31,32,32,32,32],"damage_taken":[{"damage":10,"enemies":"Jaw Worm","floor":2,"turns":4},{"damage":13,"enemies":"downfall:FleeingMerchant","floor":3,"turns":4},{"damage":4,"enemies":"downfall:FleeingMerchant","floor":5,"turns":4},{"damage":4,"enemies":"Cultist","floor":8,"turns":5},{"damage":8,"enemies":"Small Slimes","floor":9,"turns":3},{"damage":10,"enemies":"3 Louse","floor":11,"turns":3},{"damage":26,"enemies":"3 Sentries","floor":12,"turns":5},{"damage":6,"enemies":"Exordium Wildlife","floor":13,"turns":3},{"damage":18,"enemies":"Exordium Thugs","floor":14,"turns":4},{"damage":8,"enemies":"Gremlin Gang","floor":15,"turns":3},{"damage":35,"enemies":"downfall:Watcher","floor":16,"turns":9},{"damage":8,"enemies":"Spheric Guardian","floor":19,"turns":4},{"damage":7,"enemies":"Shell Parasite","floor":22,"turns":3},{"damage":10,"enemies":"Shelled Parasite and Fungi","floor":23,"turns":5},{"damage":30,"enemies":"Snecko","floor":25,"turns":5},{"damage":9,"enemies":"Centurion and Healer","floor":26,"turns":4},{"damage":7,"enemies":"Snake Plant","floor":27,"turns":4},{"damage":6,"enemies":"downfall:FleeingMerchant","floor":28,"turns":4},{"damage":25,"enemies":"Shelled Parasite and Fungi","floor":29,"turns":4},{"damage":1,"enemies":"Snecko","floor":30,"turns":4},{"damage":59,"enemies":"Book of Stabbing","floor":31,"turns":5},{"damage":19,"enemies":"Sentry and Sphere","floor":32,"turns":4}],"seed_played":"-3394022831158003988","potions_obtained":[{"floor":2,"key":"Block Potion"},{"floor":9,"key":"Strength Potion"},{"floor":11,"key":"EntropicBrew"},{"floor":22,"key":"Weak Potion"},{"floor":30,"key":"Slimebound:SlimedPotion"}],"is_trial":false,"path_per_floor":["R","M","$","?","$","R","T","M","M","R","M","E","M","M","M","B",null,"R","M","?","?","M","M","T","M","M","M","$","M","M","E","M"],"character_chosen":"SLIMEBOUND","items_purchased":["Slimebound:Grow"],"campfire_rested":0,"item_purchase_floors":[3],"current_hp_per_floor":[60,56,49,49,51,51,51,51,53,60,54,40,40,36,36,23,60,60,58,58,58,57,59,59,38,43,48,56,51,56,13,0,0,0],"gold":246,"neow_bonus":"RANDOM_COLORLESS","is_daily":false,"chose_seed":false,"campfire_upgraded":3,"win_rate":0.0,"timestamp":1609882854,"path_taken":["R","M","$","?","?","R","T","M","?","R","M","E","M","M","M","BOSS","R","M","?","?","M","M","T","M","M","M","$","M","M","E","M"],"items_purchased_type":["Card"],"build_version":"2020-12-22","purchased_purges":0,"victory":false,"max_hp_per_floor":[60,60,60,60,60,60,60,60,60,60,60,60,60,60,60,60,60,60,60,60,60,60,60,60,60,60,60,60,60,60,60,60,60,60],"card_choices":[{"not_picked":["Mind Blast","expansioncontent:LastStand"],"picked":"expansioncontent:HyperBeam","floor":0},{"not_picked":["Slimebound:SplitMire","Slimebound:Schlurp"],"picked":"Slimebound:GoopTackle","floor":2},{"not_picked":["Slimebound:Gluttony","Slimebound:SplitBruiser"],"picked":"Slimebound:Grow","floor":3},{"not_picked":["Slimebound:Schlurp","Slimebound:GrowthPunch"],"picked":"Slimebound:FinishingTackle","floor":5},{"not_picked":["Slimebound:SplitBruiser","Slimebound:SlimeSpikes"],"picked":"Slimebound:SplitLeeching","floor":8},{"not_picked":["Slimebound:ItLooksTasty","Slimebound:FinishingTackle","Slimebound:SamplingLick"],"picked":"SKIP","floor":9},{"not_picked":["Slimebound:GoopSpray","Slimebound:SamplingLick"],"picked":"Slimebound:RejuvenatingLick","floor":11},{"not_picked":["Slimebound:DouseInSlime","Slimebound:OozeBath"],"picked":"Slimebound:RollThrough","floor":12},{"not_picked":["Slimebound:SplitAcid","Slimebound:SamplingLick","Slimebound:PressTheAttack"],"picked":"SKIP","floor":13},{"not_picked":["Slimebound:LeadByExample","Slimebound:DivideAndConquer"],"picked":"Slimebound:RollThrough","floor":14},{"not_picked":["Slimebound:FinishingTackle","Slimebound:DisruptingSlam"],"picked":"Slimebound:FirmFortitude","floor":15},{"not_picked":["Slimebound:MassRepurpose","Slimebound:Overexert"],"picked":"Slimebound:CheckThePlaybook","floor":16},{"not_picked":["Slimebound:AcidTongue","Slimebound:GoopSpray","Slimebound:DisruptingSlam"],"picked":"SKIP","floor":19},{"not_picked":["Slimebound:SlimeSpikes","Slimebound:Equalize"],"picked":"Slimebound:RollThrough","floor":22},{"not_picked":["Slimebound:RollThrough+1","Slimebound:SplitBruiser+1"],"picked":"Slimebound:FlameTackle","floor":23},{"not_picked":["Slimebound:Repurpose+1","Slimebound:Replication","Slimebound:FinishingTackle"],"picked":"SKIP","floor":25},{"not_picked":["Slimebound:GoopSpray","Slimebound:LeechEnergy","Slimebound:LivingWall"],"picked":"SKIP","floor":26},{"not_picked":["Slimebound:DivideAndConquer","Slimebound:SamplingLick","Slimebound:PressTheAttack"],"picked":"SKIP","floor":27},{"not_picked":["Slimebound:SpikyOuterGoop","Slimebound:RainOfGoop","Slimebound:GrowthPunch"],"picked":"SKIP","floor":28},{"not_picked":["Slimebound:SelfFormingGoo","Slimebound:Schlurp","Slimebound:GrowthPunch"],"picked":"SKIP","floor":29},{"not_picked":["Slimebound:ViciousTackle","Slimebound:PressTheAttack+1","Slimebound:GoopSpray"],"picked":"SKIP","floor":30},{"not_picked":["Slimebound:SlimeTap","Slimebound:SamplingLick","Slimebound:FormOfPuddle"],"picked":"SKIP","floor":31}],"player_experience":838123,"relics_obtained":[{"floor":7,"key":"Eternal Feather"},{"floor":12,"key":"HornCleat"},{"floor":31,"key":"Omamori"}],"event_choices":[],"is_beta":false,"boss_relics":[{"not_picked":["Slimebound:AbsorbEndCombatUpgraded","Cursed Key"],"picked":"downfall:Hecktoplasm"}],"items_purged_floors":[],"is_endless":false,"potions_floor_spawned":[2,9,11,13,14,22,23,25,29,30],"killed_by":"Sentry and Sphere","ascension_level":0}}