{"host":"8by3m8mve9y2rhh4","time":1609858387,"event":{"mods":["BaseMod","Minty Spire (QoL Compilation)","Quick Restart"],"gold_per_floor":[113,113,128,144,158,190,201,236,236,236,250,279,279,304,304,409,409,420,433,464,464,464],"floor_reached":21,"playtime":1193,"items_purged":[],"score":222,"play_id":"775e452d-1fa6-4763-bcc4-902c7955beee","local_time":"20210105145307","is_ascension_mode":true,"campfire_choices":[{"floor":10,"key":"REST"},{"floor":13,"key":"REST"},{"floor":15,"key":"REST"}],"circlet_count":0,"master_deck":["Survivor","Neutralize","Doppelganger","Reflex","Deadly Poison","Flechettes","Tools of the Trade","Cloak And Dagger","Envenom","Poisoned Stab","Well Laid Plans","Dagger Throw","Quick Slash","Leg Sweep","Escape Plan","Cloak And Dagger","Prepared","Escape Plan","Envenom","Catalyst","Deadly Poison","Riddle With Holes","After Image","Deflect"],"relics":["Pandora\u0027s Box","Tingsha","Pocketwatch","The Courier","Art of War","Ginger","Busted Crown","Red Mask"],"acts_visited":["Exordium","TheCity"],"potions_floor_usage":[5,8,8,12,16,20,20,21],"damage_taken":[{"damage":6,"enemies":"Cultist","floor":1,"turns":3},{"damage":7,"enemies":"2 Louse","floor":3,"turns":3},{"damage":3,"enemies":"Small Slimes","floor":4,"turns":4},{"damage":0,"enemies":"Gremlin Gang","floor":5,"turns":6},{"damage":25,"enemies":"3 Sentries","floor":6,"turns":9},{"damage":4,"enemies":"Looter","floor":7,"turns":3},{"damage":13,"enemies":"Gremlin Nob","floor":8,"turns":4},{"damage":6,"enemies":"Blue Slaver","floor":11,"turns":4},{"damage":18,"enemies":"3 Sentries","floor":12,"turns":5},{"damage":4,"enemies":"Gremlin Nob","floor":14,"turns":3},{"damage":24,"enemies":"Hexaghost","floor":16,"turns":7},{"damage":25,"enemies":"2 Thieves","floor":18,"turns":4},{"damage":10,"enemies":"Chosen","floor":19,"turns":4},{"damage":20,"enemies":"Masked Bandits","floor":20,"turns":6},{"damage":16,"enemies":"Shelled Parasite and Fungi","floor":21,"turns":2}],"seed_played":"6796272729327623602","potions_obtained":[{"floor":3,"key":"EssenceOfSteel"},{"floor":5,"key":"CultistPotion"},{"floor":6,"key":"Weak Potion"},{"floor":7,"key":"Energy Potion"},{"floor":8,"key":"Strength Potion"},{"floor":12,"key":"EssenceOfSteel"},{"floor":18,"key":"GamblersBrew"},{"floor":19,"key":"SteroidPotion"}],"is_trial":false,"path_per_floor":["M","?","M","M","M","E","M","E","T","R","M","E","R","E","R","B",null,"M","M","?","M"],"character_chosen":"THE_SILENT","items_purchased":[],"campfire_rested":3,"item_purchase_floors":[],"current_hp_per_floor":[64,64,57,54,54,29,25,12,12,33,27,9,30,26,47,23,70,45,35,15,0,0],"gold":464,"neow_bonus":"BOSS_RELIC","is_daily":false,"chose_seed":false,"campfire_upgraded":0,"win_rate":0.0,"timestamp":1609858387,"path_taken":["M","?","M","M","M","E","M","E","T","R","M","E","R","E","R","BOSS","M","M","?","M"],"items_purchased_type":[],"build_version":"2020-12-22","purchased_purges":0,"victory":false,"max_hp_per_floor":[70,70,70,70,70,70,70,70,70,70,70,70,70,70,70,70,70,70,70,70,70,70],"card_choices":[{"not_picked":["Slice","Backstab"],"picked":"Quick Slash","floor":1},{"not_picked":["Acrobatics","Tactician"],"picked":"Leg Sweep","floor":3},{"not_picked":["Underhanded Strike","Riddle With Holes"],"picked":"Escape Plan","floor":4},{"not_picked":["Bane","Blade Dance"],"picked":"Cloak And Dagger","floor":5},{"not_picked":["Flying Knee","Bullet Time"],"picked":"Prepared","floor":6},{"not_picked":["Slice","Quick Slash"],"picked":"Escape Plan","floor":7},{"not_picked":["Setup","Deflect"],"picked":"Envenom","floor":8},{"not_picked":["Backflip","Distraction"],"picked":"Catalyst","floor":11},{"not_picked":["Quick Slash","Slice"],"picked":"Deadly Poison","floor":12},{"not_picked":["Sucker Punch","Quick Slash"],"picked":"Riddle With Holes","floor":14},{"not_picked":["Wraith Form v2","Adrenaline"],"picked":"After Image","floor":16},{"not_picked":["Slice+1"],"picked":"SKIP","floor":18},{"not_picked":[],"picked":"Deflect","floor":19}],"player_experience":657870,"relics_obtained":[{"floor":6,"key":"Tingsha"},{"floor":8,"key":"Pocketwatch"},{"floor":9,"key":"The Courier"},{"floor":12,"key":"Art of War"},{"floor":14,"key":"Ginger"},{"floor":20,"key":"Red Mask"}],"event_choices":[{"damage_healed":0,"gold_gain":0,"player_choice":"Ignored","damage_taken":0,"max_hp_gain":0,"max_hp_loss":0,"event_name":"Liars Game","floor":2,"gold_loss":0},{"damage_healed":0,"gold_gain":0,"player_choice":"Fought Bandits","damage_taken":0,"max_hp_gain":0,"max_hp_loss":0,"event_name":"Masked Bandits","floor":20,"gold_loss":0}],"is_beta":false,"boss_relics":[{"not_picked":["Fusion Hammer","Cursed Key"],"picked":"Busted Crown"}],"items_purged_floors":[],"is_endless":false,"potions_floor_spawned":[3,5,6,7,8,12,18,19],"killed_by":"Shelled Parasite and Fungi","ascension_level":1}}