{"host":"q79spna8ofw6hj3r","time":1609826201,"event":{"mods":["Aspiration","BaseMod","Bestiary","Better Altar","Better Match","Better Note","Better Sensory Stone","Better Skull","Better Third Choice","Better Vampires","BetterRewards","Block Reminder","Card Filter","Challenge The Spire","Colored Map","Colored Powertips","Conspire","Custom Start","Energized Spire","Halation","Hubris","Infinite Spire","Jedi Mod","Mimic Mod","Minty Spire (QoL Compilation)","Permanent Neow","Quick Restart","Relic Filter","Relic Sorter","Replay The Spire","Shop Mod","StSLib","SuperFastMode","Synergy Search","The Servant 0.9.4","vexMod"],"gold_per_floor":[116,116,116,59,13,13,30,30,57,20,20,30,44,58,58,162,162,176,195,209,57,257,257,269,269,344,344,355,365,365,379,379,483,483,493,81,94,114,130,162,162,162,162,181,181,192,192,211,211,211],"floor_reached":51,"playtime":1550,"items_purged":["Strike_S","Strike_S"],"score":723,"play_id":"9f849a48-2bae-4fdb-aa0a-74c323b2a039","local_time":"20210105075641","is_ascension_mode":false,"campfire_choices":[{"data":"Starlight","floor":6.0,"key":"SMITH"},{"data":"Ricochet","floor":8.0,"key":"SMITH"},{"data":"Luminosity","floor":15.0,"key":"SMITH"},{"data":"Sunlight","floor":23.0,"key":"SMITH"},{"data":"Sunlight","floor":25.0,"key":"SMITH"},{"data":"Barrier","floor":27.0,"key":"SMITH"},{"data":"Luminosity","floor":32,"key":"SMITH"},{"data":"Collapse","floor":41,"key":"SMITH"},{"data":"Luminosity","floor":45,"key":"SMITH"},{"data":"infinitespire:Collect","floor":47,"key":"SMITH"},{"data":"Contraction","floor":49,"key":"SMITH"}],"circlet_count":0,"master_deck":["Strike_S","Strike_S","Defend_S+1","Defend_S+1","Defend_S+1","Defend_S","Exchange+1","SilverBlades+1","Starlight+1","Ricochet+1","Contraction+1","Starlight","Luminosity+1","Sunlight+1","Barrier+1","Barrier+1","Sunlight+1","Dilation","Luminosity+1","infinitespire:Collect+1","GearUp","Luminosity+1","Collapse+1"],"relics":["Uniform","War Paint","halation:EternalFortune","hubris:CrackedHourglass","White Beast Statue","SacredBark","Quantum Egg","Replay:Bronze Core","hubris:PeanutButter","infinitespire:CursedDice","hubris:Towel","conspire:Flyswatter"],"acts_visited":["Exordium","TheCity","TheBeyond"],"potions_floor_usage":[40,40,44,50],"damage_taken":[{"damage":1.0,"enemies":"Jaw Worm","floor":1.0,"turns":4.0},{"damage":0.0,"enemies":"Small Slimes","floor":7.0,"turns":3.0},{"damage":2.0,"enemies":"2 Louse","floor":12.0,"turns":2.0},{"damage":0.0,"enemies":"2 Fungi Beasts","floor":13.0,"turns":2.0},{"damage":9.0,"enemies":"Gremlin Gang","floor":14.0,"turns":4.0},{"damage":47.0,"enemies":"Fading Forest","floor":16.0,"turns":11.0},{"damage":10.0,"enemies":"Chosen","floor":18.0,"turns":4.0},{"damage":20.0,"enemies":"2 Thieves","floor":19.0,"turns":3.0},{"damage":12.0,"enemies":"Centurion and Healer","floor":20.0,"turns":4.0},{"damage":0.0,"enemies":"Snecko","floor":24.0,"turns":4.0},{"damage":0.0,"enemies":"3 Cultists","floor":28.0,"turns":2.0},{"damage":6.0,"enemies":"Shelled Parasite and Fungi","floor":29.0,"turns":6.0},{"damage":3,"enemies":"Snecko","floor":31,"turns":7},{"damage":7,"enemies":"Collector","floor":33,"turns":10},{"damage":5,"enemies":"3 Darklings","floor":35,"turns":4},{"damage":0,"enemies":"3 Shapes","floor":37,"turns":4},{"damage":8,"enemies":"3 Darklings","floor":38,"turns":4},{"damage":0,"enemies":"Maw","floor":39,"turns":10},{"damage":0,"enemies":"Nemesis","floor":40,"turns":11},{"damage":0,"enemies":"Writhing Mass","floor":44,"turns":4},{"damage":11,"enemies":"Transient","floor":46,"turns":5},{"damage":1,"enemies":"Spire Growth","floor":48,"turns":5},{"damage":6,"enemies":"Time Eater","floor":50,"turns":14}],"seed_played":"2839086202793299622","potions_obtained":[{"floor":1.0,"key":"PowerPotion"},{"floor":7.0,"key":"Reflective Coating"},{"floor":13.0,"key":"Explosive Potion"},{"floor":14.0,"key":"SteroidPotion"},{"floor":18.0,"key":"ColorlessPotion"},{"floor":24.0,"key":"Explosive Potion"},{"floor":28.0,"key":"PowerPotion"},{"floor":35,"key":"DistilledChaos"},{"floor":40,"key":"Block Potion"},{"floor":44,"key":"jedi:wingpotion"},{"floor":46,"key":"Block Potion"},{"floor":48,"key":"DistilledChaos"}],"is_trial":false,"path_per_floor":["M","?","?","$","$","R","M","R","T","$","?","M","M","M","R","B",null,"M","M","M","$","?","R","M","R","T","R","M","M","AVR","M","R","B",null,"M","$","M","M","M","E","R","?","T","M","R","M","R","M","R","B",null],"character_chosen":"THE_SERVANT","items_purchased":["SilverBlades+1","Starlight","Contraction","Sunlight","Luminosity","hubris:PeanutButter"],"campfire_rested":0,"item_purchase_floors":[4,5,10,21,36,36],"current_hp_per_floor":[64,51,51,51,51,51,51,51,51,51,54,52,52,43,43,6,68,58,38,29,29,29,29,29,29,29,29,29,23,23,20,20,13,71,69,69,69,61,61,64,64,64,64,64,64,53,53,52,52,46],"gold":211,"neow_bonus":"RANDOM_COMMON_RELIC","is_daily":false,"chose_seed":false,"campfire_upgraded":11,"win_rate":0.0,"timestamp":1609826201,"path_taken":["M","?","?","?","$","R","M","R","T","$","?","M","M","M","R","BOSS","M","M","M","$","?","R","M","R","T","R","M","M","AVR","M","R","BOSS","M","$","M","?","M","E","R","?","T","M","R","M","R","M","R","BOSS"],"items_purchased_type":["Card","Card","Card","Card","Card","Relic"],"build_version":"2020-12-22","purchased_purges":2,"victory":true,"max_hp_per_floor":[65,65,65,65,65,65,65,65,65,65,68,68,68,68,68,68,68,68,68,71,71,71,71,71,71,71,71,71,71,71,71,71,71,71,74,74,74,74,74,77,77,77,77,77,77,77,77,77,77,77],"card_choices":[{"not_picked":["TimeWarp","Alleviate","Reset"],"picked":"SKIP","floor":1.0},{"not_picked":["MoonPhase","Advance"],"picked":"Ricochet","floor":7.0},{"not_picked":["ShiftingGears","Revamp"],"picked":"Starlight","floor":12.0},{"not_picked":["Gouge","Reset"],"picked":"Luminosity","floor":13.0},{"not_picked":["Reset","Revamp","Desolation"],"picked":"SKIP","floor":14.0},{"not_picked":["TrueSight","LightFlow"],"picked":"Sunlight","floor":16.0},{"not_picked":["TimeWarp","DoubleEdge+1","Gouge"],"picked":"SKIP","floor":18.0},{"not_picked":["DoubleEdge","Replace"],"picked":"Barrier+1","floor":19.0},{"not_picked":["DoubleEdge","Defy"],"picked":"Barrier","floor":20.0},{"not_picked":["SoulSculpture","FloweringNight"],"picked":"Dilation","floor":22.0},{"not_picked":["Revamp+1","Starlight"],"picked":"Luminosity","floor":24.0},{"not_picked":["Rewind","Revamp+1","GearUp"],"picked":"SKIP","floor":28.0},{"not_picked":["Unruled","Revamp+1","StarChef"],"picked":"SKIP","floor":29.0},{"not_picked":["Defy","Reset","PendulumOfEternity"],"picked":"SKIP","floor":31},{"not_picked":["Unruled","Ricochet+1"],"picked":"GearUp","floor":35},{"not_picked":["Advance+1","TimeWarp+1"],"picked":"Collapse","floor":37},{"not_picked":["Replace","Moonlight+1","Potential"],"picked":"SKIP","floor":38},{"not_picked":["DoubleEdge+1","Reset","FastForward+1"],"picked":"SKIP","floor":39},{"not_picked":["ShatteredReality","Initiator","Alleviate"],"picked":"SKIP","floor":40},{"not_picked":["Foresight+1","SurpressingFire","Spin"],"picked":"SKIP","floor":44},{"not_picked":["TimeWarp+1","ShatteredReality","SurpressingFire"],"picked":"SKIP","floor":46},{"not_picked":["Spin","Starlight+1","WasteNot+1"],"picked":"SKIP","floor":48}],"player_experience":216825,"relics_obtained":[{"floor":9.0,"key":"War Paint"},{"floor":20.0,"key":"halation:EternalFortune"},{"floor":26.0,"key":"White Beast Statue"},{"floor":35,"key":"halation:EternalFortune"},{"floor":40,"key":"halation:EternalFortune"},{"floor":40,"key":"infinitespire:CursedDice"},{"floor":43,"key":"conspire:Flyswatter"}],"event_choices":[{"damage_healed":64.0,"max_hp_gain":0.0,"max_hp_loss":65.0,"gold_gain":0.0,"event_name":"betterThird:BetterShining","player_choice":"Upgrade","floor":2.0,"gold_loss":0.0,"damage_taken":13.0,"cards_upgraded":["Defend_S","Exchange"]}],"is_beta":false,"boss_relics":[{"not_picked":["hubris:GrandSneckoEye","aspiration:RitualDagger"],"picked":"hubris:CrackedHourglass"},{"not_picked":["SlaversCollar","energizedSpire:DeadBattery"],"picked":"Replay:Bronze Core"}],"items_purged_floors":[30,36],"is_endless":false,"potions_floor_spawned":[1,7,13,14,18,24,28,29,31,33,35,37,38,39,40,44,46,48],"ascension_level":0}}