{"host":"nhtxiazhoopau36o","time":1609859659,"event":{"mods":["2.2 Compatiblity","BaseMod","Better Note","BetterRewards","GifTheSpireLib","Minty Spire (QoL Compilation)","Rare Cards Sparkle","Robot Space Explorer","Shop Mod","StSLib"],"gold_per_floor":[212,62,9,27,41,66,83,103,173,191,205,12,22,53,53,158,158,169,184,200,200,53,64,77,91,91,106,106,118,118,135,135,240,240,255,305,305,319,335,335,335,348,348,348,378,378,378,389,389,389],"floor_reached":51,"playtime":2512,"items_purged":["RobotSpaceExplorer:Defend"],"score":724,"play_id":"90368829-341d-470a-bd5b-e3f2d94a5a6c","local_time":"20210105231419","is_ascension_mode":false,"campfire_choices":[{"data":"RobotSpaceExplorer:FreezeRay","floor":15.0,"key":"SMITH"},{"floor":30.0,"key":"DIG"},{"floor":32,"key":"REST"},{"floor":40,"key":"DIG"},{"floor":49,"key":"DIG"}],"circlet_count":0,"master_deck":["RobotSpaceExplorer:Strike","RobotSpaceExplorer:Defend","RobotSpaceExplorer:Defend","RobotSpaceExplorer:Defend","RobotSpaceExplorer:Scan","RobotSpaceExplorer:MiniLasers","RobotSpaceExplorer:MetalStrike","RobotSpaceExplorer:Jetpack","RobotSpaceExplorer:DoubleBlock","RobotSpaceExplorer:ShockKick","RobotSpaceExplorer:FreezeRay+1","RobotSpaceExplorer:SurgingStrike","RobotSpaceExplorer:FranticSearch+1","Sadistic Nature","RobotSpaceExplorer:GlueSpray+1","RobotSpaceExplorer:Pulsar+1","RobotSpaceExplorer:Comet+1","RobotSpaceExplorer:StunGrenade","RobotSpaceExplorer:BlastShield+1","RobotSpaceExplorer:ScrapShield+1","RobotSpaceExplorer:PlasmaMissile+1","RobotSpaceExplorer:FreezingShield+1","RobotSpaceExplorer:SelfCleaning+1","RobotSpaceExplorer:RigExplosive+1","RobotSpaceExplorer:Comet+1","RobotSpaceExplorer:DualCore+1","Bandage Up+1","RobotSpaceExplorer:StarDust","Madness+1","Madness+1"],"relics":["RobotSpaceExplorer:TurboCore","Bag of Preparation","Mercury Hourglass","Shovel","Toxic Egg 2","Nunchaku","Gremlin Horn","Oddly Smooth Stone","Juzu Bracelet","Philosopher\u0027s Stone","Mango","Happy Flower","Shuriken","RobotSpaceExplorer:ToughPlating","Mummified Hand","Bird Faced Urn"],"acts_visited":["Exordium","TheCity","TheBeyond"],"potions_floor_usage":[33,33,36,39,42,45,50,50,50],"damage_taken":[{"damage":1.0,"enemies":"2 Louse","floor":1.0,"turns":3.0},{"damage":0.0,"enemies":"Cultist","floor":4.0,"turns":3.0},{"damage":0.0,"enemies":"Small Slimes","floor":5.0,"turns":3.0},{"damage":24.0,"enemies":"Lagavulin","floor":6.0,"turns":11.0},{"damage":0.0,"enemies":"Blue Slaver","floor":7.0,"turns":4.0},{"damage":1.0,"enemies":"Large Slime","floor":8.0,"turns":5.0},{"damage":0.0,"enemies":"Exordium Wildlife","floor":10.0,"turns":2.0},{"damage":0.0,"enemies":"Blue Slaver","floor":11.0,"turns":3.0},{"damage":0.0,"enemies":"Red Slaver","floor":13.0,"turns":3.0},{"damage":2.0,"enemies":"3 Sentries","floor":14.0,"turns":6.0},{"damage":4.0,"enemies":"Slime Boss","floor":16.0,"turns":5.0},{"damage":14.0,"enemies":"Spheric Guardian","floor":18.0,"turns":4.0},{"damage":20.0,"enemies":"2 Thieves","floor":19.0,"turns":4.0},{"damage":0.0,"enemies":"Shelled Parasite and Fungi","floor":20.0,"turns":5.0},{"damage":15.0,"enemies":"Sentry and Sphere","floor":23.0,"turns":4.0},{"damage":0.0,"enemies":"3 Cultists","floor":24.0,"turns":4.0},{"damage":1.0,"enemies":"Chosen and Byrds","floor":25.0,"turns":3.0},{"damage":0.0,"enemies":"Snecko","floor":27.0,"turns":4.0},{"damage":0.0,"enemies":"Shelled Parasite and Fungi","floor":29.0,"turns":3.0},{"damage":4.0,"enemies":"Centurion and Healer","floor":31.0,"turns":8.0},{"damage":44,"enemies":"Collector","floor":33,"turns":9},{"damage":0,"enemies":"3 Darklings","floor":35,"turns":5},{"damage":0,"enemies":"Mind Bloom Boss Battle","floor":36,"turns":3},{"damage":0,"enemies":"3 Shapes","floor":38,"turns":2},{"damage":0,"enemies":"3 Darklings","floor":39,"turns":2},{"damage":0,"enemies":"4 Shapes","floor":42,"turns":4},{"damage":5,"enemies":"Giant Head","floor":45,"turns":8},{"damage":4,"enemies":"Transient","floor":48,"turns":5},{"damage":9,"enemies":"Donu and Deca","floor":50,"turns":6}],"seed_played":"-3389676048101931804","potions_obtained":[{"floor":1.0,"key":"Fruit Juice"},{"floor":6.0,"key":"AttackPotion"},{"floor":8.0,"key":"SpeedPotion"},{"floor":13.0,"key":"ColorlessPotion"},{"floor":16.0,"key":"RobotSpaceExplorer:RecyclePotion"},{"floor":19.0,"key":"DistilledChaos"},{"floor":20.0,"key":"DistilledChaos"},{"floor":25.0,"key":"Fire Potion"},{"floor":33,"key":"Dexterity Potion"},{"floor":36,"key":"SneckoOil"},{"floor":39,"key":"RobotSpaceExplorer:LiquidFusion"}],"is_trial":false,"path_per_floor":["M","$","?","M","M","E","M","M","T","M","M","$","M","E","R","B",null,"M","M","M","?","$","M","M","M","T","M","?","M","R","M","R","B",null,"M","?","?","M","M","R","?","M","T","?","E","?","T","M","R","B",null],"character_chosen":"RobotSpaceExplorer","items_purchased":["Bag of Preparation","Sadistic Nature","RobotSpaceExplorer:ScrapShield+1"],"campfire_rested":1,"item_purchase_floors":[2,12,22],"current_hp_per_floor":[79,79,79,79,79,55,55,54,54,54,54,54,54,52,52,48,80,66,46,46,46,46,31,31,30,30,30,30,30,30,26,50,6,80,80,94,94,94,94,94,94,94,94,89,89,77,77,79,79,84],"gold":389,"neow_bonus":"HUNDRED_GOLD","is_daily":false,"chose_seed":false,"campfire_upgraded":1,"win_rate":0.0,"timestamp":1609859659,"path_taken":["M","$","?","M","M","E","M","M","T","M","M","?","M","E","R","BOSS","M","M","M","?","$","M","M","M","T","M","?","M","R","M","R","BOSS","M","?","?","M","M","R","?","M","T","?","E","?","?","M","R","BOSS"],"items_purchased_type":["Relic","Card","Card"],"build_version":"2020-12-22","purchased_purges":1,"victory":true,"max_hp_per_floor":[80,80,80,80,80,80,80,80,80,80,80,80,80,80,80,80,80,80,80,80,80,80,80,80,80,80,80,80,80,80,80,80,80,80,80,94,94,94,94,94,94,94,94,94,94,94,94,94,94,94],"card_choices":[{"not_picked":["RobotSpaceExplorer:MiniDrones","RobotSpaceExplorer:SurgingShield"],"picked":"RobotSpaceExplorer:MetalStrike","floor":1.0},{"not_picked":["RobotSpaceExplorer:FreezingShield","RobotSpaceExplorer:ScrapToss"],"picked":"RobotSpaceExplorer:Jetpack","floor":4.0},{"not_picked":["RobotSpaceExplorer:Counterblock","RobotSpaceExplorer:FranticSearch"],"picked":"RobotSpaceExplorer:DoubleBlock","floor":5.0},{"not_picked":["RobotSpaceExplorer:Autoloader","RobotSpaceExplorer:ExhaustFan"],"picked":"RobotSpaceExplorer:ShockKick","floor":6.0},{"not_picked":["RobotSpaceExplorer:DoubleFind","RobotSpaceExplorer:Fix"],"picked":"RobotSpaceExplorer:FreezeRay","floor":7.0},{"not_picked":["RobotSpaceExplorer:Pulsar","RobotSpaceExplorer:ImprovisedAttack","RobotSpaceExplorer:ShovelStrike"],"picked":"SKIP","floor":8.0},{"not_picked":["RobotSpaceExplorer:DoubleBlock+1","RobotSpaceExplorer:ShockKick"],"picked":"RobotSpaceExplorer:SurgingStrike","floor":10.0},{"not_picked":["RobotSpaceExplorer:Ammunition+1","RobotSpaceExplorer:Electroshield+1"],"picked":"RobotSpaceExplorer:FranticSearch+1","floor":11.0},{"not_picked":["RobotSpaceExplorer:Smokescreen+1","RobotSpaceExplorer:PowerCollector"],"picked":"RobotSpaceExplorer:GlueSpray+1","floor":13.0},{"not_picked":["RobotSpaceExplorer:FrostMissile","RobotSpaceExplorer:Counterblock+1"],"picked":"RobotSpaceExplorer:Pulsar+1","floor":14.0},{"not_picked":["RobotSpaceExplorer:Autoloader","RobotSpaceExplorer:Accelerator"],"picked":"RobotSpaceExplorer:Comet+1","floor":16.0},{"not_picked":["RobotSpaceExplorer:IronShell+1","RobotSpaceExplorer:Ammunition+1"],"picked":"RobotSpaceExplorer:StunGrenade","floor":18.0},{"not_picked":["RobotSpaceExplorer:SwiftStep+1","RobotSpaceExplorer:FranticSearch+1","RobotSpaceExplorer:FrostMissile"],"picked":"SKIP","floor":19.0},{"not_picked":["RobotSpaceExplorer:SurgingStrike","RobotSpaceExplorer:Probe"],"picked":"RobotSpaceExplorer:BlastShield+1","floor":20.0},{"not_picked":["RobotSpaceExplorer:ShovelStrike+1","RobotSpaceExplorer:ExhaustFan","RobotSpaceExplorer:Jetpack+1"],"picked":"SKIP","floor":23.0},{"not_picked":["RobotSpaceExplorer:Blitz","RobotSpaceExplorer:SwiftStep+1"],"picked":"RobotSpaceExplorer:PlasmaMissile+1","floor":24.0},{"not_picked":["RobotSpaceExplorer:SwiftStep+1","RobotSpaceExplorer:FrostMissile"],"picked":"RobotSpaceExplorer:FreezingShield+1","floor":25.0},{"not_picked":["RobotSpaceExplorer:StunGrenade","RobotSpaceExplorer:GlueShot+1","RobotSpaceExplorer:LuckyStrike+1"],"picked":"SKIP","floor":27.0},{"not_picked":["RobotSpaceExplorer:Electroshield+1","RobotSpaceExplorer:Ammunition+1"],"picked":"RobotSpaceExplorer:Exploration+1","floor":29.0},{"not_picked":["RobotSpaceExplorer:LuckyStrike","RobotSpaceExplorer:Ammunition+1"],"picked":"RobotSpaceExplorer:SelfCleaning+1","floor":31.0},{"not_picked":["RobotSpaceExplorer:DroneSwarm","RobotSpaceExplorer:BlastShield+1"],"picked":"RobotSpaceExplorer:Wormhole+1","floor":33},{"not_picked":["RobotSpaceExplorer:ScrapMissile","RobotSpaceExplorer:MiniDrones+1"],"picked":"RobotSpaceExplorer:RigExplosive+1","floor":35},{"not_picked":["RobotSpaceExplorer:ScrapShield+1","RobotSpaceExplorer:SelfCleaning+1","RobotSpaceExplorer:ShovelStrike"],"picked":"SKIP","floor":38},{"not_picked":["RobotSpaceExplorer:SurgingStrike","RobotSpaceExplorer:ShockKick+1"],"picked":"RobotSpaceExplorer:DualCore+1","floor":39},{"not_picked":["RobotSpaceExplorer:SurgingStrike+1","RobotSpaceExplorer:Probe","RobotSpaceExplorer:Electropulse"],"picked":"SKIP","floor":42},{"not_picked":["Swift Strike","Mind Blast"],"picked":"Bandage Up+1","floor":44},{"not_picked":["RobotSpaceExplorer:MiniDrones","RobotSpaceExplorer:GlueShot+1"],"picked":"RobotSpaceExplorer:StarDust","floor":45},{"not_picked":["RobotSpaceExplorer:SurgingShield+1","RobotSpaceExplorer:ScrapToss+1","RobotSpaceExplorer:ShockKick"],"picked":"SKIP","floor":48}],"player_experience":479043,"relics_obtained":[{"floor":6.0,"key":"Shovel"},{"floor":9.0,"key":"Toxic Egg 2"},{"floor":14.0,"key":"Nunchaku"},{"floor":26.0,"key":"Gremlin Horn"},{"floor":30.0,"key":"Oddly Smooth Stone"},{"floor":31.0,"key":"Juzu Bracelet"},{"floor":36,"key":"Mango"},{"floor":40,"key":"Happy Flower"},{"floor":43,"key":"Shuriken"},{"floor":45,"key":"RobotSpaceExplorer:ToughPlating"},{"floor":47,"key":"Mummified Hand"},{"floor":49,"key":"Bird Faced Urn"}],"event_choices":[{"damage_healed":0.0,"max_hp_gain":0.0,"max_hp_loss":0.0,"gold_gain":0.0,"event_name":"WeMeetAgain","player_choice":"Paid Gold","floor":3.0,"gold_loss":53.0,"damage_taken":0.0,"relics_obtained":["Mercury Hourglass"]},{"cards_removed":["RobotSpaceExplorer:Strike"],"damage_healed":0.0,"max_hp_gain":0.0,"max_hp_loss":0.0,"gold_gain":0.0,"event_name":"Bonfire Elementals","player_choice":"Offered Basic","floor":21.0,"gold_loss":0.0,"damage_taken":0.0},{"damage_healed":0.0,"max_hp_gain":0.0,"max_hp_loss":0.0,"gold_gain":0.0,"event_name":"The Woman in Blue","player_choice":"Bought 0 Potions","floor":28.0,"gold_loss":0.0,"damage_taken":0.0},{"damage_healed":0,"gold_gain":0,"player_choice":"Fight","damage_taken":0,"max_hp_gain":0,"max_hp_loss":0,"event_name":"MindBloom","floor":36,"gold_loss":0},{"damage_healed":0,"gold_gain":0,"player_choice":"Copied","damage_taken":0,"max_hp_gain":0,"max_hp_loss":0,"event_name":"Duplicator","floor":37,"gold_loss":0,"cards_obtained":["RobotSpaceExplorer:Comet"]},{"cards_removed":["RobotSpaceExplorer:Strike"],"damage_healed":0,"gold_gain":0,"player_choice":"Removed Attack","damage_taken":0,"max_hp_gain":0,"max_hp_loss":0,"event_name":"Falling","floor":41,"gold_loss":0},{"damage_healed":0,"gold_gain":0,"player_choice":"Memory 2","damage_taken":5,"max_hp_gain":0,"max_hp_loss":0,"event_name":"SensoryStone","floor":44,"gold_loss":0},{"damage_healed":0,"gold_gain":0,"player_choice":"Embrace Madness","damage_taken":12,"max_hp_gain":0,"max_hp_loss":0,"event_name":"Winding Halls","floor":46,"gold_loss":0,"cards_obtained":["Madness","Madness"]}],"is_beta":false,"boss_relics":[{"not_picked":["SlaversCollar","Velvet Choker"],"picked":"RobotSpaceExplorer:TurboCore"},{"not_picked":["Busted Crown","RobotSpaceExplorer:SearchSpecs"],"picked":"Philosopher\u0027s Stone"}],"items_purged_floors":[22],"is_endless":false,"potions_floor_spawned":[1,6,8,13,16,19,20,25,29,33,36,39],"ascension_level":0}}