{"host":"1a3cjta80tad0aqj","time":1609817592,"event":{"mods":["2.2 Compatiblity","AchievementEnabler","BaseMod","Colored Map","DeckTracker","KOR Keyword Fix","Keyboard Shortcuts","Minty Spire (QoL Compilation)","Permanent Neow","Quick Restart","Random Character Button","StSLib","SuperFastMode","everything is the same but u backflip on backflip"],"gold_per_floor":[114,114,133,177,177,215,65,103,103,103,122,141,160,60,60,185,185,204,223,223,238,253,283,158,158,233,83,98,64,64,79,79,179,179,194,209,209,224,239,64,114,39,114,114,129,129,144,144,144,144],"floor_reached":51,"playtime":3487,"items_purged":["Alpha","Devotion","Juggernaut","Barricade","MasterReality"],"score":756,"play_id":"074a0467-def7-47b2-9328-753ef84493b4","local_time":"20210105123312","daily_mods":["Shiny","Red Cards","Night Terrors"],"is_ascension_mode":false,"campfire_choices":[{"data":"Omniscience","floor":10.0,"key":"SMITH"},{"data":"Bludgeon","floor":15.0,"key":"SMITH"},{"data":"Fiend Fire","floor":25.0,"key":"SMITH"},{"data":"Immolate","floor":30.0,"key":"SMITH"},{"data":"Whirlwind","floor":32.0,"key":"SMITH"},{"data":"WreathOfFlame","floor":44.0,"key":"SMITH"},{"data":"Blasphemy","floor":46.0,"key":"SMITH"},{"data":"Ragnarok","floor":49.0,"key":"SMITH"}],"circlet_count":0,"master_deck":["Double Tap","Bludgeon+1","Feed","Corruption+1","Fiend Fire+1","Berserk","Impervious","Brutality","Reaper","Exhume","Offering","Immolate+1","Judgement","Brilliance","Blasphemy+1","Ragnarok+1","LessonLearned","Scrawl","Vault","Wish","Omniscience+1","Establishment","SpiritShield","DevaForm","DeusExMachina","Whirlwind+1","Infernal Blade","Offering","EmptyFist+1","Hemokinesis","WreathOfFlame+1","CarveReality+1","BowlingBash+1","Immolate+1"],"relics":["PureWater","Bloody Idol","MealTicket","Kunai","Ornamental Fan","Philosopher\u0027s Stone","Bag of Preparation","Molten Egg 2","Empty Cage","Unceasing Top","Darkstone Periapt"],"acts_visited":["Exordium","TheCity","TheBeyond"],"potions_floor_usage":[50,50],"damage_taken":[{"damage":6.0,"enemies":"Small Slimes","floor":1.0,"turns":1.0},{"damage":0.0,"enemies":"Jaw Worm","floor":3.0,"turns":1.0},{"damage":6.0,"enemies":"2 Louse","floor":4.0,"turns":1.0},{"damage":10.0,"enemies":"Gremlin Nob","floor":6.0,"turns":4.0},{"damage":15.0,"enemies":"3 Sentries","floor":8.0,"turns":6.0},{"damage":1.0,"enemies":"Exordium Wildlife","floor":11.0,"turns":2.0},{"damage":0.0,"enemies":"3 Louse","floor":12.0,"turns":2.0},{"damage":15.0,"enemies":"Gremlin Gang","floor":13.0,"turns":5.0},{"damage":0.0,"enemies":"Slime Boss","floor":16.0,"turns":2.0},{"damage":0.0,"enemies":"2 Thieves","floor":18.0,"turns":1.0},{"damage":14.0,"enemies":"Shell Parasite","floor":19.0,"turns":2.0},{"damage":16.0,"enemies":"Cultist and Chosen","floor":21.0,"turns":3.0},{"damage":12.0,"enemies":"Centurion and Healer","floor":22.0,"turns":2.0},{"damage":33.0,"enemies":"Book of Stabbing","floor":23.0,"turns":4.0},{"damage":0.0,"enemies":"Sentry and Sphere","floor":28.0,"turns":2.0},{"damage":14.0,"enemies":"Snake Plant","floor":31.0,"turns":2.0},{"damage":46.0,"enemies":"Automaton","floor":33.0,"turns":4.0},{"damage":0.0,"enemies":"Orb Walker","floor":35.0,"turns":1.0},{"damage":16.0,"enemies":"3 Shapes","floor":36.0,"turns":3.0},{"damage":0.0,"enemies":"Spire Growth","floor":38.0,"turns":1.0},{"damage":2.0,"enemies":"3 Darklings","floor":39.0,"turns":2.0},{"damage":0.0,"enemies":"Mind Bloom Boss Battle","floor":41.0,"turns":2.0},{"damage":0.0,"enemies":"Sphere and 2 Shapes","floor":45.0,"turns":1.0},{"damage":50.0,"enemies":"Writhing Mass","floor":47.0,"turns":3.0},{"damage":39,"enemies":"Time Eater","floor":50,"turns":4}],"seed_played":"-8136925521176778862","potions_obtained":[{"floor":6.0,"key":"Fruit Juice"},{"floor":11.0,"key":"LiquidMemories"},{"floor":12.0,"key":"SteroidPotion"},{"floor":16.0,"key":"BottledMiracle"},{"floor":19.0,"key":"Dexterity Potion"},{"floor":22.0,"key":"SkillPotion"},{"floor":23.0,"key":"BlessingOfTheForge"},{"floor":33.0,"key":"AttackPotion"}],"is_trial":false,"path_per_floor":["M","?","M","M","?","E","$","E","T","R","M","M","M","$","R","B",null,"M","M","?","M","M","E","$","R","T","$","M","$","R","M","R","B",null,"M","M","?","M","M","$","?","$","T","R","M","R","M","?","R","B",null],"character_chosen":"WATCHER","items_purchased":["StancePotion","CarveReality+1","DuplicationPotion"],"campfire_rested":0,"item_purchase_floors":[7,29,42],"current_hp_per_floor":[66,66,66,68,68,63,77,69,69,69,68,68,59,74,74,74,80,80,66,66,61,54,26,41,41,46,61,66,80,80,71,71,30,80,80,69,69,74,77,80,80,80,80,80,80,80,35,90,90,51],"gold":144,"neow_bonus":"","is_daily":true,"chose_seed":false,"campfire_upgraded":8,"win_rate":0.0,"timestamp":1609817592,"path_taken":["M","?","M","M","?","E","$","E","T","R","M","M","M","$","R","BOSS","M","M","?","M","M","E","$","R","T","$","M","$","R","M","R","BOSS","M","M","?","M","M","$","?","?","T","R","M","R","M","?","R","BOSS"],"items_purchased_type":["Potion","Card","Potion"],"build_version":"2020-12-22","purchased_purges":5,"victory":true,"max_hp_per_floor":[72,72,72,72,72,77,77,80,80,80,80,80,80,80,80,80,80,80,80,80,80,80,80,80,80,80,80,80,80,80,80,80,80,80,80,80,80,80,80,80,80,80,80,80,80,80,80,90,90,90],"card_choices":[{"not_picked":["Headbutt","Armaments","Clothesline"],"picked":"SKIP","floor":1.0},{"not_picked":["Conclude","JustLucky","MasterReality"],"picked":"SKIP","floor":3.0},{"not_picked":["Evaluate","EmptyFist","Halt"],"picked":"SKIP","floor":4.0},{"not_picked":["WaveOfTheHand","Crescendo","Sword Boomerang"],"picked":"SKIP","floor":6.0},{"not_picked":["Indignation","FlyingSleeves"],"picked":"Whirlwind","floor":8.0},{"not_picked":["Wallop","Spot Weakness","Indignation"],"picked":"SKIP","floor":11.0},{"not_picked":["Disarm","FollowUp","Intimidate"],"picked":"SKIP","floor":12.0},{"not_picked":["Halt","JustLucky"],"picked":"Infernal Blade","floor":13.0},{"not_picked":["Omniscience","Exhume"],"picked":"Offering","floor":16.0},{"not_picked":["TalkToTheHand","Clash"],"picked":"EmptyFist+1","floor":18.0},{"not_picked":["TalkToTheHand","Halt+1"],"picked":"Hemokinesis","floor":19.0},{"not_picked":["Blood for Blood","Entrench","Reckless Charge"],"picked":"SKIP","floor":21.0},{"not_picked":["EmptyBody","Consecrate","Heavy Blade"],"picked":"SKIP","floor":22.0},{"not_picked":["Fasting2+1","Scrawl","True Grit"],"picked":"SKIP","floor":23.0},{"not_picked":["Clothesline+1","Wireheading"],"picked":"WreathOfFlame","floor":28.0},{"not_picked":["Armaments","Conclude+1"],"picked":"BowlingBash+1","floor":31.0},{"not_picked":["Offering","Judgement"],"picked":"Immolate+1","floor":33.0},{"not_picked":["SandsOfTime+1","Heavy Blade+1","Havoc"],"picked":"SKIP","floor":35.0},{"not_picked":["BowlingBash+1","Body Slam+1","Flex+1"],"picked":"SKIP","floor":36.0},{"not_picked":["Warcry+1","Body Slam+1","Twin Strike+1"],"picked":"SKIP","floor":38.0},{"not_picked":["Crescendo","Twin Strike+1","Corruption"],"picked":"SKIP","floor":39.0},{"not_picked":["Crescendo","Dark Embrace+1","Reckless Charge+1"],"picked":"SKIP","floor":45.0},{"not_picked":["FearNoEvil+1","BowlingBash+1","Anger+1"],"picked":"SKIP","floor":47.0}],"player_experience":107990,"relics_obtained":[{"floor":6.0,"key":"MealTicket"},{"floor":8.0,"key":"Kunai"},{"floor":9.0,"key":"Ornamental Fan"},{"floor":23.0,"key":"Bag of Preparation"},{"floor":26.0,"key":"Molten Egg 2"},{"floor":41.0,"key":"Unceasing Top"},{"floor":43.0,"key":"Darkstone Periapt"}],"event_choices":[{"damage_healed":0.0,"max_hp_gain":0.0,"max_hp_loss":0.0,"gold_gain":0.0,"event_name":"Golden Idol","player_choice":"Take Wound","floor":2.0,"gold_loss":0.0,"damage_taken":0.0,"relics_obtained":["Golden Idol"],"cards_obtained":["Injury"]},{"cards_removed":["Injury"],"damage_healed":0.0,"max_hp_gain":0.0,"max_hp_loss":0.0,"gold_gain":0.0,"event_name":"Living Wall","player_choice":"Forget","floor":5.0,"gold_loss":0.0,"damage_taken":0.0},{"damage_healed":0.0,"max_hp_gain":0.0,"max_hp_loss":0.0,"gold_gain":0.0,"event_name":"Forgotten Altar","player_choice":"Gave Idol","floor":20.0,"relics_lost":["Golden Idol"],"gold_loss":0.0,"damage_taken":0.0,"relics_obtained":["Bloody Idol"]},{"damage_healed":0.0,"max_hp_gain":0.0,"max_hp_loss":0.0,"gold_gain":0.0,"event_name":"Tomb of Lord Red Mask","player_choice":"Ignored","floor":37.0,"gold_loss":0.0,"damage_taken":0.0},{"damage_healed":0.0,"max_hp_gain":0.0,"max_hp_loss":0.0,"gold_gain":0.0,"event_name":"MindBloom","player_choice":"Fight","floor":41.0,"gold_loss":0.0,"damage_taken":0.0},{"cards_removed":["ConjureBlade"],"damage_healed":45.0,"max_hp_gain":10.0,"max_hp_loss":0.0,"gold_gain":0.0,"event_name":"Bonfire Elementals","player_choice":"Offered Rare","floor":48.0,"gold_loss":0.0,"damage_taken":0.0}],"is_beta":false,"boss_relics":[{"not_picked":["Astrolabe","Snecko Eye"],"picked":"Philosopher\u0027s Stone"},{"not_picked":["Runic Pyramid","Black Star"],"picked":"Empty Cage"}],"items_purged_floors":[7,14,24,27,40],"is_endless":false,"potions_floor_spawned":[6,11,12,16,19,22,23,31,33,41,45,47],"ascension_level":0}}