{"host":"in454gsrrg4x7o56","time":1609820116,"event":{"mods":["BaseMod","Colored Powertips","Curses Come First","Hermit","Minty Spire (QoL Compilation)","Quick Restart","StSLib","The Cursed"],"gold_per_floor":[156,210,210,210,4,4,61,91,91,138,59,103,151,189,189,482,482,529,588,588,863,868,868],"floor_reached":22,"playtime":1674,"items_purged":["Pain"],"score":330,"play_id":"f2c0cef8-cd39-4523-ac88-3e6b157f27df","local_time":"20210104231516","daily_mods":["Heirloom","Flight","Cursed Run","Midas"],"is_ascension_mode":false,"campfire_choices":[{"floor":6,"key":"REST"},{"floor":15,"key":"REST"}],"circlet_count":0,"master_deck":["hermit:Strike_Hermit","hermit:Strike_Hermit+1","hermit:Strike_Hermit","hermit:Strike_Hermit","hermit:Defend_Hermit","hermit:Defend_Hermit+1","hermit:Defend_Hermit","hermit:Defend_Hermit","hermit:Snapshot","hermit:Covet","hermit:Maintenance","hermit:Quickdraw","hermit:Gestalt","hermit:BigShot","hermit:Midnight","hermit:Scavenge","hermit:Headshot","Panacea","hermit:Glare","hermit:LowProfile","hermit:Shortfuse","Clumsy","hermit:FromBeyond","hermit:Snipe+1","hermit:ShadowCloak","Regret"],"relics":["Cursed Key","Darkstone Periapt","Du-Vu Doll","Pocketwatch","Membership Card","PreservedInsect","SacredBark"],"acts_visited":["Exordium","TheCity"],"potions_floor_usage":[12,12,13,14,16,19],"damage_taken":[{"damage":1,"enemies":"Cultist","floor":1,"turns":3},{"damage":0,"enemies":"Small Slimes","floor":2,"turns":3},{"damage":0,"enemies":"2 Louse","floor":7,"turns":2},{"damage":1,"enemies":"Lots of Slimes","floor":8,"turns":3},{"damage":3,"enemies":"3 Louse","floor":10,"turns":2},{"damage":0,"enemies":"Exordium Thugs","floor":12,"turns":3},{"damage":0,"enemies":"Looter","floor":13,"turns":2},{"damage":0,"enemies":"2 Fungi Beasts","floor":14,"turns":3},{"damage":18,"enemies":"Slime Boss","floor":16,"turns":9},{"damage":26,"enemies":"3 Byrds","floor":18,"turns":6},{"damage":7,"enemies":"Spheric Guardian","floor":19,"turns":4},{"damage":43,"enemies":"Shelled Parasite and Fungi","floor":22,"turns":5}],"seed_played":"2139316593092158027","potions_obtained":[{"floor":1,"key":"AttackPotion"},{"floor":10,"key":"Fire Potion"},{"floor":12,"key":"AttackPotion"},{"floor":13,"key":"Energy Potion"},{"floor":14,"key":"SpeedPotion"},{"floor":18,"key":"DuplicationPotion"}],"is_trial":true,"path_per_floor":["M","M","?","?","$","R","M","M","T","M","$","M","M","M","R","B",null,"M","M","?","?","M"],"character_chosen":"HERMIT","items_purchased":["Membership Card","hermit:Gestalt","hermit:BigShot","Panacea"],"campfire_rested":2,"item_purchase_floors":[5,5,5,11],"current_hp_per_floor":[74,74,59,59,59,75,75,74,80,77,77,77,77,77,81,69,87,61,54,37,43,0,0],"gold":868,"neow_bonus":"","is_daily":false,"chose_seed":false,"campfire_upgraded":0,"win_rate":0.0,"timestamp":1609820116,"path_taken":["M","?","?","?","$","R","M","M","T","M","$","M","M","M","R","BOSS","M","?","?","?","M"],"items_purchased_type":["Relic","Card","Card","Card"],"build_version":"2020-12-22","purchased_purges":1,"victory":false,"max_hp_per_floor":[75,75,75,75,75,75,75,75,81,81,81,81,81,81,81,87,87,87,87,92,98,98,98],"card_choices":[{"not_picked":["hermit:SprayPray","hermit:Gestalt"],"picked":"hermit:Maintenance","floor":1},{"not_picked":["hermit:Roulette","hermit:CalledShot"],"picked":"hermit:Quickdraw","floor":2},{"not_picked":["hermit:ItchyTrigger","hermit:FlashPowder"],"picked":"hermit:Midnight","floor":7},{"not_picked":["hermit:TakeAim","hermit:Misfire"],"picked":"hermit:Scavenge","floor":8},{"not_picked":["hermit:CalledShot","hermit:Coalescence"],"picked":"hermit:Headshot","floor":10},{"not_picked":["hermit:HighCaliber","hermit:Grudge"],"picked":"hermit:Glare","floor":12},{"not_picked":["hermit:Spite","hermit:FullyLoaded"],"picked":"hermit:LowProfile","floor":13},{"not_picked":["hermit:Desperado","hermit:BodyArmor"],"picked":"hermit:Shortfuse","floor":14},{"not_picked":["hermit:FatalDesire","hermit:BlackWind"],"picked":"hermit:FromBeyond","floor":16},{"not_picked":["hermit:Manifest","hermit:Glare+1"],"picked":"hermit:Snipe+1","floor":18},{"not_picked":["hermit:LowProfile","hermit:TakeAim"],"picked":"hermit:ShadowCloak","floor":19}],"player_experience":924929,"relics_obtained":[{"floor":9,"key":"PreservedInsect"}],"event_choices":[{"damage_healed":0,"gold_gain":0,"player_choice":"Entered Light","damage_taken":15,"max_hp_gain":0,"max_hp_loss":0,"event_name":"Shining Light","floor":3,"gold_loss":0,"cards_upgraded":["hermit:Defend_Hermit","hermit:Strike_Hermit"]},{"damage_healed":0,"gold_gain":0,"player_choice":"Ignored","damage_taken":0,"max_hp_gain":0,"max_hp_loss":0,"event_name":"NoteForYourself","floor":4,"gold_loss":0},{"damage_healed":0,"gold_gain":0,"player_choice":"Shed Blood","damage_taken":22,"max_hp_gain":5,"max_hp_loss":0,"event_name":"Forgotten Altar","floor":20,"gold_loss":0},{"damage_healed":0,"gold_gain":275,"player_choice":"Desecrate","damage_taken":0,"max_hp_gain":0,"max_hp_loss":0,"event_name":"Golden Shrine","floor":21,"gold_loss":0,"cards_obtained":["Regret"]}],"is_beta":false,"boss_relics":[{"not_picked":["Ectoplasm","Empty Cage"],"picked":"SacredBark"}],"items_purged_floors":[11],"is_endless":true,"potions_floor_spawned":[1,10,12,13,14,18],"killed_by":"Shelled Parasite and Fungi","ascension_level":0}}