{"host":"7trwizmysqu3yl6m","time":1609864801,"event":{"mods":["Act Like it!","BaseMod","Downfall","Hallownest","Minty Spire (QoL Compilation)","StSLib","The Animator","The Bug Knight"],"gold_per_floor":[362,362,362,372,0,30,44,45,100,25,0,0,13,30,30,126,126,143,143,143],"floor_reached":19,"playtime":1142,"items_purged":[],"score":167,"play_id":"2e4844ff-355e-4c8a-9dd2-70a0d126ecb5","local_time":"20210105174001","is_ascension_mode":false,"campfire_choices":[{"data":"HollowMod:InfectedCysts","floor":12,"key":"SMITH"},{"data":"HollowMod:MonarchWings","floor":15,"key":"SMITH"}],"circlet_count":0,"master_deck":["HollowMod:NailStrikeStart","HollowMod:NailStrikeStart","HollowMod:NailStrikeStart","HollowMod:NailStrikeStart","HollowMod:QuickDashStart","HollowMod:QuickDashStart+1","HollowMod:QuickDashStart","HollowMod:QuickDashStart","HollowMod:FocusHealStart","HollowMod:PogoStrike","HollowMod:DoubleDash","HollowMod:BlackTendrils","HollowMod:InfectedCysts+1","HollowMod:SharpenedShadows","HollowMod:InfectionAssault","Hallownest:skillGreenpathMap","HollowMod:MonarchWings+1","HollowMod:HerrahsAnger","HollowMod:TaintedHusks"],"relics":["HollowMod:VoidIdolRelic","Hallownest:DreamNailRelic","Hallownest:BankAccountRelic","Akabeko","Bag of Preparation"],"acts_visited":["Exordium","Hallownest:Greenpath"],"potions_floor_usage":[16,18],"damage_taken":[{"damage":2,"enemies":"Hallownest:2_MossCreeps","floor":1,"turns":6},{"damage":0,"enemies":"Hallownest:2_Tiktiks_and_1_Crawlid","floor":4,"turns":5},{"damage":5,"enemies":"Hallownest:eliteVengeflyKing","floor":6,"turns":14},{"damage":2,"enemies":"Hallownest:2_Baldur","floor":7,"turns":3},{"damage":0,"enemies":"Hallownest:monsterAspidMother","floor":13,"turns":4},{"damage":0,"enemies":"Hallownest:monsterFoolEater","floor":14,"turns":4},{"damage":33,"enemies":"Hallownest:BossFalseKnight","floor":16,"turns":16},{"damage":56,"enemies":"Hallownest:3_Youths","floor":18,"turns":9},{"damage":50,"enemies":"Hallownest:2_Mistakes","floor":19,"turns":4}],"seed_played":"-5692245624020155115","potions_obtained":[{"floor":4,"key":"PowerPotion"},{"floor":6,"key":"Dexterity Potion"},{"floor":7,"key":"Fire Potion"},{"floor":18,"key":"FairyPotion"}],"is_trial":false,"path_per_floor":["M","?","?","M","?","E","M","$","T","?","?","R","M","M","R","B",null,"M","M"],"character_chosen":"THE_BUGKNIGHT","items_purchased":["HollowMod:InfectionAssault"],"campfire_rested":0,"item_purchase_floors":[8],"current_hp_per_floor":[66,66,66,66,66,62,64,64,64,64,64,64,66,68,68,48,68,12,0,0],"gold":143,"neow_bonus":"TWO_FIFTY_GOLD","is_daily":false,"chose_seed":false,"campfire_upgraded":2,"win_rate":0.0,"timestamp":1609864801,"path_taken":["M","?","?","?","?","E","M","?","T","?","?","R","M","M","R","BOSS","M","M"],"items_purchased_type":["Card"],"build_version":"2020-12-22","purchased_purges":0,"victory":false,"max_hp_per_floor":[68,68,68,68,68,68,68,68,68,68,68,68,68,68,68,68,68,68,68,68],"card_choices":[{"not_picked":["HollowMod:WraithStrike","HollowMod:NewJinnsSoul"],"picked":"HollowMod:DoubleDash","floor":1},{"not_picked":["HollowMod:ChannelNail","HollowMod:SoulStrike"],"picked":"HollowMod:BlackTendrils","floor":4},{"not_picked":["HollowMod:SoulStrike","HollowMod:MonarchWings"],"picked":"HollowMod:InfectedCysts","floor":6},{"not_picked":["HollowMod:GoodIntentions","HollowMod:PerfectDash"],"picked":"HollowMod:SharpenedShadows","floor":7},{"not_picked":["HollowMod:HowlingWraiths","HollowMod:SoulStrike"],"picked":"HollowMod:MonarchWings","floor":13},{"not_picked":["HollowMod:ShadowDash","HollowMod:SharpenedNail","HollowMod:CycloneSlash"],"picked":"SKIP","floor":14},{"not_picked":["HollowMod:SlysStrikes","HollowMod:SoulMaster"],"picked":"HollowMod:HerrahsAnger","floor":16},{"not_picked":["HollowMod:InfectedCysts","HollowMod:RecoilStrike"],"picked":"HollowMod:TaintedHusks","floor":18}],"player_experience":398491,"relics_obtained":[{"floor":6,"key":"Akabeko"}],"event_choices":[],"is_beta":false,"boss_relics":[{"not_picked":["Snecko Eye","SacredBark"],"picked":"HollowMod:VoidIdolRelic"}],"items_purged_floors":[],"is_endless":false,"potions_floor_spawned":[4,6,7,18],"killed_by":"Hallownest:2_Mistakes","ascension_level":0}}