{"host":"n900smz9wr3yo27a","time":1609855487,"event":{"mods":["Arknights The Spire","BaseMod","CapriCore","GungeonMod","Hermit","Koishi","Lobotomy","Marisa£¨Ùöéë¡¡Øª×âÞÞ£©","Minty Spire (QoL Compilation)","Prisma Mod","Replay The Spire","StSLib","Td1madao Mod","The Animator","The Bug Knight","The Cursed","The Dragon Tamer","The Gatherer","The Hierophant","The Immortal","The Jungle","The Necromancer","The Poker Player","The Runesmith","WarShipGirlsR/??á´Ò³R mod"],"gold_per_floor":[115,115,115,132,145,175,175,193,193,46,59,91,108,120,201,201,201],"floor_reached":16,"playtime":739,"items_purged":[],"score":139,"play_id":"d75b97a6-dc90-467e-99b6-6f0365c8fab1","local_time":"20210105230447","is_ascension_mode":false,"campfire_choices":[{"data":"ats:Ignite","floor":7,"key":"SMITH"}],"circlet_count":0,"master_deck":["ats:Strike C","ats:Strike G","ats:Strike S+1","ats:Strike V","ats:Armor Crushing Shot","ats:Defend","ats:Defend","ats:Defend","ats:Emotion Absorption","ats:Apocalypse","ats:Hammer On","ats:Explosion Area Strengthen","ats:Ignite+1","ats:Calcification","ats:Ignite","ats:Wolf Pack"],"relics":["ats:Sanity","NeowsBlessing","ats:Originium","Singing Bowl","DemoMod:MonsterBlood","Omamori","Strawberry"],"acts_visited":["Exordium"],"potions_floor_usage":[6,6,12],"damage_taken":[{"damage":0,"enemies":"2 Louse","floor":1,"turns":1},{"damage":0,"enemies":"Jaw Worm","floor":4,"turns":1},{"damage":0,"enemies":"Cultist","floor":5,"turns":1},{"damage":27,"enemies":"3 Sentries","floor":6,"turns":6},{"damage":13,"enemies":"2 Fungi Beasts","floor":8,"turns":3},{"damage":18,"enemies":"Large Slime","floor":11,"turns":4},{"damage":14,"enemies":"Gremlin Nob","floor":12,"turns":4},{"damage":11,"enemies":"Looter","floor":13,"turns":3},{"damage":7,"enemies":"2 Fungi Beasts","floor":14,"turns":2},{"damage":28,"enemies":"Hexaghost","floor":16,"turns":10}],"seed_played":"-4996952964380715773","potions_obtained":[{"floor":4,"key":"Explosive Potion"},{"floor":5,"key":"Milkshake"},{"floor":8,"key":"Weak Potion"}],"is_trial":false,"path_per_floor":["M","?","?","M","M","E","R","M","T","$","M","E","M","M","R","B"],"character_chosen":"DOCTOR_CLASS","items_purchased":["Omamori"],"campfire_rested":0,"item_purchase_floors":[10],"current_hp_per_floor":[72,72,72,72,72,49,49,42,49,49,37,30,24,17,17,0,0],"gold":201,"neow_bonus":"THREE_ENEMY_KILL","is_daily":false,"chose_seed":false,"campfire_upgraded":1,"win_rate":0.0,"timestamp":1609855487,"path_taken":["M","?","?","M","M","E","R","M","T","$","M","E","?","M","R","BOSS"],"items_purchased_type":["Relic"],"build_version":"2020-12-22","purchased_purges":0,"victory":false,"max_hp_per_floor":[72,72,72,72,72,72,72,74,81,81,83,90,90,90,90,90,90],"card_choices":[{"not_picked":["ats:Collapsing Strike","ats:Encircling Forest"],"picked":"ats:Apocalypse","floor":1},{"not_picked":["ats:LN2 Cannon","ats:Assault Order"],"picked":"ats:Hammer On","floor":4},{"not_picked":["ats:Soul Absorption","ats:Curse Doll"],"picked":"ats:Explosion Area Strengthen","floor":5},{"not_picked":["ats:Leaping Hammer","ats:Sword Rain"],"picked":"ats:Ignite","floor":6},{"not_picked":["ats:Closed Bolt Burst Fire","ats:Ignite","ats:Explosion Area Strengthen"],"picked":"Singing Bowl","floor":8},{"not_picked":["ats:Charging Defense","ats:Beaten Up","ats:Powerful Strike"],"picked":"Singing Bowl","floor":11},{"not_picked":["ats:Powerful Strike","ats:Leaping Hammer"],"picked":"ats:Calcification","floor":12},{"not_picked":["ats:Powerful Strike","ats:Explosion Area Strengthen"],"picked":"ats:Ignite","floor":13},{"not_picked":["ats:Song Of Battle","ats:Soul Absorption"],"picked":"ats:Wolf Pack","floor":14}],"player_experience":796512,"relics_obtained":[{"floor":6,"key":"ats:Originium"},{"floor":6,"key":"Singing Bowl"},{"floor":9,"key":"DemoMod:MonsterBlood"},{"floor":12,"key":"ats:Originium"},{"floor":12,"key":"Strawberry"}],"event_choices":[{"cards_removed":["ats:Defend"],"damage_healed":0,"gold_gain":0,"player_choice":"Purged","damage_taken":0,"max_hp_gain":0,"max_hp_loss":0,"event_name":"Purifier","floor":3,"gold_loss":0}],"is_beta":false,"boss_relics":[],"items_purged_floors":[],"is_endless":false,"potions_floor_spawned":[4,5,8],"killed_by":"Hexaghost","ascension_level":0}}