{"host":"28bpuzdckreop5i0","time":1609865685,"event":{"mods":["Act Like it!","Aspiration","BaseMod","Beaked The Cultist","Best Route Mod","BetterRewards","Challenge The Spire","Clawfect","Conspire","Defuse TimeMaze Blight","Downfall","Energized Spire","GifTheSpireLib","Googly Eyes","Hubris","Infinite Spire","Lobotomy","Mimic Mod","Minty Spire (QoL Compilation)","Relic Stats","Replay The Spire","Retaliation","Shop Mod","Spicy Shops","StSLib","Stuff the Spire","The Awakened One except there are too many feathers","The Construct","The Cursed","The Disciple","The Hierophant","The IronCluck","The Jungle","The Runesmith","Thieving Mod","Transform Curses","Wandering Minibosses","slay the spire mod where everything is the same but ironclad has a cowboy hat"],"gold_per_floor":[843,68,216,375,523,523,130,130,284,421,583,610,31,2,164,309,451,604],"floor_reached":19,"playtime":1362,"items_purged":["hubris:Greed"],"score":2790,"play_id":"59a499be-347d-464e-ba2a-39c2012ca3a1","local_time":"20210105105445","daily_mods":["challengethespire:Bronze Difficulty","challengethespire:Boss Rush","Uncertain Future"],"is_ascension_mode":true,"campfire_choices":[{"floor":8,"key":"REST"}],"circlet_count":0,"master_deck":["Gash","Gash","Gash","Gash","Gash","Defend_B","Defend_B","Defend_B","Defend_B","Defend_B","Clawfect:ClawAndTear+1","Clawfect:Clawter+1","Clawfect:ClawSnap+1","Coolheaded+1","Clawfect:ClawLightning+1","Gash+1","Panic Button+1","Reprogram+1","Coolheaded+1","Auto Shields+1","conspire:Rain+1","Clawfect:ClawAndTear+1","FTL+1","hubris:Sloth","hubris:Wrath","Pot Of Greed+1","Pot Of Greed+1","Pot Of Greed+1","Clumsy","Panic Button+1"],"relics":["Clawfect:DRClaw","The Courier","Molten Egg 2","Toxic Egg 2","Frozen Egg 2","Membership Card","Lee\u0027s Waffle","StuffTheSpire:GrapeVine","Snack Pack","Lizard Tail","infinitespire:CheckeredPen","infinitespire:Midas Blood","Replay:Bandana","CeramicFish","Sundial","infinitespire:Satchel","Girya","aspiration:MobileForge","Gambling Chip","infinitespire:FocusingShard","ReplayTheSpireMod:Shallot","hubris:ToyBattleship","Regal Pillow","StuffTheSpire:Mouthbags","Replay:Ancient Bell","Runesmith:AutoHammer","aspiration:StickyExplosives_weak","champ:DuelingGlove","Boot","Grinning Jar","conspire:DeflatedDodgeball","Replay:Baseball","ReplayTheSpireMod:TigerMarble","hubris:CuriousFeather","StuffTheSpire:HeavyRock","hexamod:BolsterEngine","conspire:InfiniteJournal","BargainBundle","ClockworkSouvenir","Pondfish Scales","Solar Panel","hubris:SlimyHat","MawBank"],"acts_visited":["Exordium"],"potions_floor_usage":[15,18,18],"damage_taken":[{"damage":26,"enemies":"Slime Boss","floor":3,"turns":6},{"damage":24,"enemies":"Hexaghost","floor":4,"turns":5},{"damage":11,"enemies":"The Guardian","floor":5,"turns":6},{"damage":0,"enemies":"Champ","floor":9,"turns":5},{"damage":0,"enemies":"Collector","floor":10,"turns":4},{"damage":17,"enemies":"Automaton","floor":11,"turns":5},{"damage":38,"enemies":"Awakened One","floor":15,"turns":6},{"damage":0,"enemies":"Donu and Deca","floor":16,"turns":4},{"damage":25,"enemies":"Time Eater","floor":17,"turns":7},{"damage":5,"enemies":"The Heart","floor":18,"turns":6}],"seed_played":"6385095018027568537","potions_obtained":[{"floor":5,"key":"DDmod:CleansePotion"},{"floor":10,"key":"champ:CounterPotion"},{"floor":11,"key":"FocusPotion"},{"floor":17,"key":"Strength Potion"}],"is_trial":true,"path_per_floor":["$","$","M","M","M","T","$","R","M","M","M","T","$","$","M","M","M","M",null],"character_chosen":"DEFECT","items_purchased":["Clawfect:ClawAndTear+1","Clawfect:Clawter+1","Clawfect:ClawSnap+1","Membership Card","Coolheaded+1","Clawfect:ClawLightning+1","Gash+1","Lee\u0027s Waffle","StuffTheSpire:GrapeVine","Snack Pack","Lizard Tail","infinitespire:CheckeredPen","infinitespire:Midas Blood","Replay:Bandana","CeramicFish","Auto Shields+1","Gambling Chip","infinitespire:FocusingShard","ReplayTheSpireMod:Shallot","hubris:ToyBattleship","Boot","Grinning Jar","conspire:DeflatedDodgeball","Replay:Baseball","ReplayTheSpireMod:TigerMarble","hubris:CuriousFeather","StuffTheSpire:HeavyRock","hexamod:BolsterEngine","conspire:InfiniteJournal","BargainBundle","ClockworkSouvenir"],"campfire_rested":1,"item_purchase_floors":[1,1,1,2,2,2,2,2,2,2,2,2,2,2,2,7,7,7,7,7,13,13,13,13,13,13,13,13,13,13,14],"current_hp_per_floor":[75,82,58,42,37,37,37,61,71,79,67,67,67,67,41,51,38,45],"gold":616,"neow_bonus":"","is_daily":false,"chose_seed":false,"campfire_upgraded":0,"win_rate":0.0,"timestamp":1609865685,"path_taken":["$","$","M","M","M","T","$","R","M","M","M","T","$","$","M","M","M","M"],"items_purchased_type":["Card","Card","Card","Relic","Card","Card","Card","Relic","Relic","Relic","Relic","Relic","Relic","Relic","Relic","Card","Relic","Relic","Relic","Relic","Relic","Relic","Relic","Relic","Relic","Relic","Relic","Relic","Relic","Relic","Relic"],"build_version":"2020-12-22","purchased_purges":1,"victory":true,"max_hp_per_floor":[75,82,82,82,82,82,82,82,82,82,82,82,82,82,82,82,82,82],"relic_stats":{"Lee\u0027s Waffle":7,"Lizard Tail":0,"Regal Pillow":0,"counters":[10,53],"Sundial":[8],"CeramicFish":135,"Gambling Chip":[11],"Boot":[21],"MawBank":12,"obtain_stats":[{"Solar Panel":16,"champ:DuelingGlove":12,"Regal Pillow":10,"CeramicFish":2,"StuffTheSpire:GrapeVine":2,"hubris:SlimyHat":17,"Boot":13,"aspiration:StickyExplosives_weak":12,"conspire:InfiniteJournal":13,"ClockworkSouvenir":14,"Lizard Tail":2,"Replay:Bandana":2,"Sundial":3,"aspiration:MobileForge":6,"Gambling Chip":7,"StuffTheSpire:HeavyRock":13,"hubris:CuriousFeather":13,"Toxic Egg 2":0,"Clawfect:DRClaw":0,"Girya":5,"Lee\u0027s Waffle":2,"BargainBundle":13,"The Courier":0,"infinitespire:FocusingShard":7,"Replay:Ancient Bell":12,"infinitespire:CheckeredPen":2,"Frozen Egg 2":0,"MawBank":18,"Replay:Baseball":13,"Pondfish Scales":15,"ReplayTheSpireMod:Shallot":7,"StuffTheSpire:Mouthbags":11,"infinitespire:Satchel":4,"Molten Egg 2":0,"Snack Pack":2,"hubris:ToyBattleship":7,"ReplayTheSpireMod:TigerMarble":13,"Membership Card":2,"Runesmith:AutoHammer":12,"Grinning Jar":13,"conspire:DeflatedDodgeball":13,"hexamod:BolsterEngine":13,"infinitespire:Midas Blood":2},{"Solar Panel":8,"champ:DuelingGlove":6,"Regal Pillow":5,"CeramicFish":0,"StuffTheSpire:GrapeVine":0,"hubris:SlimyHat":9,"Boot":6,"aspiration:StickyExplosives_weak":6,"conspire:InfiniteJournal":6,"ClockworkSouvenir":6,"Lizard Tail":0,"Replay:Bandana":0,"Sundial":1,"aspiration:MobileForge":3,"Gambling Chip":3,"StuffTheSpire:HeavyRock":6,"hubris:CuriousFeather":6,"Toxic Egg 2":0,"Clawfect:DRClaw":0,"Girya":3,"Lee\u0027s Waffle":0,"BargainBundle":6,"The Courier":0,"infinitespire:FocusingShard":3,"Replay:Ancient Bell":6,"infinitespire:CheckeredPen":0,"Frozen Egg 2":0,"MawBank":10,"Replay:Baseball":6,"Pondfish Scales":7,"ReplayTheSpireMod:Shallot":3,"StuffTheSpire:Mouthbags":6,"infinitespire:Satchel":2,"Molten Egg 2":0,"Snack Pack":0,"hubris:ToyBattleship":3,"ReplayTheSpireMod:TigerMarble":6,"Membership Card":0,"Runesmith:AutoHammer":6,"Grinning Jar":6,"conspire:DeflatedDodgeball":6,"hexamod:BolsterEngine":6,"infinitespire:Midas Blood":0},{"Solar Panel":40,"champ:DuelingGlove":30,"Regal Pillow":25,"CeramicFish":0,"StuffTheSpire:GrapeVine":0,"hubris:SlimyHat":47,"Boot":30,"aspiration:StickyExplosives_weak":30,"conspire:InfiniteJournal":30,"ClockworkSouvenir":30,"Lizard Tail":0,"Replay:Bandana":0,"Sundial":6,"aspiration:MobileForge":16,"Gambling Chip":16,"StuffTheSpire:HeavyRock":30,"hubris:CuriousFeather":30,"Toxic Egg 2":0,"Clawfect:DRClaw":0,"Girya":16,"Lee\u0027s Waffle":0,"BargainBundle":30,"The Courier":0,"infinitespire:FocusingShard":16,"Replay:Ancient Bell":30,"infinitespire:CheckeredPen":0,"Frozen Egg 2":0,"MawBank":53,"Replay:Baseball":30,"Pondfish Scales":36,"ReplayTheSpireMod:Shallot":16,"StuffTheSpire:Mouthbags":30,"infinitespire:Satchel":10,"Molten Egg 2":0,"Snack Pack":0,"hubris:ToyBattleship":16,"ReplayTheSpireMod:TigerMarble":30,"Membership Card":0,"Runesmith:AutoHammer":30,"Grinning Jar":30,"conspire:DeflatedDodgeball":30,"hexamod:BolsterEngine":30,"infinitespire:Midas Blood":0}]},"card_choices":[{"not_picked":["hubris:Lust","Amnesia"],"picked":"hubris:Sloth","floor":12},{"not_picked":["conspire:NecroticWound","CommonCold"],"picked":"hubris:Greed","floor":12},{"not_picked":["Regret","hubris:Lust"],"picked":"hubris:Wrath","floor":12}],"player_experience":953837,"relics_obtained":[{"floor":3,"key":"Sundial"},{"floor":4,"key":"infinitespire:Satchel"},{"floor":5,"key":"Girya"},{"floor":10,"key":"Regal Pillow"},{"floor":11,"key":"StuffTheSpire:Mouthbags"},{"floor":15,"key":"Pondfish Scales"},{"floor":16,"key":"Solar Panel"},{"floor":17,"key":"hubris:SlimyHat"},{"floor":18,"key":"MawBank"}],"event_choices":[],"is_beta":false,"boss_relics":[{"not_picked":["conspire:SeveredTorchhead","hubris:GrandSneckoEye"],"picked":"aspiration:MobileForge"},{"not_picked":["ReplayTheSpireMod:SealedPack","energizedSpire:MagnifyingGlass"],"picked":"Replay:Ancient Bell"},{"not_picked":["aspiration:ChemicalBlood","War Paint"],"picked":"Runesmith:AutoHammer"},{"not_picked":["conspire:Dentures","StuffTheSpire:RubySignet"],"picked":"aspiration:StickyExplosives_weak"},{"not_picked":["Pocketwatch","Thread and Needle"],"picked":"champ:DuelingGlove"}],"items_purged_floors":[13],"is_endless":false,"potions_floor_spawned":[5,10,11,17],"ascension_level":0}}