{"host":"ayh4nqhr0ddw4ozv","time":1609817642,"event":{"mods":["BaseMod","Minty Spire (QoL Compilation)","Relic Stats","Replay The Spire","Robot Space Explorer","StSLib"],"gold_per_floor":[112,39,49,69,69,94,94,112,135,163,163,181,181,197,197,302,302,316,391,407,36,47,79,79,104,104,104,124,124,149,159,159,159,159],"floor_reached":33,"playtime":2397,"items_purged":["ReplayTheSpireMod:GoodbyeWorld"],"score":476,"play_id":"abcf006f-8dff-4971-a832-c713c9374411","local_time":"20210104193402","is_ascension_mode":true,"campfire_choices":[{"data":"ReplayRNGCard","floor":7,"key":"SMITH"},{"floor":11,"key":"REST"},{"floor":15,"key":"REST"},{"floor":24,"key":"REST"},{"data":"Sweeping Beam","floor":27,"key":"SMITH"},{"floor":29,"key":"REST"}],"circlet_count":0,"master_deck":["AscendersBane","Dualcast","Rebound","Sweeping Beam+1","Beam Cell","ReplayRNGCard+1","Panic Button","Chill","Panic Button","Auto Shields","Electrodynamics","Heatsinks","Auto Shields","Gash","Double Energy","Coolheaded","Steam","Time Bomb+1","Time Bomb+1","Self Repair+1","Fusion"],"relics":["Cracked Core","PreservedInsect","Oddly Smooth Stone","Centennial Puzzle","Pet Ghost","Pandora\u0027s Box","Runic Capacitor","Art of War","Omamori","Bottled Flame","Replay:Bottled Snecko","ReplayTheSpireMod:Lightbulb"],"acts_visited":["Exordium","TheCity"],"potions_floor_usage":[6,10,10,23,25,31],"damage_taken":[{"damage":5,"enemies":"Small Slimes","floor":1,"turns":4},{"damage":1,"enemies":"Cultist","floor":3,"turns":3},{"damage":11,"enemies":"2 Louse","floor":4,"turns":2},{"damage":13,"enemies":"Gremlin Nob","floor":6,"turns":3},{"damage":9,"enemies":"Red Slaver","floor":8,"turns":4},{"damage":21,"enemies":"Lagavulin","floor":10,"turns":7},{"damage":10,"enemies":"Exordium Thugs","floor":12,"turns":5},{"damage":10,"enemies":"Blue Slaver","floor":14,"turns":5},{"damage":12,"enemies":"Slime Boss","floor":16,"turns":10},{"damage":10,"enemies":"Chosen","floor":18,"turns":6},{"damage":6,"enemies":"2 Thieves","floor":20,"turns":3},{"damage":0,"enemies":"Centurion and Healer","floor":22,"turns":12},{"damage":27,"enemies":"Slavers","floor":23,"turns":2},{"damage":9,"enemies":"Gremlin Leader","floor":25,"turns":3},{"damage":12,"enemies":"Snecko","floor":28,"turns":5},{"damage":15,"enemies":"Book of Stabbing","floor":30,"turns":3},{"damage":15,"enemies":"Cultist and Chosen","floor":31,"turns":5},{"damage":4,"enemies":"Pondfish","floor":33,"turns":1}],"seed_played":"-379904698289769573","potions_obtained":[{"floor":3,"key":"Toxic Potion"},{"floor":4,"key":"SkillPotion"},{"floor":10,"key":"PotionOfCapacity"},{"floor":12,"key":"Toxic Potion"},{"floor":20,"key":"LifebloodPotion"},{"floor":23,"key":"Swift Potion"},{"floor":30,"key":"Energy Potion"}],"is_trial":false,"path_per_floor":["M","$","M","M","?","E","R","M","T","E","R","M","?","M","R","B",null,"M","?","M","$","M","E","R","E","T","R","M","R","E","M","R","B"],"character_chosen":"DEFECT","items_purchased":["Languid Potion","Runic Capacitor","Art of War"],"campfire_rested":4,"item_purchase_floors":[2,21,21],"current_hp_per_floor":[63,63,62,51,51,38,38,29,29,8,30,20,20,10,32,20,61,51,44,38,38,38,11,33,24,24,24,12,34,19,4,4,0,0],"gold":159,"neow_bonus":"RANDOM_COMMON_RELIC","is_daily":false,"chose_seed":false,"campfire_upgraded":2,"win_rate":0.0,"timestamp":1609817642,"path_taken":["M","$","M","M","?","E","R","?","T","E","R","M","?","M","R","BOSS","M","?","M","$","M","E","R","E","T","R","M","R","E","?","R","BOSS"],"items_purchased_type":["Potion","Relic","Relic"],"build_version":"2020-12-22","purchased_purges":1,"victory":false,"max_hp_per_floor":[75,75,75,75,75,75,75,75,75,75,75,75,75,75,75,75,75,75,75,75,75,75,75,75,75,75,75,75,75,75,75,75,75,75],"relic_stats":{"Centennial Puzzle":[33],"counters":[18,83],"Pandora\u0027s Box":["ReplayTheSpireMod:GoodbyeWorld","Heatsinks","Auto Shields","Gash","Double Energy","Coolheaded"],"PreservedInsect":192,"Art of War":[7],"obtain_stats":[{"Centennial Puzzle":9,"Bottled Flame":25,"Oddly Smooth Stone":6,"Pandora\u0027s Box":17,"PreservedInsect":0,"Runic Capacitor":21,"Art of War":21,"Omamori":23,"Replay:Bottled Snecko":26,"Cracked Core":0,"ReplayTheSpireMod:Lightbulb":30,"Pet Ghost":10},{"Centennial Puzzle":5,"Bottled Flame":14,"Oddly Smooth Stone":4,"Pandora\u0027s Box":9,"PreservedInsect":0,"Runic Capacitor":11,"Art of War":11,"Omamori":13,"Replay:Bottled Snecko":14,"Cracked Core":0,"ReplayTheSpireMod:Lightbulb":16,"Pet Ghost":6},{"Centennial Puzzle":16,"Bottled Flame":69,"Oddly Smooth Stone":12,"Pandora\u0027s Box":43,"PreservedInsect":0,"Runic Capacitor":52,"Art of War":52,"Omamori":66,"Replay:Bottled Snecko":69,"Cracked Core":0,"ReplayTheSpireMod:Lightbulb":77,"Pet Ghost":23}]},"card_choices":[{"not_picked":["Hologram","Go for the Eyes"],"picked":"Rebound","floor":1},{"not_picked":["Leap","Streamline"],"picked":"Sweeping Beam","floor":3},{"not_picked":["Turbo","Stack"],"picked":"Beam Cell","floor":4},{"not_picked":["Barrage","Ball Lightning"],"picked":"ReplayRNGCard","floor":6},{"not_picked":["Storm","Ball Lightning"],"picked":"Panic Button","floor":8},{"not_picked":["Panic Button","Ball Lightning"],"picked":"Chill","floor":10},{"not_picked":["Fusion","Gash"],"picked":"Panic Button","floor":12},{"not_picked":["Redo","Leap"],"picked":"Auto Shields","floor":14},{"not_picked":["All For One","ReplayRNGCard"],"picked":"Electrodynamics","floor":16},{"not_picked":["Beam Cell","Ball Lightning+1"],"picked":"Steam","floor":18},{"not_picked":["Ball Lightning","Loop","BasicCrystalCard"],"picked":"SKIP","floor":20},{"not_picked":["Rip and Tear","Force Field","Tempest"],"picked":"SKIP","floor":22},{"not_picked":["Rebound","Barrage"],"picked":"Time Bomb+1","floor":23},{"not_picked":["Capacitor","Reboot"],"picked":"Time Bomb+1","floor":25},{"not_picked":["Redo","ReplayTheSpireMod:System Scan","Coolheaded"],"picked":"SKIP","floor":28},{"not_picked":["Multi-Cast","FTL"],"picked":"Self Repair+1","floor":30},{"not_picked":["ReplayGash","BasicCrystalCard+1","Steam Power"],"picked":"SKIP","floor":31}],"player_experience":289347,"relics_obtained":[{"floor":6,"key":"Oddly Smooth Stone"},{"floor":9,"key":"Centennial Puzzle"},{"floor":10,"key":"Pet Ghost"},{"floor":23,"key":"Omamori"},{"floor":25,"key":"Bottled Flame"},{"floor":26,"key":"Replay:Bottled Snecko"},{"floor":30,"key":"ReplayTheSpireMod:Lightbulb"}],"event_choices":[{"cards_removed":["Strike_B"],"damage_healed":0,"gold_gain":0,"player_choice":"Purged","damage_taken":0,"max_hp_gain":0,"max_hp_loss":0,"event_name":"Purifier","floor":5,"gold_loss":0},{"damage_healed":0,"gold_gain":75,"player_choice":"Touch","damage_taken":7,"max_hp_gain":0,"max_hp_loss":0,"event_name":"FaceTrader","floor":19,"gold_loss":0}],"is_beta":false,"boss_relics":[{"not_picked":["Painkiller Herb","Replay:Drink Me"],"picked":"Pandora\u0027s Box"}],"items_purged_floors":[21],"is_endless":false,"potions_floor_spawned":[3,4,10,12,20,23,30],"killed_by":"Pondfish","ascension_level":10}}