{"host":"h4lp0eeso8a0ssq0","time":1609812880,"event":{"mods":["2.2 Compatiblity","AchievementEnabler","BaseMod","CapriCore","Colored Map","Minty Spire (QoL Compilation)","StSLib","SuperFastMode"],"gold_per_floor":[112,112,122,72,21,21,55,70,97,97,112,127,16,16,16,117,117,136,136,136,56,56,56,56,56,138,164,164,179,191,48,48,150,150,166,166,23,33,33,50,50,50,50,50,50,50,0,12,12,12,12,12,12,12,12],"floor_reached":54,"playtime":4415,"items_purged":["Strike_G","Regret"],"score":679,"play_id":"425d5004-0804-482a-8b71-ae223782a862","local_time":"20210105111440","is_ascension_mode":false,"campfire_choices":[{"data":"Venomology","floor":6.0,"key":"SMITH"},{"data":"Sucker Punch","floor":10.0,"key":"SMITH"},{"data":"Caltrops","floor":15.0,"key":"SMITH"},{"data":"Footwork","floor":23.0,"key":"SMITH"},{"data":"Footwork","floor":25.0,"key":"SMITH"},{"data":"Flechettes","floor":28.0,"key":"SMITH"},{"data":"Footwork","floor":32.0,"key":"SMITH"},{"data":"Concentrate","floor":41.0,"key":"SMITH"},{"floor":44.0,"key":"RECALL"},{"data":"Malaise","floor":49.0,"key":"SMITH"},{"data":"Neutralize","floor":52.0,"key":"SMITH"}],"circlet_count":0,"master_deck":["Defend_G","Defend_G","Defend_G","Defend_G+1","Survivor","Neutralize+1","Dagger Spray+1","Venomology+1","Acrobatics","Acrobatics","Sucker Punch+1","Dagger Throw","Reflex","Caltrops+1","Malaise+1","Footwork+1","Flechettes+1","Concentrate+1","Footwork+1","Calculated Gamble+1","Footwork+1","Corpse Explosion","Underhanded Strike+1","Blade Dance+1"],"relics":["Ring of the Snake","NeowsBlessing","Juzu Bracelet","Bottled Lightning","Blood Vial","SacredBark","Mummified Hand","Bird Faced Urn","Bronze Scales","Cursed Key","Membership Card"],"acts_visited":["Exordium","TheCity","TheBeyond","TheEnding"],"potions_floor_usage":[54],"damage_taken":[{"damage":0.0,"enemies":"2 Louse","floor":1.0,"turns":1.0},{"damage":0.0,"enemies":"Small Slimes","floor":3.0,"turns":1.0},{"damage":0.0,"enemies":"3 Sentries","floor":7.0,"turns":1.0},{"damage":6.0,"enemies":"Cultist","floor":8.0,"turns":4.0},{"damage":8.0,"enemies":"Lots of Slimes","floor":11.0,"turns":4.0},{"damage":0.0,"enemies":"Looter","floor":12.0,"turns":2.0},{"damage":18.0,"enemies":"The Guardian","floor":16.0,"turns":12.0},{"damage":4.0,"enemies":"Spheric Guardian","floor":18.0,"turns":7.0},{"damage":13.0,"enemies":"Slavers","floor":27.0,"turns":9.0},{"damage":0.0,"enemies":"2 Thieves","floor":29.0,"turns":3.0},{"damage":7.0,"enemies":"Centurion and Healer","floor":30.0,"turns":5.0},{"damage":41.0,"enemies":"Collector","floor":33.0,"turns":13.0},{"damage":13.0,"enemies":"3 Shapes","floor":35.0,"turns":2.0},{"damage":10.0,"enemies":"Orb Walker","floor":38.0,"turns":5.0},{"damage":21.0,"enemies":"Jaw Worm Horde","floor":40.0,"turns":3.0},{"damage":0.0,"enemies":"Giant Head","floor":42.0,"turns":1.0},{"damage":8.0,"enemies":"3 Darklings","floor":48.0,"turns":2.0},{"damage":54.0,"enemies":"Awakened One","floor":50.0,"turns":20.0},{"damage":48,"enemies":"Shield and Spear","floor":54,"turns":4}],"seed_played":"-7970515784833682791","potions_obtained":[{"floor":7.0,"key":"SpeedPotion"},{"floor":12.0,"key":"PowerPotion"},{"floor":16.0,"key":"Ancient Potion"},{"floor":33.0,"key":"Fruit Juice"},{"floor":40.0,"key":"SpeedPotion"}],"is_trial":false,"path_per_floor":["M","?","M","?","$","R","E","M","T","R","M","M","$","?","R","B",null,"M","?","?","$","?","R","?","R","T","E","R","M","M","$","R","B",null,"M","?","$","M","?","M","R","E","T","R","?","?","$","M","R","B",null,"R","$","E"],"character_chosen":"THE_SILENT","items_purchased":["Acrobatics","Caltrops","Footwork","Bronze Scales","Membership Card"],"campfire_rested":0,"item_purchase_floors":[5,13,21,31,37],"current_hp_per_floor":[70,63,63,63,63,63,63,57,57,57,51,53,53,39,39,23,70,66,66,53,53,53,53,53,53,53,42,42,50,53,53,53,32,85,76,76,76,75,75,64,64,66,66,66,66,81,81,75,75,31,81,81,81,37,37],"gold":12,"neow_bonus":"THREE_ENEMY_KILL","is_daily":false,"chose_seed":false,"campfire_upgraded":10,"win_rate":0.0,"timestamp":1609812880,"path_taken":["M","?","M","?","$","R","E","M","T","R","M","M","$","?","R","BOSS","M","?","?","$","?","R","?","R","T","E","R","M","M","$","R","BOSS","M","?","$","M","?","M","R","E","T","R","?","?","$","M","R","BOSS","R","$","E"],"items_purchased_type":["Card","Card","Card","Relic","Relic"],"build_version":"2020-12-22","purchased_purges":2,"victory":false,"max_hp_per_floor":[70,70,70,70,70,70,70,70,70,70,70,70,70,70,70,70,70,70,70,75,75,75,75,75,75,75,75,75,75,75,75,75,85,85,85,85,85,85,81,81,81,81,81,81,81,81,81,81,81,81,81,81,81,81,81],"card_choices":[{"not_picked":["Underhanded Strike","Outmaneuver"],"picked":"Dagger Spray","floor":1.0},{"not_picked":["Heel Hook","Flying Knee"],"picked":"Venomology","floor":3.0},{"not_picked":["Night Terror","Sucker Punch"],"picked":"Acrobatics","floor":7.0},{"not_picked":["Quick Slash","Predator"],"picked":"Sucker Punch","floor":8.0},{"not_picked":["Quick Slash","Dagger Spray"],"picked":"Dagger Throw","floor":11.0},{"not_picked":["Setup","Dagger Throw"],"picked":"Reflex","floor":12.0},{"not_picked":["Tools of the Trade","Phantasmal Killer"],"picked":"Malaise","floor":16.0},{"not_picked":["Masterful Stab","Blade Dance+1"],"picked":"Footwork","floor":18.0},{"not_picked":["Outmaneuver","Quick Slash"],"picked":"Calculated Gamble+1","floor":27.0},{"not_picked":["Infinite Blades","Caltrops+1"],"picked":"Footwork","floor":29.0},{"not_picked":["Deflect","Cloak And Dagger","Prepared"],"picked":"SKIP","floor":30.0},{"not_picked":["Glass Knife","After Image"],"picked":"Corpse Explosion","floor":33.0},{"not_picked":["Cloak And Dagger+1","Quick Slash+1"],"picked":"Underhanded Strike+1","floor":35.0},{"not_picked":["Poisoned Stab+1","Masterful Stab+1"],"picked":"Blade Dance+1","floor":38.0},{"not_picked":["Skewer+1","Night Terror"],"picked":"Prepared+1","floor":40.0},{"not_picked":["Choke","Deadly Poison+1","Cloak And Dagger"],"picked":"SKIP","floor":48.0}],"player_experience":58485,"relics_obtained":[{"floor":7.0,"key":"Bottled Lightning"},{"floor":9.0,"key":"Blood Vial"},{"floor":26.0,"key":"Mummified Hand"},{"floor":27.0,"key":"Bird Faced Urn"}],"event_choices":[{"damage_healed":0.0,"max_hp_gain":0.0,"max_hp_loss":0.0,"gold_gain":0.0,"event_name":"Scrap Ooze","player_choice":"Success","floor":2.0,"gold_loss":0.0,"damage_taken":7.0,"relics_obtained":["Juzu Bracelet"]},{"cards_removed":["Strike_G"],"damage_healed":0.0,"max_hp_gain":0.0,"max_hp_loss":0.0,"gold_gain":0.0,"event_name":"The Cleric","player_choice":"Card Removal","floor":4.0,"gold_loss":50.0,"damage_taken":0.0},{"damage_healed":0.0,"max_hp_gain":0.0,"max_hp_loss":0.0,"gold_gain":0.0,"event_name":"Shining Light","player_choice":"Entered Light","floor":14.0,"gold_loss":0.0,"damage_taken":14.0,"cards_upgraded":["Defend_G","Dagger Spray"]},{"damage_healed":0.0,"max_hp_gain":0.0,"max_hp_loss":0.0,"gold_gain":0.0,"cards_transformed":["Strike_G","Strike_G"],"event_name":"Drug Dealer","player_choice":"Became Test Subject","floor":19.0,"gold_loss":0.0,"damage_taken":0.0,"cards_obtained":["Flechettes","Concentrate"]},{"damage_healed":0.0,"max_hp_gain":5.0,"max_hp_loss":0.0,"gold_gain":0.0,"event_name":"Forgotten Altar","player_choice":"Shed Blood","floor":20.0,"gold_loss":0.0,"damage_taken":18.0},{"cards_removed":["Strike_G"],"damage_healed":0.0,"max_hp_gain":0.0,"max_hp_loss":0.0,"gold_gain":0.0,"event_name":"Purifier","player_choice":"Purged","floor":24.0,"gold_loss":0.0,"damage_taken":0.0},{"cards_removed":["Defend_G"],"damage_healed":0.0,"max_hp_gain":0.0,"max_hp_loss":0.0,"gold_gain":0.0,"event_name":"Purifier","player_choice":"Purged","floor":36.0,"gold_loss":0.0,"damage_taken":0.0},{"damage_healed":0.0,"max_hp_gain":0.0,"max_hp_loss":4.0,"gold_gain":0.0,"event_name":"Winding Halls","player_choice":"Max HP","floor":39.0,"gold_loss":0.0,"damage_taken":0.0},{"cards_removed":["Prepared"],"damage_healed":0.0,"max_hp_gain":0.0,"max_hp_loss":0.0,"gold_gain":0.0,"event_name":"Falling","player_choice":"Removed Skill","floor":45.0,"gold_loss":0.0,"damage_taken":0.0},{"damage_healed":15.0,"max_hp_gain":0.0,"max_hp_loss":0.0,"gold_gain":0.0,"event_name":"Wheel of Change","player_choice":"Full Heal","floor":46.0,"gold_loss":0.0,"damage_taken":0.0}],"is_beta":false,"boss_relics":[{"not_picked":["Runic Pyramid","Black Star"],"picked":"SacredBark"},{"not_picked":["Philosopher\u0027s Stone","Tiny House"],"picked":"Cursed Key"}],"items_purged_floors":[13,47],"is_endless":false,"potions_floor_spawned":[7,11,12,16,33,35,40],"killed_by":"Shield and Spear","ascension_level":0}}