{"host":"whyfdmrq1ty0e9zp","time":1609846723,"event":{"mods":["Act Like it!","BaseMod","Colored Map","Colored Powertips","Conspire","Gensokyo","LagranYue(¿≠∏Ò¿ °§‘¬)","Marisa£®ÏF”Í°°ƒß¿Ì…≥£©","Minty Spire (QoL Compilation)","MostiFishMod","Prisma Mod","Quick Restart","Relic Stats","Remilia£®¿Ÿ√◊¿Ú—«£©","Replay The Spire","StSLib","TestMod","The Servant 0.9.4","Youmu£®ªÍ∆«—˝√Œ£©","vexMod","°æ“≈ŒÔø®≈∆°øREMEMod"],"gold_per_floor":[116,150,150,169,165,165,181,213,213,288,318,318,336,336,336,410,410,424,444,460,460,14,49,49,67,67,80,105,105,123,3,3,80,80,96,138,155,168,168,215,227,242,269,269,115,127,142,173,173,173,173],"floor_reached":52,"playtime":3525,"items_purged":["Strike_RM","Defend_RM"],"score":2027,"play_id":"cfb499ca-8add-4f0b-b6fe-3b9981297d29","local_time":"20210105193843","is_ascension_mode":true,"campfire_choices":[{"data":"ChainGang","floor":6.0,"key":"SMITH"},{"data":"NightLord","floor":12.0,"key":"SMITH"},{"data":"UnderTheZenith","floor":15.0,"key":"SMITH"},{"data":"ScarletImprint","floor":24.0,"key":"SMITH"},{"data":"EternalNight","floor":29.0,"key":"SMITH"},{"data":"EndlessAdversity","floor":32.0,"key":"SMITH"},{"data":"UnderTheZenith","floor":44,"key":"SMITH"},{"data":"EternalNight","floor":49,"key":"SMITH"}],"circlet_count":0,"master_deck":["AscendersBane","Strike_RM+1","Strike_RM+1","Defend_RM+1","Defend_RM","Defend_RM","RedMoon+1","ScarletShoot+1","ChainGang+1","EndlessAdversity+1","UnderTheZenith+1","Shame","TwelveNightmare+1","CurseOfVladTepes+1","ScarletCoffin+1","NightDance","NightLord+1","ForecastOfChange+1","ScarletImprint+1","TransientEternity+1","VampireSweep","DemonKingCradle+1","DiffusionOfMisfortune","EternalNight+1","CeilingFear+1","UnstableMagic+1","BloodyHallows+1","NightLord","BombardNight+1","ScarletDevil","UnderTheZenith+1","conspire:NecroticWound","ScarletMeister+1","TricksterDevil+1","Impatience+1","ScarletSymphony","EternalNight+1"],"relics":["ScarletHat","testmod-TestBox","DaveBox","REME_ComplimentaryCards","testmod-NegativeEmotionEnhancer","MetatronsCube","LagranYue:RandomDrawCardRelic","NeowsBlessing","SynthV:TestCard","RedBat","ReplayTheSpireMod:CursedCoin","conspire:GiftBox","Golden Egg","Whetstone","vexMod:MemoryStick","vexMod:InvisibilityCloak","xbg","vexMod:HeadHunter","vexMod:GhostlyGear","Mirror","The Courier","SynthV:C4","Boot","vexMod:BarristanHead","Gensokyo:LionMask","ChewingGum","Quantum Egg","ReplayTheSpireMod:Ring of Challenge","Ring of Fangs","ImprovedEquipment","Bronze Scales","ArrowTower","Gremlin Food","ReplayTheSpireMod:Ninjato"],"acts_visited":["Exordium","Exordium","Gensokyo:Gensokyoer"],"potions_floor_usage":[50,51],"damage_taken":[{"damage":0.0,"enemies":"Small Slimes","floor":1.0,"turns":2.0},{"damage":0.0,"enemies":"2 Louse","floor":4.0,"turns":1.0},{"damage":0.0,"enemies":"Jaw Worm","floor":7.0,"turns":1.0},{"damage":19.0,"enemies":"Gremlin Nob","floor":8.0,"turns":5.0},{"damage":7.0,"enemies":"Lagavulin","floor":11.0,"turns":4.0},{"damage":0.0,"enemies":"3 Louse","floor":13.0,"turns":1.0},{"damage":6.0,"enemies":"Hexaghost","floor":16.0,"turns":9.0},{"damage":5.0,"enemies":"Gensokyo:CosmicMonolith","floor":18.0,"turns":5.0},{"damage":6.0,"enemies":"Gensokyo:AngelMirror","floor":19.0,"turns":4.0},{"damage":25.0,"enemies":"Gensokyo:Slime_Group","floor":20.0,"turns":5.0},{"damage":20.0,"enemies":"Gensokyo:Reisen","floor":23.0,"turns":6.0},{"damage":4.0,"enemies":"Gensokyo:Wraith","floor":25.0,"turns":4.0},{"damage":9.0,"enemies":"Gensokyo:3_Gloops","floor":27.0,"turns":4.0},{"damage":20.0,"enemies":"Gensokyo:Tenshi","floor":28.0,"turns":3.0},{"damage":13.0,"enemies":"Gensokyo:Swordslinger","floor":30.0,"turns":2.0},{"damage":12.0,"enemies":"Gensokyo:Kaguya","floor":33.0,"turns":5.0},{"damage":9.0,"enemies":"Gensokyo:3_Bats","floor":35.0,"turns":2.0},{"damage":13.0,"enemies":"Gensokyo:AncientGuardian","floor":36.0,"turns":3.0},{"damage":8.0,"enemies":"Gensokyo:3_Boulders","floor":37.0,"turns":5.0},{"damage":23.0,"enemies":"Gensokyo:4_Bats","floor":38.0,"turns":4.0},{"damage":24,"enemies":"Gensokyo:Doremy","floor":40,"turns":4},{"damage":0,"enemies":"Gensokyo:Rafflesia","floor":41,"turns":4},{"damage":7,"enemies":"Gensokyo:Dusk_and_Dawn","floor":42,"turns":5},{"damage":0,"enemies":"Gensokyo:3_Boulders","floor":46,"turns":2},{"damage":8,"enemies":"Gensokyo:AtlasGolem","floor":47,"turns":4},{"damage":21,"enemies":"conspire:MimicChest","floor":48,"turns":2},{"damage":13,"enemies":"Gensokyo:Scarlet_Devils","floor":50,"turns":5},{"damage":12,"enemies":"Gensokyo:Yuyuko","floor":51,"turns":4}],"seed_played":"-2737183577166232784","potions_obtained":[{"floor":1.0,"key":"testmod-SpacePotion"},{"floor":2.0,"key":"Doom Potion"},{"floor":11.0,"key":"Strength Potion"},{"floor":13.0,"key":"Dexterity Potion"},{"floor":25.0,"key":"SpeedPotion"},{"floor":27.0,"key":"PowerPotion"},{"floor":30.0,"key":"SkillPotion"},{"floor":35.0,"key":"REME_GoldPotion"},{"floor":36.0,"key":"Elixir"},{"floor":41,"key":"SteroidPotion"},{"floor":42,"key":"Swift Potion"}],"is_trial":false,"path_per_floor":["M","?","?","M","$","R","M","E","T","?","E","R","M","?","R","B",null,"M","M","M","?","$","E","R","M","T","M","E","R","M","?","R","B",null,"M","M","M","M","?","E","M","M","T","R","$","M","M","?","R","B","B",null],"character_chosen":"REMILIA","items_purchased":["ReplayTheSpireMod:CursedCoin","TwelveNightmare","vexMod:GhostlyGear","Mirror","Impatience"],"campfire_rested":0,"item_purchase_floors":[5,5,22,22,45],"current_hp_per_floor":[66,38,34,37,37,37,39,26,26,15,26,26,30,30,30,35,67,66,66,44,44,44,37,37,35,35,41,23,23,19,19,19,27,65,60,49,45,36,36,21,47,46,46,46,46,53,60,50,50,46,54],"gold":173,"neow_bonus":"THREE_ENEMY_KILL","is_daily":false,"chose_seed":false,"campfire_upgraded":8,"win_rate":0.0,"timestamp":1609846723,"path_taken":["M","?","?","M","$","R","M","E","T","?","E","R","?","?","R","BOSS","M","M","M","?","$","E","R","M","T","M","E","R","M","?","R","BOSS","M","M","M","M","?","E","M","M","T","R","$","M","M","?","R","BOSS","BOSS"],"items_purchased_type":["Relic","Card","Relic","Relic","Card"],"build_version":"2020-12-22","purchased_purges":2,"victory":true,"max_hp_per_floor":[71,71,71,72,72,72,73,74,74,74,75,75,76,76,76,77,77,78,79,80,72,72,73,73,74,74,75,76,76,77,77,77,78,78,79,80,81,82,82,83,84,85,85,85,85,86,87,88,88,89,90],"relic_stats":{"counters":[28,105],"Bronze Scales":[27],"Whetstone":["Strike_RM","ScarletCoffin"],"Boot":[43],"obtain_stats":[{"Golden Egg":9,"vexMod:MemoryStick":14,"DaveBox":0,"LagranYue:RandomDrawCardRelic":0,"testmod-NegativeEmotionEnhancer":0,"Whetstone":11,"Boot":28,"ScarletHat":0,"SynthV:C4":26,"RedBat":2,"vexMod:InvisibilityCloak":16,"Ring of Fangs":39,"Gensokyo:LionMask":31,"Gremlin Food":43,"testmod-TestBox":0,"ReplayTheSpireMod:Ninjato":48,"NeowsBlessing":0,"ReplayTheSpireMod:CursedCoin":5,"Quantum Egg":35,"ImprovedEquipment":40,"The Courier":23,"vexMod:GhostlyGear":22,"conspire:GiftBox":8,"SynthV:TestCard":1,"vexMod:BarristanHead":30,"vexMod:HeadHunter":21,"Bronze Scales":41,"ChewingGum":34,"xbg":17,"ReplayTheSpireMod:Ring of Challenge":39,"Mirror":22,"ArrowTower":42,"REME_ComplimentaryCards":0,"MetatronsCube":0},{"Golden Egg":4,"vexMod:MemoryStick":6,"DaveBox":0,"LagranYue:RandomDrawCardRelic":0,"testmod-NegativeEmotionEnhancer":0,"Whetstone":5,"Boot":14,"ScarletHat":0,"SynthV:C4":12,"RedBat":1,"vexMod:InvisibilityCloak":7,"Ring of Fangs":20,"Gensokyo:LionMask":15,"Gremlin Food":23,"testmod-TestBox":0,"ReplayTheSpireMod:Ninjato":26,"NeowsBlessing":0,"ReplayTheSpireMod:CursedCoin":2,"Quantum Egg":17,"ImprovedEquipment":21,"The Courier":11,"vexMod:GhostlyGear":10,"conspire:GiftBox":4,"SynthV:TestCard":1,"vexMod:BarristanHead":15,"vexMod:HeadHunter":10,"Bronze Scales":22,"ChewingGum":16,"xbg":7,"ReplayTheSpireMod:Ring of Challenge":20,"Mirror":10,"ArrowTower":23,"REME_ComplimentaryCards":0,"MetatronsCube":0},{"Golden Egg":9,"vexMod:MemoryStick":14,"DaveBox":0,"LagranYue:RandomDrawCardRelic":0,"testmod-NegativeEmotionEnhancer":0,"Whetstone":13,"Boot":54,"ScarletHat":0,"SynthV:C4":47,"RedBat":2,"vexMod:InvisibilityCloak":23,"Ring of Fangs":75,"Gensokyo:LionMask":56,"Gremlin Food":88,"testmod-TestBox":0,"ReplayTheSpireMod:Ninjato":96,"NeowsBlessing":0,"ReplayTheSpireMod:CursedCoin":3,"Quantum Egg":63,"ImprovedEquipment":79,"The Courier":43,"vexMod:GhostlyGear":37,"conspire:GiftBox":9,"SynthV:TestCard":2,"vexMod:BarristanHead":56,"vexMod:HeadHunter":37,"Bronze Scales":83,"ChewingGum":61,"xbg":23,"ReplayTheSpireMod:Ring of Challenge":75,"Mirror":37,"ArrowTower":88,"REME_ComplimentaryCards":0,"MetatronsCube":0}]},"card_choices":[{"not_picked":["MiserableFate","ForbiddenFruit"],"picked":"ChainGang","floor":1.0},{"not_picked":["StarOfDavid","UnstableMagic","ScarletNetherworld","RedRainbow"],"picked":"EndlessAdversity","floor":2.0},{"not_picked":["MastersStateliness","EmergencyRegeneration","BombardNight","DiffusionOfMisfortune"],"picked":"UnderTheZenith","floor":4.0},{"not_picked":["BloodyMagicSquare","ScarletDevil","EndlessAdversity","GlobalNightmare"],"picked":"CurseOfVladTepes","floor":7.0},{"not_picked":["EquivalentExchange","HeartBreak"],"picked":"ScarletCoffin","floor":8.0},{"not_picked":["BloodyTrap","RedNightlessCastle","DiffusionOfMisfortune","RedMagic"],"picked":"NightDance","floor":8.0},{"not_picked":["ScarletNetherworld","UnstableMagic","BlasphemousPunishment","VampireKiss"],"picked":"NightLord","floor":11.0},{"not_picked":["NightDance","BloodyTrap","EndlessAdversity","UltimateOffering","MastersStateliness"],"picked":"SKIP","floor":13.0},{"not_picked":["QueenOfMidnight","ChaoticDestiny","BloodRain","HeartBreak"],"picked":"ForecastOfChange","floor":16.0},{"not_picked":["MastersStateliness+1","StarOfDavid","TwelveNightmare","VampireKiss"],"picked":"ScarletImprint","floor":18.0},{"not_picked":["BadLadyScramble","BloodHunter","NightDance","Stigmanizer","MastersStateliness+1"],"picked":"SKIP","floor":19.0},{"not_picked":["EndlessAdversity+1","UnstableMagic","HeartBreak","TwelveNightmare+1"],"picked":"VampireSweep","floor":20.0},{"not_picked":["CeilingFear","HeartBreak"],"picked":"DemonKingCradle","floor":23.0},{"not_picked":["Septette","Stigmanizer","ScarletDevil+1","NightLord","FavorOfDestiny"],"picked":"SKIP","floor":23.0},{"not_picked":["MastersStateliness","VampireSweep+1","VampireClaw","DevilSight"],"picked":"DiffusionOfMisfortune","floor":25.0},{"not_picked":["ScarletDevil","EndlessAdversity","ScarletImprint","BloodyTrap","BlasphemousPunishment"],"picked":"SKIP","floor":27.0},{"not_picked":["ForecastOfChange","StarOfDavid","DiffusionOfMisfortune","BlasphemousPunishment"],"picked":"EternalNight","floor":28.0},{"not_picked":["KillingBlow","DemonKingCradle"],"picked":"CeilingFear","floor":28.0},{"not_picked":["VampireFantasy","BloodHunter+1","MastersStateliness","BadLadyScramble"],"picked":"UnstableMagic+1","floor":30.0},{"not_picked":["BloodyCatastrophe","QueenOfMidnight","KillingBlow","BloodRain"],"picked":"BloodyHallows","floor":33.0},{"not_picked":["CharismaGuard","FavorOfDestiny","VampireSweep","ReincarnationDial"],"picked":"NightLord","floor":35.0},{"not_picked":["SuperhumanBloodyKnife","ScarletGensokyo","DiffusionOfMisfortune","MastersStateliness"],"picked":"BombardNight","floor":36.0},{"not_picked":["CharismaGuard","VampirishNight","BloodHunter","VampireKiss"],"picked":"ScarletDevil","floor":36.0},{"not_picked":["RedRainbow","VampireKiss","ForbiddenFruit","BombardNight","BloodyTrap"],"picked":"SKIP","floor":37.0},{"not_picked":["BloodHunter","ChainGang","BombardNight","StarOfDavid"],"picked":"UnderTheZenith","floor":38.0},{"not_picked":["ScarletCoffin","DemonKingCradle"],"picked":"ScarletMeister","floor":40},{"not_picked":["ScarletDevil","ReincarnationDial+1","DiffusionOfMisfortune","MillenniumVampire"],"picked":"TricksterDevil","floor":40},{"not_picked":["SuperhumanBloodyKnife","Stigmanizer","BlasphemousPunishment","DiffusionOfMisfortune+1","BombardNight"],"picked":"SKIP","floor":41},{"not_picked":["CharismaGuard+1","BloodHunter","ScarletImprint","FavorOfDestiny","ScarletDevil+1"],"picked":"SKIP","floor":42},{"not_picked":["NightDance","MillenniumVampire+1","DiffusionOfMisfortune","VampireClaw"],"picked":"ScarletSymphony","floor":46},{"not_picked":["RedRainbow+1","MastersStateliness","DiffusionOfMisfortune","CeilingFear","EndlessAdversity"],"picked":"SKIP","floor":47},{"not_picked":["FavorOfDestiny","Stigmanizer","MastersStateliness+1","HunterOfTheNight"],"picked":"EternalNight","floor":48}],"player_experience":510095,"relics_obtained":[{"floor":1.0,"key":"SynthV:TestCard"},{"floor":2.0,"key":"RedBat"},{"floor":8.0,"key":"conspire:GiftBox"},{"floor":9.0,"key":"Golden Egg"},{"floor":11.0,"key":"Whetstone"},{"floor":16.0,"key":"vexMod:InvisibilityCloak"},{"floor":23.0,"key":"The Courier"},{"floor":26.0,"key":"SynthV:C4"},{"floor":28.0,"key":"Boot"},{"floor":30.0,"key":"vexMod:BarristanHead"},{"floor":35.0,"key":"Quantum Egg"},{"floor":39.0,"key":"ReplayTheSpireMod:Ring of Challenge"},{"floor":39.0,"key":"Ring of Fangs"},{"floor":40,"key":"ImprovedEquipment"},{"floor":41,"key":"Bronze Scales"},{"floor":42,"key":"ArrowTower"},{"floor":43,"key":"Gremlin Food"},{"floor":48,"key":"ReplayTheSpireMod:Ninjato"}],"event_choices":[{"damage_healed":0.0,"max_hp_gain":0.0,"max_hp_loss":0.0,"gold_gain":0.0,"event_name":"conspire:Investor","player_choice":"Leave","floor":3.0,"gold_loss":0.0,"damage_taken":0.0},{"damage_healed":0.0,"max_hp_gain":0.0,"max_hp_loss":0.0,"gold_gain":75.0,"event_name":"World of Goop","player_choice":"Gather Gold","floor":10.0,"gold_loss":0.0,"damage_taken":11.0},{"damage_healed":0.0,"max_hp_gain":0.0,"max_hp_loss":0.0,"gold_gain":0.0,"event_name":"Dead Adventurer","player_choice":"Searched \u00271\u0027 times","floor":14.0,"gold_loss":0.0,"damage_taken":0.0,"relics_obtained":["vexMod:MemoryStick"]}],"is_beta":false,"boss_relics":[{"not_picked":["HereWithMe","testmod-EnergyCheck"],"picked":"xbg"},{"not_picked":["Painkiller Herb","MoonlightInvasionPlan"],"picked":"ChewingGum"}],"items_purged_floors":[5,45],"is_endless":false,"potions_floor_spawned":[1,11,13,18,23,30,35,36,41,42],"ascension_level":20}}