{"host":"3j2m8n0ywf988fwb","time":1609837747,"event":{"mods":["2.2 Compatiblity","Act Like it!","Aspiration","Astrologer","BaseMod","Beaked The Cultist","Better Altar","Better Match","Better Note","Better Sensory Stone","Better Skull","Better Third Choice","CCEM","Colored Map","Colored Powertips","Conspire","Energized Spire","Evolution","Fireblade Mod","GifTheSpireLib","Googly Eyes","Halation","Hallownest","Highlight Path","Hubris","Infinite Spire","Jedi Mod","Jorbs\u0027s Wanderer Trilogy","Marisa????????","Marked Mod","Mimic Mod","Minty Spire (QoL Compilation)","Random Character Button","Relic Stats","Replay The Spire","Robot Space Explorer","Shop Mod","Somnambulant","StSLib","Stuff the Spire","The Bug Knight","The Caster","The Hierophant","The Marked","The Runesmith","TheFirefly","Unceasing Turn Reminder","everything is the same but u backflip on backflip"],"gold_per_floor":[111,128,140,140,157,191,191,191,191],"floor_reached":8,"playtime":452,"items_purged":[],"score":70,"play_id":"30b16bfe-ae2b-440e-bc37-ef08a1c07b89","local_time":"20210105030907","is_ascension_mode":true,"campfire_choices":[{"floor":7,"key":"REST"}],"circlet_count":0,"master_deck":["Strike_B","Strike_B","Strike_B","Strike_B","Defend_B","Defend_B","Defend_B","Defend_B","Zap","Dualcast","StuffTheSpire:Purify","Conserve Battery","Gash+1","Streamline","Gash"],"relics":["Cracked Core","EVO:Axolotl","CCEMRelics:OverlyComfyChair"],"acts_visited":["Exordium"],"potions_floor_usage":[6],"damage_taken":[{"damage":7,"enemies":"2 Louse","floor":1,"turns":2},{"damage":0,"enemies":"conspire:RoseBush","floor":2,"turns":3},{"damage":2,"enemies":"Jaw Worm","floor":3,"turns":3},{"damage":8,"enemies":"Large Slime","floor":5,"turns":5},{"damage":51,"enemies":"Gremlin Nob","floor":6,"turns":5},{"damage":30,"enemies":"3 Sentries","floor":8,"turns":5}],"seed_played":"-1638121165531908497","potions_obtained":[{"floor":5,"key":"SkillPotion"}],"is_trial":false,"path_per_floor":["M","M","M","?","M","E","R","E"],"character_chosen":"DEFECT","items_purchased":[],"campfire_rested":1,"item_purchase_floors":[],"current_hp_per_floor":[68,68,66,66,58,7,29,0,0],"gold":191,"neow_bonus":"ONE_RANDOM_RARE_CARD","is_daily":false,"chose_seed":false,"campfire_upgraded":0,"win_rate":0.0,"timestamp":1609837747,"path_taken":["M","M","M","?","M","E","R","E"],"items_purchased_type":[],"build_version":"2020-12-22","purchased_purges":0,"victory":false,"max_hp_per_floor":[75,75,75,75,75,75,75,75,75],"relic_stats":{"counters":[6,23],"obtain_stats":[{"CCEMRelics:OverlyComfyChair":6,"EVO:Axolotl":0,"Cracked Core":0},{"CCEMRelics:OverlyComfyChair":5,"EVO:Axolotl":0,"Cracked Core":0},{"CCEMRelics:OverlyComfyChair":18,"EVO:Axolotl":0,"Cracked Core":0}]},"card_choices":[{"not_picked":["jedi:hex","StuffTheSpire:Plugnplay"],"picked":"Conserve Battery","floor":1},{"not_picked":["Go for the Eyes","Ball Lightning"],"picked":"Gash","floor":2},{"not_picked":["ReplaySolidLightProjector","Heatsinks","StuffTheSpire:LoadUp"],"picked":"SKIP","floor":3},{"not_picked":["Auto Shields","Coolheaded"],"picked":"Streamline","floor":5},{"not_picked":["ReplayRNGCard","StuffTheSpire:LoadUp"],"picked":"Gash","floor":6}],"player_experience":1105622,"relics_obtained":[{"floor":6,"key":"CCEMRelics:OverlyComfyChair"}],"event_choices":[{"damage_healed":0,"gold_gain":0,"player_choice":"Forge","damage_taken":0,"max_hp_gain":0,"max_hp_loss":0,"event_name":"Accursed Blacksmith","floor":4,"gold_loss":0,"cards_upgraded":["Gash"]}],"is_beta":false,"boss_relics":[],"items_purged_floors":[],"is_endless":false,"potions_floor_spawned":[5],"killed_by":"3 Sentries","ascension_level":4}}