{"host":"oqhjdqr9xcmboomw","time":1609833591,"event":{"mods":["2.2 Compatiblity","AchievementEnabler","Act Like it!","Aspiration","BaseMod","Beaked The Cultist","Better Third Choice","Conjunction","Conspire","Disable Question Mark Monsters","Downfall","Elementarium","Energized Spire","GifTheSpireLib","Halation","Hallownest","Hermit","Hubris","Infinite Spire","Jorbs\u0027s Wanderer Trilogy","Mimic Mod","Minty Spire (QoL Compilation)","Random Character Button","Rare Cards Sparkle","Replay The Spire","Spicy Shops","Spikes Relics","StSLib","Stuff the Spire","The Blackbeard","The Blue Laboratory","The Cursed","The Disciple","The Gatherer","The Hierophant","The Judge","The Mystic","The Saiyan","The Wild Card","Unceasing Turn Reminder","Wandering Minibosses","vexMod"],"gold_per_floor":[99,99,99,99,28,28,28,28,60,70,101,121,132,132,151,150,150,150,169,215,215,215,215,215,215],"floor_reached":23,"playtime":798,"items_purged":[],"score":245,"play_id":"a02c8950-eaee-4c08-950d-c1e474a256c1","local_time":"20210105025951","is_ascension_mode":false,"campfire_choices":[{"data":"champ:Taunt","floor":1,"key":"SMITH"},{"data":"champ:Encircle","floor":6,"key":"SMITH"},{"data":"expansioncontent:Flail","floor":8,"key":"SMITH"},{"data":"champ:Devastate","floor":18,"key":"SMITH"}],"circlet_count":0,"master_deck":["champ:Strike","champ:Strike","champ:Strike","champ:Strike","champ:Defend","champ:Defend","champ:Defend","champ:Defend","champ:Execute","champ:Taunt+1","champ:Shatter","champ:Encircle+1","expansioncontent:Flail+1","champ:DeathBlow","champ:GutPunch","StuffTheSpire:Rapture","champ:Devastate+1","hubris:DuctTapeCard","champ:BerserkersShout+1"],"relics":["champ:ChampionCrown","downfall:HeartsMalice","champ:LiftRelic","Replay:Wax Seal","hubris:MysteriousPyramids","beaked:ShinyBauble","Sozu","hubris:DuctTape","MutagenicStrength"],"acts_visited":["Exordium","TheCity"],"potions_floor_usage":[16,16,16],"damage_taken":[{"damage":0,"enemies":"2 Louse","floor":2,"turns":1},{"damage":0,"enemies":"downfall:FleeingMerchant","floor":5,"turns":1},{"damage":0,"enemies":"3 Sentries","floor":9,"turns":1},{"damage":10,"enemies":"Small Slimes","floor":10,"turns":2},{"damage":21,"enemies":"Replay:BlueRogue","floor":11,"turns":4},{"damage":4,"enemies":"Jaw Worm","floor":12,"turns":2},{"damage":0,"enemies":"3 Louse","floor":13,"turns":1},{"damage":4,"enemies":"Gremlin Gang","floor":15,"turns":3},{"damage":50,"enemies":"downfall:Ironclad","floor":16,"turns":4},{"damage":17,"enemies":"Chosen","floor":19,"turns":3},{"damage":58,"enemies":"Shelled Parasite and Fungi","floor":23,"turns":3}],"seed_played":"5932652914451436922","potions_obtained":[{"floor":10,"key":"blueLaboratory:PhilterOfMotion"},{"floor":11,"key":"FearPotion"},{"floor":12,"key":"blueLaboratory:PhilterOfMotion"}],"is_trial":false,"path_per_floor":["R","M","?","?","$","R","T","R","E","M","E","M","M","?","M","B",null,"R","M","?","?","?","M"],"character_chosen":"THE_CHAMP","items_purchased":["Replay:Wax Seal","expansioncontent:Flail"],"campfire_rested":0,"item_purchase_floors":[5,5],"current_hp_per_floor":[90,90,90,90,90,90,90,90,90,90,90,90,90,90,90,59,90,90,90,54,54,54,0,0,0],"gold":215,"neow_bonus":"THREE_ENEMY_KILL","is_daily":false,"chose_seed":false,"campfire_upgraded":4,"win_rate":0.0,"timestamp":1609833591,"path_taken":["R","M","?","?","?","R","T","R","E","?","E","M","M","?","M","BOSS","R","M","?","?","?","?"],"items_purchased_type":["Relic","Card"],"build_version":"2020-12-22","purchased_purges":0,"victory":false,"max_hp_per_floor":[90,90,90,90,90,90,90,90,90,90,90,90,90,90,90,90,90,90,90,90,90,90,90,90,90],"card_choices":[{"not_picked":["champ:Circumvent","champ:FalseCounter"],"picked":"champ:Shatter","floor":2},{"not_picked":["champ:BladeFlurry","champ:EnGarde","champ:DefensiveStyle"],"picked":"SKIP","floor":5},{"not_picked":["champ:Riposte","champ:HeavySlash"],"picked":"champ:DeathBlow","floor":9},{"not_picked":["champ:FanOfKnives","champ:GladiatorsShout","champ:FaceSlap"],"picked":"SKIP","floor":10},{"not_picked":["champ:Backstep","champ:RapidStrikes"],"picked":"champ:GutPunch","floor":11},{"not_picked":["champ:CrownThrow","champ:Haymaker","champ:TornadoPunch"],"picked":"SKIP","floor":12},{"not_picked":["champ:CrookedStrike","champ:IgnorePain"],"picked":"champ:FocusedBerserking","floor":13},{"not_picked":["StuffTheSpire:Innocence","StuffTheSpire:Perfection"],"picked":"StuffTheSpire:Rapture","floor":14},{"not_picked":["champ:FlashCut","champ:GladiatorsShout","champ:PerfectedStrike"],"picked":"SKIP","floor":15},{"not_picked":["champ:Improvising","champ:HeavySlash"],"picked":"champ:Devastate","floor":16},{"not_picked":["champ:FanOfKnives","champ:CrookedStrike+1"],"picked":"champ:BerserkerStyle","floor":19},{"not_picked":["champ:FocusedDefense","champ:GladiatorsShout+1"],"picked":"champ:BerserkersShout+1","floor":20}],"player_experience":1073473,"relics_obtained":[{"floor":7,"key":"hubris:MysteriousPyramids"},{"floor":9,"key":"vexMod:BarristanHead"},{"floor":11,"key":"beaked:ShinyBauble"},{"floor":20,"key":"hubris:DuctTape"}],"event_choices":[{"damage_healed":0,"gold_gain":0,"player_choice":"Inject Mutagens","damage_taken":0,"relics_obtained":["MutagenicStrength"],"max_hp_gain":0,"max_hp_loss":0,"event_name":"Drug Dealer","floor":21,"gold_loss":0},{"damage_healed":0,"gold_gain":0,"player_choice":"Got Potions","damage_taken":0,"max_hp_gain":0,"max_hp_loss":0,"event_name":"Lab","floor":22,"gold_loss":0}],"is_beta":false,"boss_relics":[{"not_picked":["Pandora\u0027s Box","Honey Jar"],"picked":"Sozu"}],"items_purged_floors":[],"is_endless":false,"potions_floor_spawned":[10,11,12],"killed_by":"Shelled Parasite and Fungi","ascension_level":0}}