{"host":"474oh00kq6ni8dn3","time":1609857146,"event":{"mods":["AchievementEnabler","Aspiration","BaseMod","Bestiary","Colored Map","Colored Powertips","Conspire","Custom Start","Defuse TimeMaze Blight","Downfall","Duelist Mod","GifTheSpireLib","Googly Eyes","GungeonMod","Halation","Hubris","Infinite Spire","Jedi Mod","Minty Spire (QoL Compilation)","Permanent Neow","Quick Restart","Random Character Button","Replay The Spire","Shop Mod","StSLib","Stuff the Spire","The Construct","The Factory","The Jungle","Trackpad","Unceasing Turn Reminder","vexMod"],"gold_per_floor":[137,137,155,172,516,516,528,528,528,544,544,544,570,587,587,691,691,691,691],"floor_reached":18,"playtime":986,"items_purged":["theDuelist:Sparks"],"score":244,"play_id":"cbe07e0a-4c68-4943-b9d9-b434597765de","local_time":"20210105143226","is_ascension_mode":true,"campfire_choices":[{"data":"theDuelist:DiffusionWaveMotion","floor":8.0,"key":"SMITH"},{"data":"theDuelist:TimeWizard","floor":12.0,"key":"SMITH"},{"data":"theDuelist:Yami","floor":15.0,"key":"SMITH"}],"circlet_count":0,"master_deck":["theDuelist:NeoMagic+1","theDuelist:MysticalElf+1","theDuelist:DiffusionWaveMotion+1","theDuelist:TimeWizard+1","theDuelist:CastleWalls+1","theDuelist:DarkMagician+1","theDuelist:Yami+1","theDuelist:DarkSparks+1","theDuelist:CastleWalls","theDuelist:MysticalElf","theDuelist:NeoMagic","theDuelist:Sparks","theDuelist:ExodiaLL","theDuelist:ContractExodia","theDuelist:ExodiaNecross"],"relics":["theDuelist:MillenniumPuzzle","StuffTheSpire:OccultApparatus","MerchantsRug","conspire:BottledYoYo","DemoMod:MonsterBlood","Velvet Choker"],"acts_visited":["Exordium","TheCity"],"potions_floor_usage":[],"damage_taken":[{"damage":0.0,"enemies":"Small Slimes","floor":1.0,"turns":3.0},{"damage":0.0,"enemies":"Cultist","floor":3.0,"turns":4.0},{"damage":0.0,"enemies":"2 Louse","floor":4.0,"turns":2.0},{"damage":2.0,"enemies":"Red Slaver","floor":7.0,"turns":5.0},{"damage":0.0,"enemies":"Looter","floor":10.0,"turns":4.0},{"damage":1.0,"enemies":"Lagavulin","floor":13.0,"turns":8.0},{"damage":0.0,"enemies":"3 Louse","floor":14.0,"turns":3.0},{"damage":0.0,"enemies":"Slime Boss","floor":16.0,"turns":9.0},{"damage":18,"enemies":"3 Byrds","floor":18,"turns":3}],"seed_played":"52976993481645829","potions_obtained":[{"floor":7.0,"key":"theDuelist:BurningPotionB"},{"floor":10.0,"key":"theDuelist:OrbBottle"},{"floor":11.0,"key":"DemoMod:LeadSkinPotion"},{"floor":11.0,"key":"Adrenaline Potion"},{"floor":16.0,"key":"Energy Potion"}],"is_trial":false,"path_per_floor":["M","?","M","M","$","?","M","R","T","M","?","R","E","M","R","B",null,"M"],"character_chosen":"THE_DUELIST","items_purchased":["MerchantsRug"],"campfire_rested":0,"item_purchase_floors":[5],"current_hp_per_floor":[80,80,80,80,80,80,78,78,78,78,78,78,84,84,84,84,87,69,69],"gold":691,"neow_bonus":"NOSTALGIA","is_daily":false,"chose_seed":false,"campfire_upgraded":3,"win_rate":0.0,"timestamp":1609857146,"path_taken":["M","?","?","M","$","?","M","R","T","M","?","R","E","M","R","BOSS","M"],"items_purchased_type":["Relic"],"build_version":"2020-12-22","purchased_purges":1,"victory":false,"max_hp_per_floor":[80,80,80,80,80,80,80,80,80,80,80,80,87,87,87,87,87,87,87],"card_choices":[{"not_picked":["theDuelist:InfernoFireBlast","theDuelist:MagiciansRod","theDuelist:MagiciansRobe","theDuelist:WonderWand"],"picked":"theDuelist:DiffusionWaveMotion","floor":1.0},{"not_picked":["theDuelist:BlizzardWarrior","theDuelist:NeoMagic","theDuelist:Mudballman","theDuelist:DarkMagicianGirl"],"picked":"theDuelist:ExodiaLL","floor":1.0},{"not_picked":["theDuelist:Wildfire","theDuelist:InfernoFireBlast","theDuelist:CircleFireKings","theDuelist:SwordsRevealing"],"picked":"theDuelist:ContractExodia","floor":3.0},{"not_picked":["theDuelist:SpellShatteringArrow","theDuelist:NeoMagic","theDuelist:InjectionFairy","theDuelist:DarkMagician","theDuelist:MythicalBeast"],"picked":"SKIP","floor":4.0},{"not_picked":["theDuelist:SpellShatteringArrow","theDuelist:WhiteMagicalHat","theDuelist:LordD","theDuelist:AltarTribute","theDuelist:FogKing"],"picked":"SKIP","floor":7.0},{"not_picked":["theDuelist:VoidExpansion","theDuelist:BadReaction","theDuelist:WonderWand","theDuelist:MagiciansRod"],"picked":"theDuelist:TimeWizard","floor":10.0},{"not_picked":["theDuelist:InariFire","theDuelist:MindAir","theDuelist:BadReaction"],"picked":"theDuelist:Yami","floor":13.0},{"not_picked":["theDuelist:WingedKuriboh","theDuelist:Terraforming","theDuelist:BlueBloodedOni","theDuelist:RedMedicine","theDuelist:WormBarses"],"picked":"SKIP","floor":14.0},{"not_picked":["theDuelist:WingedKuriboh","theDuelist:Terraforming","theDuelist:BlueBloodedOni","theDuelist:RedMedicine","theDuelist:WormBarses"],"picked":"SKIP","floor":14.0},{"not_picked":["theDuelist:Wildfire","theDuelist:QueenDragunDjinn","theDuelist:GrandSpellbookTower","theDuelist:IceQueen"],"picked":"theDuelist:ExodiaNecross","floor":16.0}],"player_experience":81133,"relics_obtained":[{"floor":9.0,"key":"conspire:BottledYoYo"},{"floor":13.0,"key":"DemoMod:MonsterBlood"}],"event_choices":[{"damage_healed":0.0,"max_hp_gain":0.0,"max_hp_loss":0.0,"gold_gain":0.0,"event_name":"Relic Duplicator","player_choice":"Leave","duelist":true,"floor":2.0,"gold_loss":0.0,"damage_taken":0.0},{"damage_healed":0.0,"max_hp_gain":0.0,"max_hp_loss":0.0,"gold_gain":0.0,"event_name":"Lab","player_choice":"Got Potions","floor":11.0,"gold_loss":0.0,"damage_taken":0.0}],"is_beta":false,"boss_relics":[{"not_picked":["vexMod:ImprovementManual","conspire:RoyalGoblet"],"picked":"Velvet Choker"}],"items_purged_floors":[5],"is_endless":false,"potions_floor_spawned":[7,10,16],"killed_by":"3 Byrds","ascension_level":3}}