{"host":"sl4rf9j4s63ev6os","time":1609832338,"event":{"mods":["AchievementEnabler","BaseMod","Colored Map","Colored Powertips","DeckTracker","Minty Spire (QoL Compilation)","Relic Sorter"],"gold_per_floor":[118,131,149,149,149,182,182,195,195,229,241,258,35,54,54,157,157,174,74,74,124,137,163,163,163,163],"floor_reached":25,"playtime":2697,"items_purged":["Defend_P","Strike_P"],"score":233,"play_id":"f6cc5905-08c4-4b04-ab5a-86b5c35586e7","local_time":"20210105173858","is_ascension_mode":false,"campfire_choices":[{"data":"PathToVictory","floor":7,"key":"SMITH"},{"data":"FlurryOfBlows","floor":15,"key":"SMITH"},{"data":"Crescendo","floor":24,"key":"SMITH"}],"circlet_count":0,"master_deck":["Strike_P","Strike_P","Strike_P","Defend_P","Defend_P","Defend_P","Eruption+1","Vigilance","ReachHeaven","PathToVictory+1","Prostrate","Prostrate","EmptyBody","FlurryOfBlows+1","Halt","Evaluate","Devotion","InnerPeace","Crescendo+1"],"relics":["HolyWater","Lantern","Pantograph","Letter Opener","Shuriken","Matryoshka","Bag of Preparation","Juzu Bracelet"],"acts_visited":["Exordium","TheCity"],"potions_floor_usage":[6,14,16,18,22],"damage_taken":[{"damage":0,"enemies":"2 Louse","floor":1,"turns":2},{"damage":0,"enemies":"Small Slimes","floor":2,"turns":2},{"damage":1,"enemies":"Cultist","floor":3,"turns":3},{"damage":38,"enemies":"3 Sentries","floor":6,"turns":10},{"damage":0,"enemies":"Gremlin Gang","floor":8,"turns":4},{"damage":6,"enemies":"Lagavulin","floor":10,"turns":5},{"damage":0,"enemies":"Exordium Thugs","floor":11,"turns":2},{"damage":0,"enemies":"Blue Slaver","floor":12,"turns":3},{"damage":0,"enemies":"Lots of Slimes","floor":14,"turns":1},{"damage":27,"enemies":"The Guardian","floor":16,"turns":8},{"damage":6,"enemies":"Shell Parasite","floor":18,"turns":2},{"damage":0,"enemies":"Spheric Guardian","floor":22,"turns":3},{"damage":40,"enemies":"Slavers","floor":23,"turns":5},{"damage":40,"enemies":"Snake Plant","floor":25,"turns":3}],"seed_played":"-3519857604899357979","potions_obtained":[{"floor":1,"key":"Strength Potion"},{"floor":10,"key":"BlessingOfTheForge"},{"floor":12,"key":"Energy Potion"},{"floor":16,"key":"Fruit Juice"},{"floor":18,"key":"LiquidMemories"}],"is_trial":false,"path_per_floor":["M","M","M","?","?","E","R","M","T","E","M","M","$","M","R","B",null,"M","$","?","?","M","E","R","M"],"character_chosen":"WATCHER","items_purchased":["Bag of Preparation"],"campfire_rested":0,"item_purchase_floors":[13],"current_hp_per_floor":[72,72,71,53,53,15,15,15,15,9,9,9,9,9,9,7,72,71,71,71,71,71,31,31,0,0],"gold":163,"neow_bonus":"RANDOM_COMMON_RELIC","is_daily":false,"chose_seed":false,"campfire_upgraded":3,"win_rate":0.0,"timestamp":1609832338,"path_taken":["M","M","M","?","?","E","R","?","T","E","M","M","$","?","R","BOSS","M","$","?","?","M","E","R","M"],"items_purchased_type":["Relic"],"build_version":"2020-12-22","purchased_purges":2,"victory":false,"max_hp_per_floor":[72,72,72,72,72,72,72,72,72,72,72,72,72,72,72,72,72,77,77,77,77,77,77,77,77,77],"card_choices":[{"not_picked":["ThirdEye","CarveReality"],"picked":"ReachHeaven","floor":1},{"not_picked":["Wallop","LikeWater"],"picked":"PathToVictory","floor":2},{"not_picked":["CrushJoints","SignatureMove"],"picked":"Prostrate","floor":3},{"not_picked":["ForeignInfluence","Sanctity"],"picked":"Prostrate","floor":6},{"not_picked":["SashWhip","SandsOfTime"],"picked":"EmptyBody","floor":8},{"not_picked":["DevaForm","WindmillStrike"],"picked":"FlurryOfBlows","floor":10},{"not_picked":["WaveOfTheHand","Consecrate"],"picked":"Halt","floor":11},{"not_picked":["Meditate","Halt"],"picked":"Evaluate","floor":12},{"not_picked":["JustLucky","Perseverance","Protect"],"picked":"SKIP","floor":14},{"not_picked":["Judgement","Brilliance"],"picked":"Devotion","floor":16},{"not_picked":["SashWhip","BowlingBash"],"picked":"InnerPeace","floor":18},{"not_picked":["WaveOfTheHand","Halt"],"picked":"Crescendo","floor":22},{"not_picked":["Swivel","Consecrate","Meditate+1"],"picked":"SKIP","floor":23}],"player_experience":166065,"relics_obtained":[{"floor":6,"key":"Letter Opener"},{"floor":9,"key":"Shuriken"},{"floor":10,"key":"Matryoshka"},{"floor":23,"key":"Juzu Bracelet"}],"event_choices":[{"damage_healed":0,"gold_gain":0,"player_choice":"Success","damage_taken":18,"relics_obtained":["Pantograph"],"max_hp_gain":0,"max_hp_loss":0,"event_name":"Scrap Ooze","floor":4,"gold_loss":0},{"damage_healed":0,"gold_gain":0,"player_choice":"Forge","damage_taken":0,"max_hp_gain":0,"max_hp_loss":0,"event_name":"Accursed Blacksmith","floor":5,"gold_loss":0,"cards_upgraded":["Eruption"]},{"damage_healed":0,"gold_gain":100,"player_choice":"Bet on Murderer","damage_taken":0,"max_hp_gain":0,"max_hp_loss":0,"event_name":"The Joust","floor":21,"gold_loss":50}],"is_beta":false,"boss_relics":[{"not_picked":["Runic Dome","SacredBark"],"picked":"HolyWater"}],"items_purged_floors":[13,19],"is_endless":false,"potions_floor_spawned":[1,10,12,16,18],"killed_by":"Snake Plant","ascension_level":0}}