{"host":"xes75gx807s8gyhc","time":1609815876,"event":{"mods":["AchievementEnabler","BaseMod","Colored Powertips","Curses Come First","Minty Spire (QoL Compilation)","Rare Cards Sparkle","Relic Stats","StSLib","Unceasing Turn Reminder","everything is the same but u backflip on backflip"],"gold_per_floor":[117,117,71,86,105,105,134,146,170,235,235,235,264,281,281,379,379,393,393,413,38,58,58,86,98,144,155,155,166,200,218,218,316,366,386,386,403,453,327,327,359,373,398,398,98,129,129,140,140,140],"floor_reached":51,"playtime":2246,"items_purged":["Strike_B","Strike_B"],"score":882,"play_id":"acd09966-6ce0-4bd7-ba29-457e4be8788b","local_time":"20210104190436","is_ascension_mode":false,"campfire_choices":[{"data":"Dualcast","floor":6.0,"key":"SMITH"},{"data":"Doom and Gloom","floor":11.0,"key":"SMITH"},{"data":"Rainbow","floor":15.0,"key":"SMITH"},{"data":"Buffer","floor":23.0,"key":"SMITH"},{"data":"Biased Cognition","floor":28.0,"key":"SMITH"},{"floor":32.0,"key":"REST"},{"data":"Capacitor","floor":40.0,"key":"SMITH"},{"data":"Capacitor","floor":44.0,"key":"SMITH"},{"data":"Glacier","floor":47.0,"key":"SMITH"},{"data":"Creative AI","floor":49.0,"key":"SMITH"}],"circlet_count":0,"master_deck":["Strike_B","Defend_B","Defend_B+1","Defend_B","Defend_B+1","Zap","Dualcast+1","Ball Lightning","Gash","Ball Lightning","Doom and Gloom+1","Cold Snap","Machine Learning","Rainbow+1","Capacitor+1","Biased Cognition+1","Barrage+1","FTL","Buffer+1","Cold Snap","Electrodynamics","Aggregate+1","Storm","Aggregate+1","Glacier+1","Reinforced Body+1","Creative AI+1","Storm+1","Coolheaded+1","Coolheaded+1","Capacitor+1","Glacier","White Noise+1"],"relics":["Cracked Core","Boot","MealTicket","Potion Belt","Happy Flower","Nunchaku","Black Star","Lee\u0027s Waffle","Anchor","White Beast Statue","Bag of Marbles","Regal Pillow","Pen Nib","Tiny House","Letter Opener","StoneCalendar","War Paint","Mango","Bronze Scales","FossilizedHelix","Shuriken","PreservedInsect"],"acts_visited":["Exordium","TheCity","TheBeyond"],"potions_floor_usage":[50,50,50,50,50],"damage_taken":[{"damage":0.0,"enemies":"Small Slimes","floor":1.0,"turns":3.0},{"damage":1.0,"enemies":"Cultist","floor":4.0,"turns":3.0},{"damage":1.0,"enemies":"Jaw Worm","floor":5.0,"turns":2.0},{"damage":13.0,"enemies":"3 Sentries","floor":7.0,"turns":6.0},{"damage":10.0,"enemies":"Looter","floor":8.0,"turns":2.0},{"damage":6.0,"enemies":"Lagavulin Event","floor":10.0,"turns":5.0},{"damage":6.0,"enemies":"Lagavulin","floor":13.0,"turns":6.0},{"damage":3.0,"enemies":"Red Slaver","floor":14.0,"turns":2.0},{"damage":0.0,"enemies":"Slime Boss","floor":16.0,"turns":5.0},{"damage":10.0,"enemies":"Chosen","floor":18.0,"turns":3.0},{"damage":0.0,"enemies":"2 Thieves","floor":20.0,"turns":3.0},{"damage":28.0,"enemies":"Snake Plant","floor":22.0,"turns":4.0},{"damage":22.0,"enemies":"Book of Stabbing","floor":24.0,"turns":5.0},{"damage":2.0,"enemies":"Sentry and Sphere","floor":25.0,"turns":5.0},{"damage":0.0,"enemies":"Chosen and Byrds","floor":27.0,"turns":4.0},{"damage":8.0,"enemies":"Shelled Parasite and Fungi","floor":29.0,"turns":4.0},{"damage":2.0,"enemies":"Slavers","floor":30.0,"turns":4.0},{"damage":0.0,"enemies":"Centurion and Healer","floor":31.0,"turns":6.0},{"damage":40.0,"enemies":"Collector","floor":33.0,"turns":8.0},{"damage":8.0,"enemies":"3 Darklings","floor":35.0,"turns":5.0},{"damage":6.0,"enemies":"Orb Walker","floor":37.0,"turns":3.0},{"damage":0.0,"enemies":"Mind Bloom Boss Battle","floor":38.0,"turns":5.0},{"damage":28.0,"enemies":"Reptomancer","floor":41.0,"turns":6.0},{"damage":0.0,"enemies":"Sphere and 2 Shapes","floor":42.0,"turns":2.0},{"damage":0.0,"enemies":"Giant Head","floor":46.0,"turns":7.0},{"damage":3.0,"enemies":"Jaw Worm Horde","floor":48.0,"turns":3.0},{"damage":9,"enemies":"Time Eater","floor":50,"turns":7}],"seed_played":"-6572749005764388928","potions_obtained":[{"floor":1.0,"key":"Block Potion"},{"floor":4.0,"key":"Weak Potion"},{"floor":7.0,"key":"EssenceOfSteel"},{"floor":16.0,"key":"Block Potion"},{"floor":20.0,"key":"ColorlessPotion"},{"floor":24.0,"key":"Block Potion"},{"floor":25.0,"key":"LiquidBronze"},{"floor":27.0,"key":"Swift Potion"},{"floor":29.0,"key":"Dexterity Potion"},{"floor":30.0,"key":"EssenceOfSteel"},{"floor":31.0,"key":"Energy Potion"},{"floor":33.0,"key":"Swift Potion"},{"floor":34.0,"key":"Fire Potion"},{"floor":35.0,"key":"Energy Potion"},{"floor":38.0,"key":"FocusPotion"},{"floor":41.0,"key":"DuplicationPotion"},{"floor":42.0,"key":"Ancient Potion"},{"floor":46.0,"key":"AttackPotion"},{"floor":48.0,"key":"EssenceOfDarkness"}],"is_trial":false,"path_per_floor":["M","?","$","M","M","R","E","M","T","?","R","?","E","M","R","B",null,"M","?","M","$","M","R","E","M","T","M","R","M","E","M","R","B",null,"M","T","M","?","$","R","E","M","T","R","$","E","R","M","R","B",null],"character_chosen":"DEFECT","items_purchased":["Ball Lightning","Lee\u0027s Waffle","Buffer","Coolheaded","FossilizedHelix"],"campfire_rested":1,"item_purchase_floors":[3,21,21,39,45],"current_hp_per_floor":[82,82,82,81,80,80,67,57,57,51,51,56,50,47,47,47,87,77,77,77,94,66,66,44,42,42,42,42,34,32,32,75,35,99,91,91,85,85,99,99,85,85,85,85,100,100,100,97,97,88],"gold":140,"neow_bonus":"TEN_PERCENT_HP_BONUS","is_daily":false,"chose_seed":false,"campfire_upgraded":9,"win_rate":0.0,"timestamp":1609815876,"path_taken":["M","?","$","?","M","R","E","M","T","?","R","?","E","M","R","BOSS","M","?","M","$","M","R","E","?","T","M","R","M","E","M","R","BOSS","M","?","M","?","$","R","E","M","T","R","$","E","R","M","R","BOSS"],"items_purchased_type":["Card","Relic","Card","Card","Relic"],"build_version":"2020-12-22","purchased_purges":2,"victory":true,"max_hp_per_floor":[82,82,82,82,82,82,82,82,82,82,82,87,87,87,87,87,87,87,87,87,94,94,94,94,94,94,94,94,94,94,94,94,94,99,99,99,99,99,99,99,113,113,113,113,113,113,113,113,113,113],"relic_stats":{"Lee\u0027s Waffle":7,"Regal Pillow":15,"Happy Flower":[32],"counters":[27,118],"StoneCalendar":[33],"Pen Nib":[6],"PreservedInsect":0,"Letter Opener":[5],"War Paint":["Defend_B","Coolheaded"],"Boot":[59],"Nunchaku":[13],"Shuriken":[1],"Bronze Scales":[60],"MealTicket":39,"Black Star":4,"obtain_stats":[{"Potion Belt":9,"Lee\u0027s Waffle":21,"Regal Pillow":30,"Tiny House":34,"Happy Flower":10,"StoneCalendar":38,"Mango":41,"Pen Nib":30,"PreservedInsect":46,"Letter Opener":36,"War Paint":41,"Boot":2,"White Beast Statue":24,"Nunchaku":13,"Anchor":24,"Shuriken":46,"Bronze Scales":43,"MealTicket":7,"Black Star":17,"Bag of Marbles":26,"Cracked Core":0,"FossilizedHelix":45},{"Potion Belt":5,"Lee\u0027s Waffle":11,"Regal Pillow":17,"Tiny House":19,"Happy Flower":6,"StoneCalendar":22,"Mango":23,"Pen Nib":17,"PreservedInsect":25,"Letter Opener":20,"War Paint":23,"Boot":1,"White Beast Statue":13,"Nunchaku":7,"Anchor":13,"Shuriken":25,"Bronze Scales":24,"MealTicket":4,"Black Star":9,"Bag of Marbles":14,"Cracked Core":0,"FossilizedHelix":24},{"Potion Belt":16,"Lee\u0027s Waffle":40,"Regal Pillow":66,"Tiny House":80,"Happy Flower":21,"StoneCalendar":93,"Mango":99,"Pen Nib":66,"PreservedInsect":108,"Letter Opener":85,"War Paint":99,"Boot":3,"White Beast Statue":49,"Nunchaku":27,"Anchor":49,"Shuriken":108,"Bronze Scales":101,"MealTicket":14,"Black Star":34,"Bag of Marbles":54,"Cracked Core":0,"FossilizedHelix":101}]},"card_choices":[{"not_picked":["Consume","Lockon"],"picked":"Conserve Battery","floor":1.0},{"not_picked":["Melter","Go for the Eyes"],"picked":"Gash","floor":4.0},{"not_picked":["Stack","Hello World"],"picked":"Ball Lightning","floor":5.0},{"not_picked":["Steam Power","Loop"],"picked":"Doom and Gloom","floor":7.0},{"not_picked":["Lockon","Beam Cell"],"picked":"Cold Snap","floor":8.0},{"not_picked":["Compile Driver","Ball Lightning"],"picked":"Machine Learning","floor":10.0},{"not_picked":["Rip and Tear","Chill"],"picked":"Rainbow","floor":13.0},{"not_picked":["Steam","Coolheaded"],"picked":"Capacitor","floor":14.0},{"not_picked":["Rainbow","Fission"],"picked":"Biased Cognition","floor":16.0},{"not_picked":["Redo","Conserve Battery"],"picked":"Barrage+1","floor":18.0},{"not_picked":["Hologram","Stack+1"],"picked":"FTL","floor":20.0},{"not_picked":["Stack","Steam"],"picked":"Cold Snap","floor":22.0},{"not_picked":["FTL","Tempest"],"picked":"Electrodynamics","floor":24.0},{"not_picked":["Go for the Eyes","Consume"],"picked":"Aggregate+1","floor":25.0},{"not_picked":["Sweeping Beam","Reprogram"],"picked":"Storm","floor":27.0},{"not_picked":["Gash","BootSequence"],"picked":"Aggregate+1","floor":29.0},{"not_picked":["Chill+1","Fission"],"picked":"Glacier","floor":30.0},{"not_picked":["Go for the Eyes","Ball Lightning"],"picked":"Reinforced Body+1","floor":31.0},{"not_picked":["Electrodynamics","Reboot"],"picked":"Creative AI","floor":33.0},{"not_picked":["Redo+1","Beam Cell","Melter"],"picked":"SKIP","floor":35.0},{"not_picked":["Conserve Battery","Sweeping Beam+1"],"picked":"Storm+1","floor":37.0},{"not_picked":["White Noise","Multi-Cast"],"picked":"Coolheaded+1","floor":41.0},{"not_picked":["Gash+1","Skim"],"picked":"Capacitor","floor":42.0},{"not_picked":["Double Energy","Genetic Algorithm"],"picked":"Glacier","floor":46.0},{"not_picked":["Self Repair+1","Aggregate"],"picked":"White Noise+1","floor":48.0}],"player_experience":4981,"relics_obtained":[{"floor":7.0,"key":"MealTicket"},{"floor":9.0,"key":"Potion Belt"},{"floor":10.0,"key":"Happy Flower"},{"floor":13.0,"key":"Nunchaku"},{"floor":24.0,"key":"Anchor"},{"floor":24.0,"key":"White Beast Statue"},{"floor":26.0,"key":"Bag of Marbles"},{"floor":30.0,"key":"Regal Pillow"},{"floor":30.0,"key":"Pen Nib"},{"floor":36.0,"key":"Letter Opener"},{"floor":38.0,"key":"StoneCalendar"},{"floor":41.0,"key":"War Paint"},{"floor":41.0,"key":"Mango"},{"floor":43.0,"key":"Bronze Scales"},{"floor":46.0,"key":"Shuriken"},{"floor":46.0,"key":"PreservedInsect"}],"event_choices":[{"cards_removed":["Conserve Battery"],"damage_healed":0.0,"max_hp_gain":0.0,"max_hp_loss":0.0,"gold_gain":0.0,"event_name":"WeMeetAgain","player_choice":"Gave Card","floor":2.0,"gold_loss":0.0,"damage_taken":0.0,"relics_obtained":["Boot"]},{"damage_healed":0.0,"max_hp_gain":0.0,"max_hp_loss":0.0,"gold_gain":30.0,"event_name":"Dead Adventurer","player_choice":"Searched \u00273\u0027 times","floor":10.0,"gold_loss":0.0,"damage_taken":0.0},{"damage_healed":0.0,"max_hp_gain":5.0,"max_hp_loss":0.0,"gold_gain":0.0,"event_name":"Big Fish","player_choice":"Donut","floor":12.0,"gold_loss":0.0,"damage_taken":0.0},{"cards_removed":["Strike_B"],"damage_healed":0.0,"max_hp_gain":0.0,"max_hp_loss":0.0,"gold_gain":0.0,"event_name":"Purifier","player_choice":"Purged","floor":19.0,"gold_loss":0.0,"damage_taken":0.0},{"damage_healed":0.0,"max_hp_gain":0.0,"max_hp_loss":0.0,"gold_gain":0.0,"event_name":"MindBloom","player_choice":"Fight","floor":38.0,"gold_loss":0.0,"damage_taken":0.0}],"is_beta":false,"boss_relics":[{"not_picked":["Empty Cage","Busted Crown"],"picked":"Black Star"},{"not_picked":["Nuclear Battery","Sozu"],"picked":"Tiny House"}],"items_purged_floors":[21,39],"is_endless":false,"potions_floor_spawned":[1,4,7,16,20,24,25,27,29,30,31,33,35,37,38,41,42,46,48],"ascension_level":0}}