{"host":"i1h39d0gfh5c6uxl","time":1609871140,"event":{"mods":["AchievementEnabler","BaseMod","Colored Map","Colored Powertips","Highlight Path","Minty Spire (QoL Compilation)"],"gold_per_floor":[110,110,129,19,0,0,27,27,51,95,107,119,166,188,200,289,301,328,390,422,164,181,181,208,208,208],"floor_reached":25,"playtime":1028,"items_purged":["Strike_R"],"score":524,"play_id":"ee21082f-a33f-46fe-a973-bf3c03b41090","local_time":"20210106022540","is_ascension_mode":true,"campfire_choices":[{"data":"Armaments","floor":6.0,"key":"SMITH"},{"data":"Bash","floor":8.0,"key":"SMITH"},{"floor":12.0,"key":"REST"},{"data":"Bludgeon","floor":15.0,"key":"SMITH"},{"data":"Demon Form","floor":23,"key":"SMITH"}],"circlet_count":0,"master_deck":["AscendersBane","Strike_R","Strike_R","Strike_R","Strike_R","Defend_R","Defend_R","Defend_R","Bash+1","Armaments+1","Pommel Strike","Rampage","Pommel Strike","Bludgeon+1","Evolve","Demon Form+1","Shrug It Off","Cleave"],"relics":["Burning Blood","NeowsBlessing","Potion Belt","MawBank","Bag of Marbles","Boot","Busted Crown","Lee\u0027s Waffle","HornCleat"],"acts_visited":["Exordium","TheCity"],"potions_floor_usage":[16,18,24,24],"damage_taken":[{"damage":0.0,"enemies":"Jaw Worm","floor":1.0,"turns":1.0},{"damage":0.0,"enemies":"2 Louse","floor":3.0,"turns":1.0},{"damage":0.0,"enemies":"Lagavulin","floor":7.0,"turns":1.0},{"damage":40.0,"enemies":"3 Sentries","floor":10.0,"turns":8.0},{"damage":8.0,"enemies":"Gremlin Nob","floor":13.0,"turns":3.0},{"damage":0.0,"enemies":"Cultist","floor":14.0,"turns":2.0},{"damage":32,"enemies":"Slime Boss","floor":16,"turns":8},{"damage":23,"enemies":"Spheric Guardian","floor":18,"turns":4},{"damage":7,"enemies":"Chosen","floor":20,"turns":3},{"damage":32,"enemies":"Snecko","floor":22,"turns":4},{"damage":43,"enemies":"Slavers","floor":24,"turns":6},{"damage":26,"enemies":"3 Cultists","floor":25,"turns":3}],"seed_played":"-7998092540909578574","potions_obtained":[{"floor":3.0,"key":"DuplicationPotion"},{"floor":13.0,"key":"Swift Potion"},{"floor":16,"key":"PowerPotion"},{"floor":18,"key":"Strength Potion"},{"floor":22,"key":"FearPotion"}],"is_trial":false,"path_per_floor":["M","?","M","$","?","R","E","R","T","E","?","R","E","M","R","B",null,"M","?","M","$","M","R","E","M"],"character_chosen":"IRONCLAD","items_purchased":["Pommel Strike","Rampage","Shrug It Off","Lee\u0027s Waffle"],"campfire_rested":1,"item_purchase_floors":[4,4,21,21],"current_hp_per_floor":[74,67,73,73,73,73,75,75,75,41,41,63,61,67,67,41,67,50,50,49,82,56,56,19,0,0],"gold":208,"neow_bonus":"THREE_ENEMY_KILL","is_daily":false,"chose_seed":false,"campfire_upgraded":4,"win_rate":0.0,"timestamp":1609871140,"path_taken":["M","?","M","$","?","R","E","R","T","E","?","R","E","M","R","BOSS","M","?","M","?","M","R","E","M"],"items_purchased_type":["Card","Card","Card","Relic"],"build_version":"2020-12-22","purchased_purges":1,"victory":false,"max_hp_per_floor":[75,75,75,75,75,75,75,75,75,75,75,75,75,75,75,75,75,75,75,75,82,82,82,82,82,82],"card_choices":[{"not_picked":["Perfected Strike","Seeing Red"],"picked":"Armaments","floor":1.0},{"not_picked":["Havoc","Armaments","Rage"],"picked":"SKIP","floor":3.0},{"not_picked":["Combust","Warcry"],"picked":"Pommel Strike","floor":7.0},{"not_picked":["Sentinel","Blood for Blood","Pommel Strike"],"picked":"SKIP","floor":10.0},{"not_picked":["Body Slam","Cleave"],"picked":"Bludgeon","floor":13.0},{"not_picked":["Wild Strike","Headbutt"],"picked":"Evolve","floor":14.0},{"not_picked":["Limit Break","Reaper"],"picked":"Demon Form","floor":16},{"not_picked":["Sever Soul"],"picked":"SKIP","floor":18},{"not_picked":["Iron Wave"],"picked":"SKIP","floor":20},{"not_picked":["Inflame"],"picked":"SKIP","floor":22},{"not_picked":[],"picked":"Cleave","floor":24}],"player_experience":1311381,"relics_obtained":[{"floor":7.0,"key":"Potion Belt"},{"floor":9.0,"key":"MawBank"},{"floor":10.0,"key":"Bag of Marbles"},{"floor":13.0,"key":"Boot"},{"floor":24,"key":"HornCleat"}],"event_choices":[{"cards_removed":["Defend_R"],"damage_healed":0.0,"max_hp_gain":0.0,"max_hp_loss":0.0,"gold_gain":0.0,"event_name":"Golden Wing","player_choice":"Card Removal","floor":2.0,"gold_loss":0.0,"damage_taken":7.0},{"damage_healed":0.0,"max_hp_gain":0.0,"max_hp_loss":0.0,"gold_gain":0.0,"event_name":"World of Goop","player_choice":"Left Gold","floor":5.0,"gold_loss":19.0,"damage_taken":0.0},{"damage_healed":0.0,"max_hp_gain":0.0,"max_hp_loss":0.0,"gold_gain":0.0,"event_name":"Dead Adventurer","player_choice":"Searched \u00270\u0027 times","floor":11.0,"gold_loss":0.0,"damage_taken":0.0},{"damage_healed":0,"gold_gain":100,"player_choice":"Bet on Murderer","damage_taken":0,"max_hp_gain":0,"max_hp_loss":0,"event_name":"The Joust","floor":19,"gold_loss":50}],"is_beta":false,"boss_relics":[{"not_picked":["Empty Cage","Ectoplasm"],"picked":"Busted Crown"}],"items_purged_floors":[21],"is_endless":false,"potions_floor_spawned":[3,13,16,18,22],"killed_by":"3 Cultists","ascension_level":20}}