{"host":"8pjvbxl6xo882v42","time":1609865498,"event":{"mods":["AchievementEnabler","BaseMod","Minty Spire (QoL Compilation)","StSLib","The Cursed"],"gold_per_floor":[19,31,31,55,80,94,127,127,207,207,227,263,277,308,308,428,428,443,521,521,126,51,98,98,134,134,155,171,220,263,292,292,431,431,454,676,586,77,100,131,165,165,165,207,207,207,207,250,250,250,250,250,22,62,62],"floor_reached":56,"playtime":4431,"items_purged":["Regret","TheCursedMod:Strike_TheCursed","TheCursedMod:Strike_TheCursed"],"score":1732,"play_id":"fb0a28e9-1e64-4433-89ef-d4eedc6272d8","local_time":"20210105175138","is_ascension_mode":true,"campfire_choices":[{"data":"TheCursedMod:FleshFromBone","floor":8.0,"key":"SMITH"},{"data":"1","floor":15.0,"key":"LIFT"},{"data":"2","floor":24.0,"key":"LIFT"},{"data":"3","floor":32.0,"key":"LIFT"},{"floor":42.0,"key":"RECALL"},{"data":"TheCursedMod:DarkBarrier","floor":46.0,"key":"SMITH"},{"data":"TheCursedMod:DarkBarrier","floor":49.0,"key":"SMITH"},{"data":"TheCursedMod:VoidForm","floor":52.0,"key":"SMITH"}],"circlet_count":0,"master_deck":["TheCursedMod:Strike_TheCursed","TheCursedMod:Defend_TheCursed","TheCursedMod:Defend_TheCursed","TheCursedMod:Defend_TheCursed","TheCursedMod:CursedWand","TheCursedMod:CleanUpWorkshop","TheCursedMod:Dregs","TheCursedMod:WearCloak","TheCursedMod:CursedShiv","TheCursedMod:CursedBoomerang+1","TheCursedMod:SpitefulStrike","TheCursedMod:CursedShiv","TheCursedMod:FleshFromBone+1","TheCursedMod:CursedMace","TheCursedMod:FleshFromBone","TheCursedMod:SurpriseAttack+1","TheCursedMod:CursedShiv","TheCursedMod:DarkBarrier+1","TheCursedMod:FleshFromBone+1","Necronomicurse","TheCursedMod:CursedAmulet","TheCursedMod:SpitefulStrike","TheCursedMod:StunningStrike+1","TheCursedMod:SpitefulPray+1","TheCursedMod:WearCloak+1","TheCursedMod:VoidForm+1","TheCursedMod:TroublousMinions+1","TheCursedMod:SpitefulPlan+1","TheCursedMod:LuckyCharm+1","TheCursedMod:DarkBarrier+1","TheCursedMod:HellfireBreathing","TheCursedMod:WearCloak+1"],"relics":["TheCursedMod:BlackMagic101","FossilizedHelix","Golden Idol","PreservedInsect","Blue Candle","Girya","Vajra","Torii","Black Star","Letter Opener","Necronomicon","Anchor","Sling","Blood Vial","CeramicFish","Potion Belt","Lizard Tail","Question Card","Ginger","Red Mask","Coffee Dripper","Matryoshka","Whetstone","Smiling Mask","Du-Vu Doll","Bottled Tornado","Ornamental Fan","Toy Ornithopter","InkBottle","White Beast Statue","Unceasing Top","ClockworkSouvenir","Pen Nib","Bronze Scales"],"acts_visited":["Exordium","TheCity","TheBeyond","TheEnding"],"potions_floor_usage":[55,55,55,55],"damage_taken":[{"damage":0.0,"enemies":"Small Slimes","floor":1.0,"turns":3.0},{"damage":0.0,"enemies":"Jaw Worm","floor":2.0,"turns":4.0},{"damage":0.0,"enemies":"Cultist","floor":4.0,"turns":4.0},{"damage":0.0,"enemies":"2 Fungi Beasts","floor":5.0,"turns":4.0},{"damage":0.0,"enemies":"Looter","floor":6.0,"turns":2.0},{"damage":0.0,"enemies":"3 Sentries","floor":7.0,"turns":4.0},{"damage":6.0,"enemies":"Exordium Wildlife","floor":11.0,"turns":6.0},{"damage":0.0,"enemies":"Gremlin Nob","floor":12.0,"turns":3.0},{"damage":0.0,"enemies":"Large Slime","floor":13.0,"turns":5.0},{"damage":0.0,"enemies":"Lagavulin","floor":14.0,"turns":5.0},{"damage":0.0,"enemies":"Slime Boss","floor":16.0,"turns":8.0},{"damage":0.0,"enemies":"Chosen","floor":18.0,"turns":3.0},{"damage":0.0,"enemies":"Gremlin Leader","floor":23.0,"turns":4.0},{"damage":0.0,"enemies":"Slavers","floor":25.0,"turns":3.0},{"damage":1.0,"enemies":"3 Byrds","floor":27.0,"turns":6.0},{"damage":0.0,"enemies":"Snake Plant","floor":28.0,"turns":3.0},{"damage":0.0,"enemies":"Gremlin Leader","floor":29.0,"turns":2.0},{"damage":0.0,"enemies":"Masked Bandits","floor":30.0,"turns":2.0},{"damage":3.0,"enemies":"Sentry and Sphere","floor":31.0,"turns":6.0},{"damage":77.0,"enemies":"Collector","floor":33.0,"turns":10.0},{"damage":0.0,"enemies":"Orb Walker","floor":35.0,"turns":3.0},{"damage":0.0,"enemies":"3 Darklings","floor":39.0,"turns":4.0},{"damage":0.0,"enemies":"Reptomancer","floor":40.0,"turns":5.0},{"damage":0.0,"enemies":"Transient","floor":41.0,"turns":5.0},{"damage":1.0,"enemies":"Nemesis","floor":44.0,"turns":5.0},{"damage":0.0,"enemies":"Jaw Worm Horde","floor":45.0,"turns":2.0},{"damage":0.0,"enemies":"Giant Head","floor":48.0,"turns":4.0},{"damage":1.0,"enemies":"Donu and Deca","floor":50.0,"turns":7.0},{"damage":0.0,"enemies":"Shield and Spear","floor":54.0,"turns":4.0},{"damage":3,"enemies":"The Heart","floor":55,"turns":9}],"seed_played":"2255282243491388931","potions_obtained":[{"floor":2.0,"key":"EntropicBrew"},{"floor":4.0,"key":"FairyPotion"},{"floor":5.0,"key":"ColorlessPotion"},{"floor":13.0,"key":"Weak Potion"},{"floor":14.0,"key":"SmokeBomb"},{"floor":25.0,"key":"Ancient Potion"},{"floor":27.0,"key":"Regen Potion"},{"floor":28.0,"key":"SkillPotion"},{"floor":31.0,"key":"Fruit Juice"},{"floor":33.0,"key":"BlessingOfTheForge"},{"floor":35.0,"key":"TheCursedMod:DregsPotion"},{"floor":39.0,"key":"ColorlessPotion"},{"floor":47.0,"key":"Strength Potion"},{"floor":47.0,"key":"Fire Potion"},{"floor":54.0,"key":"ColorlessPotion"}],"is_trial":false,"path_per_floor":["M","M","?","M","M","M","E","R","T","?","M","E","M","E","R","B",null,"M","T","?","$","?","E","R","E","T","M","M","E","?","M","R","B",null,"M","?","?","$","M","E","M","R","T","E","M","R","?","E","R","B",null,"R","$","E","B",null],"character_chosen":"THE_CURSED","items_purchased":["TheCursedMod:CursedAmulet","Anchor","Sling","Matryoshka","Whetstone","TheCursedMod:HellfireBreathing","ClockworkSouvenir"],"campfire_rested":0,"item_purchase_floors":[21,21,21,38,38,53,53],"current_hp_per_floor":[75,75,57,57,57,57,57,57,57,57,51,51,51,51,51,51,75,75,75,59,59,59,59,59,61,61,62,64,66,68,72,72,4,80,80,80,80,80,80,80,80,80,80,79,80,80,80,80,80,79,80,80,80,80,77],"gold":62,"neow_bonus":"ONE_RARE_RELIC","is_daily":false,"chose_seed":false,"campfire_upgraded":4,"win_rate":0.0,"timestamp":1609865498,"path_taken":["M","M","?","M","M","M","E","R","T","?","?","E","M","E","R","BOSS","M","?","?","$","?","E","R","E","T","?","M","E","?","M","R","BOSS","M","?","?","$","?","E","M","R","T","E","M","R","?","E","R","BOSS","R","$","E","BOSS"],"items_purchased_type":["Card","Relic","Relic","Relic","Relic","Card","Relic"],"build_version":"2020-12-22","purchased_purges":3,"victory":true,"max_hp_per_floor":[75,75,75,75,75,75,75,75,75,75,75,75,75,75,75,75,75,75,75,75,75,75,75,75,75,75,75,75,75,75,80,80,80,80,80,80,80,80,80,80,80,80,80,80,80,80,80,80,80,80,80,80,80,80,80],"card_choices":[{"not_picked":["TheCursedMod:Wield","TheCursedMod:Grudge"],"picked":"TheCursedMod:WearCloak","floor":1.0},{"not_picked":["TheCursedMod:CursedAmulet","TheCursedMod:Obscuration"],"picked":"TheCursedMod:CursedShiv","floor":2.0},{"not_picked":["TheCursedMod:Wield","TheCursedMod:ManaBullet"],"picked":"TheCursedMod:CursedBoomerang","floor":4.0},{"not_picked":["TheCursedMod:Torture","TheCursedMod:BloodBarrier"],"picked":"TheCursedMod:SpitefulStrike","floor":5.0},{"not_picked":["TheCursedMod:DemonicPact","TheCursedMod:VitalStrike"],"picked":"TheCursedMod:CursedShiv","floor":6.0},{"not_picked":["TheCursedMod:Obscuration","TheCursedMod:SpitefulPray"],"picked":"TheCursedMod:FleshFromBone","floor":7.0},{"not_picked":["TheCursedMod:RapidMovement","TheCursedMod:CircleOfCorruption"],"picked":"TheCursedMod:CursedMace","floor":11.0},{"not_picked":["TheCursedMod:SoulReap","TheCursedMod:CursedShiv"],"picked":"TheCursedMod:FleshFromBone","floor":12.0},{"not_picked":["TheCursedMod:ReleasedStrength","TheCursedMod:CircleOfWindfury"],"picked":"TheCursedMod:SurpriseAttack","floor":13.0},{"not_picked":["TheCursedMod:CircleOfAbyss","TheCursedMod:CursedAmulet"],"picked":"TheCursedMod:CursedShiv","floor":14.0},{"not_picked":["TheCursedMod:CircleOfAbyss","TheCursedMod:Neurasthenia"],"picked":"TheCursedMod:DarkBarrier","floor":16.0},{"not_picked":["TheCursedMod:CircleOfFocus","TheCursedMod:Torture+1"],"picked":"TheCursedMod:FleshFromBone+1","floor":18.0},{"not_picked":["TheCursedMod:SmokeScreen+1","TheCursedMod:StingEye"],"picked":"TheCursedMod:SpitefulStrike","floor":23.0},{"not_picked":["TheCursedMod:CircleOfBlood","TheCursedMod:SpreadPlague","TheCursedMod:FuryStrike"],"picked":"SKIP","floor":25.0},{"not_picked":["TheCursedMod:SoulReap","TheCursedMod:SurpriseAttack","TheCursedMod:VitalStrike"],"picked":"SKIP","floor":27.0},{"not_picked":["TheCursedMod:Torture+1","TheCursedMod:RapidMovement+1","TheCursedMod:FuryStrike"],"picked":"SKIP","floor":28.0},{"not_picked":["TheCursedMod:RavingStaff","TheCursedMod:BloodBarrier"],"picked":"TheCursedMod:StunningStrike","floor":29.0},{"not_picked":["TheCursedMod:Stigma+1","TheCursedMod:CursedAmulet","TheCursedMod:SpitefulStrike"],"picked":"TheCursedMod:SpitefulPray+1","floor":30.0},{"not_picked":["TheCursedMod:BloodBarrier+1","TheCursedMod:CursedShiv","TheCursedMod:SoulCrush"],"picked":"TheCursedMod:WearCloak+1","floor":31.0},{"not_picked":["TheCursedMod:Neurasthenia","TheCursedMod:StunningStrike","TheCursedMod:AntiAging"],"picked":"TheCursedMod:VoidForm","floor":33.0},{"not_picked":["TheCursedMod:RapidMovement","TheCursedMod:StingEye+1","TheCursedMod:CircleOfFlame+1"],"picked":"TheCursedMod:TroublousMinions+1","floor":35.0},{"not_picked":["TheCursedMod:Torture","TheCursedMod:RapidMovement+1","TheCursedMod:Hemoplague"],"picked":"TheCursedMod:SpitefulPlan+1","floor":39.0},{"not_picked":["TheCursedMod:CursedShiv+1","TheCursedMod:CircleOfWindfury","TheCursedMod:SpitefulPlan+1","TheCursedMod:SaltUponWound"],"picked":"SKIP","floor":40.0},{"not_picked":["TheCursedMod:CircleOfBlood","TheCursedMod:AshesToAshes","TheCursedMod:SurpriseAttack+1"],"picked":"TheCursedMod:LuckyCharm+1","floor":41.0},{"not_picked":["TheCursedMod:CursedStaff+1","TheCursedMod:Stigma+1","TheCursedMod:ShockAndAwe"],"picked":"TheCursedMod:DarkBarrier","floor":44.0},{"not_picked":["TheCursedMod:Stretching+1","TheCursedMod:CircleOfCorruption","TheCursedMod:SmokeScreen","TheCursedMod:CursedMace"],"picked":"SKIP","floor":48.0},{"not_picked":["TheCursedMod:SaltUponWound+1","TheCursedMod:ForbiddenAlchemy","TheCursedMod:PrepareRite+1"],"picked":"TheCursedMod:WearCloak+1","floor":54.0}],"player_experience":254007,"relics_obtained":[{"floor":7.0,"key":"PreservedInsect"},{"floor":9.0,"key":"Blue Candle"},{"floor":12.0,"key":"Vajra"},{"floor":14.0,"key":"Torii"},{"floor":19.0,"key":"Letter Opener"},{"floor":20.0,"key":"Necronomicon"},{"floor":23.0,"key":"Blood Vial"},{"floor":23.0,"key":"CeramicFish"},{"floor":25.0,"key":"Potion Belt"},{"floor":25.0,"key":"Lizard Tail"},{"floor":29.0,"key":"Question Card"},{"floor":29.0,"key":"Ginger"},{"floor":30.0,"key":"Red Mask"},{"floor":40.0,"key":"Smiling Mask"},{"floor":40.0,"key":"Du-Vu Doll"},{"floor":43.0,"key":"Bottled Tornado"},{"floor":43.0,"key":"Ornamental Fan"},{"floor":44.0,"key":"Toy Ornithopter"},{"floor":44.0,"key":"InkBottle"},{"floor":48.0,"key":"White Beast Statue"},{"floor":48.0,"key":"Unceasing Top"},{"floor":54.0,"key":"Pen Nib"},{"floor":54.0,"key":"Bronze Scales"}],"event_choices":[{"damage_healed":0.0,"max_hp_gain":0.0,"max_hp_loss":0.0,"gold_gain":0.0,"event_name":"Golden Idol","player_choice":"Take Damage","floor":3.0,"gold_loss":0.0,"damage_taken":18.0,"relics_obtained":["Golden Idol"]},{"damage_healed":0.0,"max_hp_gain":0.0,"max_hp_loss":0.0,"gold_gain":0.0,"event_name":"Big Fish","player_choice":"Box","floor":10.0,"gold_loss":0.0,"damage_taken":0.0,"relics_obtained":["Girya"],"cards_obtained":["Regret"]},{"damage_healed":0.0,"max_hp_gain":0.0,"max_hp_loss":0.0,"gold_gain":0.0,"event_name":"Cursed Tome","player_choice":"Obtained Book","floor":20.0,"gold_loss":0.0,"damage_taken":16.0},{"cards_removed":["TheCursedMod:Strike_TheCursed"],"damage_healed":0.0,"max_hp_gain":0.0,"max_hp_loss":0.0,"gold_gain":0.0,"event_name":"Beggar","player_choice":"Gave Gold","floor":22.0,"gold_loss":75.0,"damage_taken":0.0},{"damage_healed":0.0,"max_hp_gain":0.0,"max_hp_loss":0.0,"gold_gain":0.0,"event_name":"Masked Bandits","player_choice":"Fought Bandits","floor":30.0,"gold_loss":0.0,"damage_taken":0.0},{"damage_healed":0.0,"max_hp_gain":0.0,"max_hp_loss":0.0,"gold_gain":222.0,"event_name":"Tomb of Lord Red Mask","player_choice":"Wore Mask","floor":36.0,"gold_loss":0.0,"damage_taken":0.0},{"cards_removed":["TheCursedMod:Defend_TheCursed"],"damage_healed":0.0,"max_hp_gain":0.0,"max_hp_loss":0.0,"gold_gain":0.0,"event_name":"Designer","player_choice":"Upgrade and Remove","floor":37.0,"gold_loss":90.0,"damage_taken":0.0,"cards_upgraded":["TheCursedMod:SurpriseAttack"]},{"damage_healed":0.0,"max_hp_gain":0.0,"max_hp_loss":0.0,"gold_gain":0.0,"event_name":"Lab","player_choice":"Got Potions","floor":47.0,"gold_loss":0.0,"damage_taken":0.0}],"is_beta":false,"boss_relics":[{"not_picked":["Ectoplasm","Fusion Hammer"],"picked":"Black Star"},{"not_picked":["TheCursedMod:FourLeafCloverCharm","Snecko Eye"],"picked":"Coffee Dripper"}],"items_purged_floors":[21,38,53],"is_endless":false,"potions_floor_spawned":[2,4,5,13,14,25,27,28,31,33,35,39,48,54],"ascension_level":1}}