{"host":"cr892wvdvh6p7gzy","time":1609813067,"event":{"mods":["A Magickal Journey","BaseMod","BetterRewards","Downfall","GifTheSpireLib","Hubris","Infinite Spire","Minty Spire (QoL Compilation)","READ ME - Guardian Mod","Replay The Spire","SOS???????","StSLib","The Bug Knight","The Dragon Tamer","The Necromancer","???Mod??????Boss"],"gold_per_floor":[119,133,133,145,145,145,159,159,159,190,190,190,190,209,209,308,308,327,327,426,444,185,185,200,260,260,260,260],"floor_reached":27,"playtime":1452,"items_purged":[],"score":257,"play_id":"c0a4566d-012c-42dd-9735-fb5edfdbde3d","local_time":"20210105031747","is_ascension_mode":true,"campfire_choices":[{"data":"infinitespire:DeathsTouch","floor":6,"key":"SMITH"},{"data":"Bash","floor":11,"key":"SMITH"},{"data":"Heavy Blade","floor":13,"key":"SMITH"},{"floor":15,"key":"REST"},{"data":"Defend_R","floor":23,"key":"SMITH"}],"circlet_count":0,"master_deck":["Strike_R","Strike_R","Strike_R","Strike_R","Strike_R","Defend_R","Defend_R","Defend_R","Defend_R+1","Bash+1","Heavy Blade+1","Flex+1","infinitespire:DeathsTouch+1","Power Through+1","ReplayTheSpireMod:Splinters"],"relics":["Burning Blood","ReplayTheSpireMod:Shallot","Anchor","Replay:Bottled Steam","hubris:Backtick","Toxic Egg 2","Lee\u0027s Waffle","HornCleat","InkBottle"],"acts_visited":["Exordium","TheCity"],"potions_floor_usage":[7,16,24],"damage_taken":[{"damage":6,"enemies":"Cultist","floor":1,"turns":3},{"damage":7,"enemies":"Small Slimes","floor":2,"turns":4},{"damage":4,"enemies":"2 Louse","floor":4,"turns":4},{"damage":12,"enemies":"2 Fungi Beasts","floor":7,"turns":3},{"damage":20,"enemies":"Lagavulin","floor":10,"turns":4},{"damage":0,"enemies":"Blue Slaver","floor":14,"turns":3},{"damage":57,"enemies":"The Guardian","floor":16,"turns":11},{"damage":0,"enemies":"Chosen","floor":18,"turns":4},{"damage":23,"enemies":"3 Byrds","floor":21,"turns":4},{"damage":1,"enemies":"Centurion and Healer","floor":24,"turns":2},{"damage":0,"enemies":"Snake Plant","floor":27,"turns":2}],"seed_played":"-7462225992443456785","potions_obtained":[{"floor":2,"key":"BloodPotion"},{"floor":7,"key":"Languid Potion"},{"floor":14,"key":"Flashbang"},{"floor":25,"key":"Regen Potion"}],"is_trial":false,"path_per_floor":["M","M","?","M","?","R","M","?","T","E","R","$","R","M","R","B",null,"M","?","?","M","$","R","M","?","T","M"],"character_chosen":"IRONCLAD","items_purchased":["Replay:Bottled Steam","Lee\u0027s Waffle","DuplicationPotion","Power Through+1"],"campfire_rested":1,"item_purchase_floors":[12,22,22,22],"current_hp_per_floor":[88,87,64,66,66,66,77,77,77,63,63,47,47,53,79,28,88,88,88,88,71,95,95,95,95,95,95,95],"gold":260,"neow_bonus":"TEN_PERCENT_HP_BONUS","is_daily":false,"chose_seed":false,"campfire_upgraded":4,"win_rate":0.0,"timestamp":1609813067,"path_taken":["M","?","?","M","?","R","M","?","T","E","R","?","R","?","R","BOSS","M","?","?","M","$","R","M","?","T","M"],"items_purchased_type":["Relic","Relic","Potion","Card"],"build_version":"2020-12-22","purchased_purges":0,"victory":false,"max_hp_per_floor":[88,88,88,88,88,88,88,88,88,88,88,88,88,88,88,88,88,88,88,88,88,95,95,95,95,95,95,95],"card_choices":[{"not_picked":["Infernal Blade","Twin Strike"],"picked":"Heavy Blade","floor":1},{"not_picked":["Second Wind","Replay:Undeath\u0027s Touch"],"picked":"Flex","floor":2},{"not_picked":["ReplayTheSpireMod:Black Plague","infinitespire:Starlight"],"picked":"infinitespire:DeathsTouch","floor":3},{"not_picked":["Rage","Pummel","Headbutt"],"picked":"SKIP","floor":4},{"not_picked":["Wild Strike","Pommel Strike","Replay:Undeath\u0027s Touch"],"picked":"SKIP","floor":7},{"not_picked":["Havoc","Juggernaut","Uppercut"],"picked":"SKIP","floor":10},{"not_picked":["Pummel","Rage","Iron Wave"],"picked":"SKIP","floor":14},{"not_picked":["Entrench+1","True Grit+1","Warcry+1"],"picked":"SKIP","floor":18},{"not_picked":["Headbutt","Cleave+1","Body Slam"],"picked":"SKIP","floor":21},{"not_picked":["Rupture+1","Heavy Blade+1","Twin Strike+1"],"picked":"SKIP","floor":24}],"player_experience":459835,"relics_obtained":[{"floor":9,"key":"ReplayTheSpireMod:Shallot"},{"floor":10,"key":"Anchor"},{"floor":25,"key":"HornCleat"},{"floor":26,"key":"InkBottle"}],"event_choices":[{"damage_healed":0,"gold_gain":0,"player_choice":"Grow","damage_taken":0,"max_hp_gain":0,"max_hp_loss":0,"event_name":"Living Wall","floor":8,"gold_loss":0,"cards_upgraded":["Flex"]},{"damage_healed":0,"gold_gain":0,"player_choice":"Ignored","damage_taken":0,"max_hp_gain":0,"max_hp_loss":0,"event_name":"Cursed Tome","floor":19,"gold_loss":0},{"damage_healed":0,"gold_gain":99,"player_choice":"Stole From Cult","damage_taken":0,"max_hp_gain":0,"max_hp_loss":0,"event_name":"Nest","floor":20,"gold_loss":0}],"is_beta":false,"boss_relics":[{"not_picked":["Ring of Chaos","infinitespire:Cupcake"],"picked":"hubris:Backtick"}],"items_purged_floors":[],"is_endless":false,"potions_floor_spawned":[2,7,14],"killed_by":"Snake Plant","ascension_level":2}}