{"host":"78zdngn0u28jm0pp","time":1609815262,"event":{"mods":["BaseMod","Jorbs\u0027s Wanderer Trilogy","Minty Spire (QoL Compilation)","Permanent Neow","Quick Restart","Relic Stats","StSLib","Unceasing Turn Reminder"],"gold_per_floor":[115,40,57,70,70,70,87,87,167,181,181,105,30,63,63,135,135,155,173,120,132,132,167,177,209,209,236,269,269,296,296,296,368,368,387,387,402,457,679,679,693,721,721,721,102,102,51,63,63,63,63],"floor_reached":50,"playtime":2663,"items_purged":["Strike_G","Strike_G"],"score":1267,"play_id":"5f9d5a16-4184-49f2-878c-ad3748c48c5d","local_time":"20210104195422","is_ascension_mode":true,"campfire_choices":[{"data":"Neutralize","floor":6.0,"key":"SMITH"},{"data":"Quick Slash","floor":8.0,"key":"SMITH"},{"data":"Glass Knife","floor":11,"key":"SMITH"},{"data":"Dagger Throw","floor":15,"key":"SMITH"},{"data":"Noxious Fumes","floor":29,"key":"SMITH"},{"data":"Burst","floor":32,"key":"SMITH"},{"data":"Tools of the Trade","floor":40,"key":"SMITH"},{"floor":44,"key":"REST"},{"data":"Catalyst","floor":49,"key":"SMITH"}],"circlet_count":0,"master_deck":["AscendersBane","Strike_G","Strike_G","Defend_G","Defend_G","Defend_G","Defend_G","Defend_G","Survivor","Neutralize+1","PiercingWail","Slice","Quick Slash+1","Terror","Glass Knife+1","Dagger Throw+1","Acrobatics","Acrobatics","Burst+1","Blur+1","Crippling Poison+1","Noxious Fumes+1","Ghostly","Ghostly","Ghostly","PiercingWail+1","Backstab+1","Bullet Time","Dagger Spray+1","Tools of the Trade+1","Glass Knife+1","Backflip","Crippling Poison+1","Bane+1","Adrenaline","Catalyst+1","Mind Blast+1","Bane+1"],"relics":["Ring of the Snake","Mango","HornCleat","Matryoshka","Lantern","Philosopher\u0027s Stone","Prayer Wheel","Bronze Scales","Juzu Bracelet","Centennial Puzzle","Molten Egg 2","MealTicket","Red Mask","Blood Vial","SlaversCollar","The Specimen","Dream Catcher","Anchor","FossilizedHelix"],"acts_visited":["Exordium","TheCity","TheBeyond"],"potions_floor_usage":[14,14,19,25,27,28,30,36,50],"damage_taken":[{"damage":0.0,"enemies":"Jaw Worm","floor":1.0,"turns":5.0},{"damage":8.0,"enemies":"Cultist","floor":3.0,"turns":6.0},{"damage":0.0,"enemies":"Small Slimes","floor":4.0,"turns":4.0},{"damage":3.0,"enemies":"2 Fungi Beasts","floor":7.0,"turns":4.0},{"damage":0,"enemies":"Large Slime","floor":10,"turns":6},{"damage":0,"enemies":"3 Sentries","floor":14,"turns":8},{"damage":11,"enemies":"Hexaghost","floor":16,"turns":8},{"damage":0,"enemies":"Chosen","floor":18,"turns":3},{"damage":1,"enemies":"3 Byrds","floor":19,"turns":6},{"damage":25,"enemies":"Cultist and Chosen","floor":21,"turns":6},{"damage":18,"enemies":"Book of Stabbing","floor":23,"turns":6},{"damage":0,"enemies":"Snake Plant","floor":24,"turns":3},{"damage":3,"enemies":"Slavers","floor":25,"turns":4},{"damage":0,"enemies":"Book of Stabbing","floor":27,"turns":4},{"damage":1,"enemies":"Masked Bandits","floor":28,"turns":4},{"damage":0,"enemies":"Slavers","floor":30,"turns":6},{"damage":28,"enemies":"Collector","floor":33,"turns":10},{"damage":1,"enemies":"3 Darklings","floor":35,"turns":5},{"damage":5,"enemies":"3 Shapes","floor":37,"turns":4},{"damage":11,"enemies":"2 Orb Walkers","floor":38,"turns":4},{"damage":1,"enemies":"3 Darklings","floor":41,"turns":7},{"damage":25,"enemies":"Reptomancer","floor":42,"turns":5},{"damage":0,"enemies":"Writhing Mass","floor":48,"turns":5},{"damage":45,"enemies":"Awakened One","floor":50,"turns":10}],"seed_played":"-6195288254927941352","potions_obtained":[{"floor":1.0,"key":"BlessingOfTheForge"},{"floor":4.0,"key":"Dexterity Potion"},{"floor":16,"key":"SpeedPotion"},{"floor":23,"key":"PowerPotion"},{"floor":24,"key":"Block Potion"},{"floor":27,"key":"Regen Potion"},{"floor":28,"key":"DistilledChaos"},{"floor":33,"key":"CultistPotion"},{"floor":36,"key":"Fruit Juice"},{"floor":36,"key":"BlessingOfTheForge"},{"floor":37,"key":"Strength Potion"}],"is_trial":false,"path_per_floor":["M","?","M","M","T","R","M","R","T","M","R","$","$","E","R","B",null,"M","M","?","M","?","E","M","E","T","E","?","R","E","?","R","B",null,"M","?","M","?","?","R","M","E","T","R","$","?","$","M","R","B"],"character_chosen":"THE_SILENT","items_purchased":["Dagger Throw","Acrobatics","FossilizedHelix","Catalyst","Mind Blast+1","Bane+1"],"campfire_rested":1,"item_purchase_floors":[12,12,45,45,45,47],"current_hp_per_floor":[58,58,50,50,50,50,47,47,47,47,47,47,47,47,47,36,69,69,68,68,43,40,22,22,19,19,19,32,32,32,32,32,6,32,33,38,35,26,26,26,27,4,4,17,32,32,43,43,43,0,0],"gold":63,"neow_bonus":"ONE_RARE_RELIC","is_daily":false,"chose_seed":false,"campfire_upgraded":8,"win_rate":0.0,"timestamp":1609815262,"path_taken":["M","?","M","M","?","R","M","R","T","?","R","?","$","E","R","BOSS","M","M","?","?","?","E","M","E","T","E","?","R","E","?","R","BOSS","M","?","M","?","?","R","M","E","T","R","$","?","?","M","R","BOSS"],"items_purchased_type":["Card","Card","Relic","Card","Card","Card"],"build_version":"2020-12-22","purchased_purges":2,"victory":false,"max_hp_per_floor":[80,80,80,80,80,80,80,80,80,80,80,80,80,80,80,80,80,80,80,80,80,40,40,40,40,40,40,40,40,40,40,40,40,40,40,45,45,45,45,45,45,45,45,45,45,43,43,43,43,43,43],"relic_stats":{"Blood Vial":12,"Centennial Puzzle":[24],"Dream Catcher":1,"counters":[24,133],"Bronze Scales":[313],"Prayer Wheel":6,"MealTicket":26,"Juzu Bracelet":1,"obtain_stats":[{"Lantern":14,"The Specimen":38,"Mango":0,"Juzu Bracelet":25,"Blood Vial":30,"SlaversCollar":34,"Centennial Puzzle":26,"Dream Catcher":42,"Anchor":43,"HornCleat":5,"Matryoshka":9,"Bronze Scales":23,"Philosopher\u0027s Stone":17,"Prayer Wheel":20,"Molten Egg 2":26,"MealTicket":27,"Red Mask":28,"FossilizedHelix":45,"Ring of the Snake":0},{"Lantern":6,"The Specimen":20,"Mango":0,"Juzu Bracelet":13,"Blood Vial":16,"SlaversCollar":17,"Centennial Puzzle":13,"Dream Catcher":22,"Anchor":22,"HornCleat":3,"Matryoshka":4,"Bronze Scales":11,"Philosopher\u0027s Stone":7,"Prayer Wheel":9,"Molten Egg 2":13,"MealTicket":14,"Red Mask":15,"FossilizedHelix":22,"Ring of the Snake":0},{"Lantern":33,"The Specimen":106,"Mango":0,"Juzu Bracelet":69,"Blood Vial":83,"SlaversCollar":93,"Centennial Puzzle":69,"Dream Catcher":118,"Anchor":118,"HornCleat":15,"Matryoshka":19,"Bronze Scales":62,"Philosopher\u0027s Stone":41,"Prayer Wheel":50,"Molten Egg 2":69,"MealTicket":73,"Red Mask":77,"FossilizedHelix":118,"Ring of the Snake":0}],"Ring of the Snake":[48]},"card_choices":[{"not_picked":["Slice","Deadly Poison"],"picked":"PiercingWail","floor":1.0},{"not_picked":["Deflect","Acrobatics"],"picked":"Slice","floor":3.0},{"not_picked":["Flechettes","Sucker Punch"],"picked":"Quick Slash","floor":4.0},{"not_picked":["Deadly Poison","Predator"],"picked":"Terror","floor":7.0},{"not_picked":["Accuracy","Prepared"],"picked":"Glass Knife","floor":10},{"not_picked":["Eviscerate","Deadly Poison"],"picked":"Acrobatics","floor":14},{"not_picked":["Grand Finale","Storm of Steel"],"picked":"Burst","floor":16},{"not_picked":["Slice","Backflip"],"picked":"Blur+1","floor":18},{"not_picked":["Accuracy","Acrobatics","Skewer"],"picked":"SKIP","floor":19},{"not_picked":["Dagger Throw","Footwork"],"picked":"Crippling Poison+1","floor":21},{"not_picked":["Backstab","Bane"],"picked":"Noxious Fumes","floor":21},{"not_picked":["Flying Knee","Poisoned Stab","Calculated Gamble"],"picked":"SKIP","floor":23},{"not_picked":["Reflex","Underhanded Strike"],"picked":"PiercingWail+1","floor":24},{"not_picked":["Poisoned Stab","Calculated Gamble"],"picked":"Backstab+1","floor":24},{"not_picked":["Slice","Crippling Poison"],"picked":"Bullet Time","floor":25},{"not_picked":["Escape Plan","Crippling Poison"],"picked":"Dagger Spray+1","floor":27},{"not_picked":["Outmaneuver","Accuracy","Dodge and Roll"],"picked":"SKIP","floor":30},{"not_picked":["Venomology","Doppelganger"],"picked":"Glass Knife+1","floor":33},{"not_picked":["Quick Slash+1","Acrobatics"],"picked":"Backflip","floor":35},{"not_picked":["Flying Knee+1","Bouncing Flask"],"picked":"Crippling Poison+1","floor":35},{"not_picked":["Endless Agony+1","Poisoned Stab+1","Outmaneuver"],"picked":"SKIP","floor":37},{"not_picked":["Well Laid Plans+1","Prepared+1","Deadly Poison+1"],"picked":"SKIP","floor":37},{"not_picked":["Concentrate","Underhanded Strike+1"],"picked":"Bane+1","floor":38},{"not_picked":["Heel Hook+1","Backflip"],"picked":"Adrenaline","floor":41},{"not_picked":["Well Laid Plans","Blur","Dagger Spray+1"],"picked":"SKIP","floor":41},{"not_picked":["Cloak And Dagger","Dagger Spray+1","Underhanded Strike+1"],"picked":"SKIP","floor":42},{"not_picked":["Underhanded Strike+1","Slice+1","Choke+1"],"picked":"SKIP","floor":48},{"not_picked":["Masterful Stab+1","Terror+1","PiercingWail+1"],"picked":"SKIP","floor":48}],"player_experience":752059,"relics_obtained":[{"floor":5.0,"key":"HornCleat"},{"floor":9.0,"key":"Matryoshka"},{"floor":14,"key":"Lantern"},{"floor":23,"key":"Bronze Scales"},{"floor":25,"key":"Juzu Bracelet"},{"floor":26,"key":"Centennial Puzzle"},{"floor":26,"key":"Molten Egg 2"},{"floor":27,"key":"MealTicket"},{"floor":28,"key":"Red Mask"},{"floor":30,"key":"Blood Vial"},{"floor":38,"key":"The Specimen"},{"floor":42,"key":"Dream Catcher"},{"floor":43,"key":"Anchor"}],"event_choices":[{"cards_removed":["Strike_G"],"damage_healed":0.0,"max_hp_gain":0.0,"max_hp_loss":0.0,"gold_gain":0.0,"event_name":"The Cleric","player_choice":"Card Removal","floor":2.0,"gold_loss":75.0,"damage_taken":0.0},{"damage_healed":0,"gold_gain":0,"player_choice":"Paid Gold","damage_taken":0,"relics_obtained":["Prayer Wheel"],"max_hp_gain":0,"max_hp_loss":0,"event_name":"WeMeetAgain","floor":20,"gold_loss":53},{"damage_healed":0,"gold_gain":0,"player_choice":"Became a Ghost","damage_taken":0,"max_hp_gain":0,"max_hp_loss":40,"event_name":"Ghosts","floor":22,"gold_loss":0,"cards_obtained":["Ghostly","Ghostly","Ghostly"]},{"damage_healed":0,"gold_gain":0,"player_choice":"Fought Bandits","damage_taken":0,"max_hp_gain":0,"max_hp_loss":0,"event_name":"Masked Bandits","floor":28,"gold_loss":0},{"damage_healed":0,"gold_gain":0,"player_choice":"Read","damage_taken":0,"max_hp_gain":0,"max_hp_loss":0,"event_name":"The Library","floor":31,"gold_loss":0,"cards_obtained":["Tools of the Trade"]},{"damage_healed":0,"gold_gain":0,"player_choice":"Got Potions","damage_taken":0,"max_hp_gain":0,"max_hp_loss":0,"event_name":"Lab","floor":36,"gold_loss":0},{"damage_healed":0,"gold_gain":0,"player_choice":"Fight","damage_taken":0,"max_hp_gain":0,"max_hp_loss":0,"event_name":"Mysterious Sphere","floor":38,"gold_loss":0},{"damage_healed":0,"gold_gain":222,"player_choice":"Wore Mask","damage_taken":0,"max_hp_gain":0,"max_hp_loss":0,"event_name":"Tomb of Lord Red Mask","floor":39,"gold_loss":0},{"damage_healed":0,"gold_gain":0,"player_choice":"Max HP","damage_taken":0,"max_hp_gain":0,"max_hp_loss":2,"event_name":"Winding Halls","floor":46,"gold_loss":0}],"is_beta":false,"boss_relics":[{"not_picked":["SacredBark","Astrolabe"],"picked":"Philosopher\u0027s Stone"},{"not_picked":["Black Star","Runic Dome"],"picked":"SlaversCollar"}],"items_purged_floors":[13,45],"is_endless":false,"potions_floor_spawned":[1,4,16,23,24,27,28,33,37,38,48],"killed_by":"Awakened One","ascension_level":20}}