{"host":"8lgo2trwv2o0qyml","time":1609816406,"event":{"mods":["BaseMod","Colored Map","Colored Powertips","DeckTracker","Highlight Path","Hubris","Infinite Spire","Minty Spire (QoL Compilation)","Quick Restart","Random Character Button","Relic Sorter","Replay The Spire","StSLib","SuperFastMode","Synergy Search","The Jungle"],"gold_per_floor":[112,112,112,125,125,152,152,169,169,169,169,169,182,267,287,304,304,404,504,518,576,590,639,652,679,533,533,533,566,446,446,446,461,461,664,664,675,720,720,720,735,735,745,773,773,792,348,348,361,392,392,392,392],"floor_reached":52,"playtime":2527,"items_purged":[],"score":635,"play_id":"ef7d282a-287a-4ada-88c1-b215f897ac79","local_time":"20210104221326","is_ascension_mode":false,"campfire_choices":[{"data":"Cleave","floor":7,"key":"SMITH"},{"data":"Searing Blow","floor":12,"key":"SMITH"},{"floor":17,"key":"REST"},{"floor":27,"key":"REST"},{"floor":34,"key":"REST"},{"data":"Replay:Dark Deal","floor":42,"key":"SMITH"},{"data":"Dark Embrace","floor":48,"key":"SMITH"},{"floor":51,"key":"REST"}],"circlet_count":0,"master_deck":["Strike_R","Strike_R+1","Strike_R","Strike_R","Strike_R","Defend_R+1","Defend_R","Defend_R","Defend_R","Bash","Reckless Charge","Shrug It Off+1","Cleave+1","Searing Blow+1","Pommel Strike","Reckless Charge","Blood for Blood","Immolate","Demon Form","Iron Wave","Dual Wield+1","ReplayTheSpireMod:Strike From Hell","Defy Death+1","Reckless Charge","Shrug It Off+1","Flame Barrier","Doubt","Fire Breathing","Replay:Dark Deal+1","Heavy Blade","hubris:CleavingFinish","Offering","Iron Wave","Disarm+1","Anger","Replay:Undeath\u0027s Touch","Second Wind","Dark Embrace+1","Iron Wave+1","The Bomb","Bloodletting+1","ReplayReversal+1"],"relics":["Burning Blood","NeowsBlessing","hubris:Metronome","Red Skull","hubris:MobiusCoin","Replay:Wanted Poster","Replay:Wax Seal","War Paint","hubris:CrystalStatue","Brimstone","HornCleat","Mango","ReplayTheSpireMod:CursedCoin","MutagenicStrength","hubris:ScarierMask","hubris:BundleOfHerbs","Smiling Mask","ReplayTheSpireMod:Shallot","Lee\u0027s Waffle","FossilizedHelix"],"acts_visited":["Exordium","TheCity","TheBeyond"],"potions_floor_usage":[15,29,29,50,52,52,52,52,52,52],"damage_taken":[{"damage":0,"enemies":"Cultist","floor":1,"turns":1},{"damage":0,"enemies":"Small Slimes","floor":4,"turns":1},{"damage":0,"enemies":"3 Sentries","floor":6,"turns":2},{"damage":0,"enemies":"2 Louse","floor":8,"turns":2},{"damage":10,"enemies":"Lots of Slimes","floor":13,"turns":3},{"damage":0,"enemies":"Lagavulin","floor":14,"turns":4},{"damage":31,"enemies":"Exordium Thugs","floor":15,"turns":4},{"damage":11,"enemies":"Exordium Wildlife","floor":16,"turns":3},{"damage":0,"enemies":"Slime Boss","floor":18,"turns":4},{"damage":6,"enemies":"Shell Parasite","floor":20,"turns":3},{"damage":20,"enemies":"3 Byrds","floor":22,"turns":4},{"damage":0,"enemies":"Snecko","floor":24,"turns":2},{"damage":35,"enemies":"Nightmare","floor":25,"turns":4},{"damage":4,"enemies":"Book of Stabbing","floor":29,"turns":3},{"damage":6,"enemies":"Shelled Parasite and Fungi","floor":33,"turns":3},{"damage":0,"enemies":"Automaton","floor":35,"turns":2},{"damage":0,"enemies":"3 Shapes","floor":37,"turns":3},{"damage":0,"enemies":"2 Orb Walkers","floor":38,"turns":2},{"damage":0,"enemies":"3 Darklings","floor":41,"turns":2},{"damage":16,"enemies":"Jaw Worm Horde","floor":43,"turns":2},{"damage":41,"enemies":"Reptomancer","floor":44,"turns":5},{"damage":21,"enemies":"Maw","floor":46,"turns":5},{"damage":0,"enemies":"4 Shapes","floor":49,"turns":1},{"damage":50,"enemies":"Nemesis","floor":50,"turns":7},{"damage":111,"enemies":"Donu and Deca","floor":52,"turns":6}],"seed_played":"3794346683087751420","potions_obtained":[{"floor":8,"key":"ColorlessPotion"},{"floor":13,"key":"Toxic Potion"},{"floor":15,"key":"PowerPotion"},{"floor":20,"key":"DuplicationPotion"},{"floor":43,"key":"Doom Potion"},{"floor":44,"key":"Block Potion"},{"floor":50,"key":"EntropicBrew"}],"is_trial":false,"path_per_floor":["M","?","?","M","?","E","R","M","T","PTL","PTL","R","M","E","M","M","R","B",null,"M","?","M","T","M","NM","$","R","T","E","$","?","?","M","R","B",null,"M","?","?","AVR","M","R","M","E","T","M","$","R","M","E","R","B"],"character_chosen":"IRONCLAD","items_purchased":["Brimstone","ReplayTheSpireMod:CursedCoin","Fire Breathing","Replay:Dark Deal","Dark Embrace","Iron Wave+1","Lee\u0027s Waffle","The Bomb"],"campfire_rested":4,"item_purchase_floors":[26,30,30,30,47,47,47,47],"current_hp_per_floor":[80,64,64,70,70,76,76,80,80,80,80,80,76,80,55,50,74,80,80,80,48,34,34,40,11,11,35,35,51,51,51,51,51,79,85,94,94,94,94,94,94,94,84,49,49,34,101,101,101,57,87,0,0],"gold":392,"neow_bonus":"THREE_ENEMY_KILL","is_daily":false,"chose_seed":false,"campfire_upgraded":4,"win_rate":0.0,"timestamp":1609816406,"path_taken":["M","?","?","M","?","E","R","M","T","PTL","PTL","R","M","E","M","M","R","BOSS","M","?","?","?","M","NM","?","R","T","E","$","?","?","M","R","BOSS","M","?","?","AVR","M","R","M","E","T","M","?","R","M","E","R","BOSS"],"items_purchased_type":["Relic","Relic","Card","Card","Card","Card","Relic","Card"],"build_version":"2020-12-22","purchased_purges":0,"victory":false,"max_hp_per_floor":[80,80,80,80,80,80,80,80,80,80,80,80,80,80,80,80,80,80,80,80,80,80,80,80,80,80,80,80,94,94,94,94,94,94,94,94,94,94,94,94,94,94,94,94,94,94,101,101,101,101,101,101,101],"card_choices":[{"not_picked":["Headbutt","Thunderclap"],"picked":"Reckless Charge","floor":1},{"not_picked":["Pommel Strike","Replay:Undeath\u0027s Touch"],"picked":"Shrug It Off","floor":4},{"not_picked":["Pommel Strike","Perfected Strike"],"picked":"Cleave","floor":6},{"not_picked":["Thunderclap","Pommel Strike"],"picked":"Searing Blow","floor":8},{"not_picked":["Clothesline","Carnage"],"picked":"Pommel Strike","floor":13},{"not_picked":["Iron Wave","Heavy Blade"],"picked":"Reckless Charge","floor":14},{"not_picked":["Dropkick","Sword Boomerang"],"picked":"Blood for Blood","floor":15},{"not_picked":["Whirlwind","hubris:ReadiedAction"],"picked":"Immolate","floor":16},{"not_picked":["hubris:StunningStrike","Eclipse"],"picked":"Demon Form","floor":18},{"not_picked":["Disarm","True Grit"],"picked":"Iron Wave","floor":20},{"not_picked":["Perfected Strike+1","Dark Embrace"],"picked":"Dual Wield","floor":21},{"not_picked":["Uppercut","Clothesline"],"picked":"ReplayTheSpireMod:Strike From Hell","floor":21},{"not_picked":["Armaments","hubris:ReadiedAction"],"picked":"Defy Death","floor":22},{"not_picked":["Life Link","Shrug It Off"],"picked":"Reckless Charge","floor":24},{"not_picked":["Heavy Blade","Feed"],"picked":"Shrug It Off+1","floor":25},{"not_picked":["ReplayTheSpireMod:Muscle Training","Flex"],"picked":"Flame Barrier","floor":29},{"not_picked":["Sword Boomerang","Clash+1"],"picked":"hubris:CleavingFinish","floor":33},{"not_picked":["Eclipse","Demon Form"],"picked":"Offering","floor":35},{"not_picked":["Intimidate+1","Dark Embrace"],"picked":"Iron Wave","floor":37},{"not_picked":["Flex","Shockwave+1"],"picked":"Disarm+1","floor":41},{"not_picked":["Dropkick","hubris:ReadiedAction+1"],"picked":"Anger","floor":43},{"not_picked":["ReplayTheSpireMod:Stacked+1","Entrench+1"],"picked":"Replay:Undeath\u0027s Touch","floor":44},{"not_picked":["Hemokinesis+1","Run Through"],"picked":"Second Wind","floor":46},{"not_picked":["hubris:CleavingFinish+1","Pommel Strike"],"picked":"Bloodletting+1","floor":49},{"not_picked":["Blood for Blood+1","Impervious"],"picked":"ReplayReversal+1","floor":50}],"player_experience":25082,"relics_obtained":[{"floor":6,"key":"hubris:Metronome"},{"floor":9,"key":"Red Skull"},{"floor":14,"key":"hubris:MobiusCoin"},{"floor":21,"key":"Replay:Wax Seal"},{"floor":23,"key":"War Paint"},{"floor":25,"key":"hubris:CrystalStatue"},{"floor":28,"key":"HornCleat"},{"floor":29,"key":"Mango"},{"floor":38,"key":"hubris:BundleOfHerbs"},{"floor":44,"key":"Smiling Mask"},{"floor":45,"key":"ReplayTheSpireMod:Shallot"},{"floor":50,"key":"FossilizedHelix"}],"event_choices":[{"damage_healed":0,"gold_gain":0,"player_choice":"Entered Light","damage_taken":16,"max_hp_gain":0,"max_hp_loss":0,"event_name":"Shining Light","floor":2,"gold_loss":0,"cards_upgraded":["Defend_R","Strike_R"]},{"damage_healed":0,"gold_gain":0,"player_choice":"Leave","damage_taken":0,"max_hp_gain":0,"max_hp_loss":0,"event_name":"The Cleric","floor":3,"gold_loss":0},{"damage_healed":0,"gold_gain":0,"player_choice":"Upgraded","damage_taken":0,"max_hp_gain":0,"max_hp_loss":0,"event_name":"Upgrade Shrine","floor":5,"gold_loss":0,"cards_upgraded":["Shrug It Off"]},{"damage_healed":0,"gold_gain":0,"player_choice":"Inject Mutagens","damage_taken":0,"relics_obtained":["MutagenicStrength"],"max_hp_gain":0,"max_hp_loss":0,"event_name":"Drug Dealer","floor":31,"gold_loss":0},{"damage_healed":0,"gold_gain":0,"player_choice":"Read","damage_taken":0,"max_hp_gain":0,"max_hp_loss":0,"event_name":"The Library","floor":32,"gold_loss":0,"cards_obtained":["Heavy Blade"]},{"damage_healed":0,"gold_gain":0,"player_choice":"Fight","damage_taken":0,"max_hp_gain":0,"max_hp_loss":0,"event_name":"Mysterious Sphere","floor":38,"gold_loss":0},{"damage_healed":0,"gold_gain":0,"player_choice":"Ignored","damage_taken":0,"max_hp_gain":0,"max_hp_loss":0,"event_name":"Tomb of Lord Red Mask","floor":39,"gold_loss":0}],"is_beta":false,"boss_relics":[{"not_picked":["hubris:BlackHole","hubris:Stopwatch"],"picked":"Replay:Wanted Poster"},{"not_picked":["Busted Crown","Replay:Bronze Core"],"picked":"hubris:ScarierMask"}],"items_purged_floors":[],"is_endless":true,"potions_floor_spawned":[8,13,15,20,22,43,44,50],"killed_by":"Donu and Deca","ascension_level":0}}