{"host":"7k7fhzlbqzyu5ijh","time":1609884395,"event":{"mods":["AchievementEnabler","BaseMod","Bestiary","Colored Powertips","Filter the Spire","Highlight Path","Minty Spire (QoL Compilation)","Potion Indicator Mod","Relic Stats"],"gold_per_floor":[116,116,135,146,106,106,141,171,251,296,308,336,348,375,387,498,510,532,544,556,586,618,630,642,642],"floor_reached":24,"playtime":2694,"items_purged":[],"score":260,"play_id":"3d399f1a-ee2b-4f8d-98a8-a237148b56c7","local_time":"20210105170635","is_ascension_mode":true,"campfire_choices":[{"data":"Beam Cell","floor":6,"key":"SMITH"},{"data":"Glacier","floor":11,"key":"SMITH"},{"data":"Cold Snap","floor":13,"key":"SMITH"},{"floor":15,"key":"REST"},{"data":"Dualcast","floor":23,"key":"SMITH"}],"circlet_count":0,"master_deck":["Strike_B","Strike_B","Strike_B","Defend_B","Defend_B","Defend_B","Defend_B","Zap+1","Dualcast+1","Cold Snap+1","Rebound","Beam Cell+1","Glacier+1","FTL","Echo Form","Ball Lightning+1","Barrage+1"],"relics":["Cracked Core","WingedGreaves","MawBank","Shuriken","Symbiotic Virus","Inserter","Enchiridion"],"acts_visited":["Exordium","TheCity"],"potions_floor_usage":[8,10,22,24],"damage_taken":[{"damage":3,"enemies":"2 Louse","floor":1,"turns":2},{"damage":7,"enemies":"Small Slimes","floor":3,"turns":3},{"damage":0,"enemies":"Cultist","floor":4,"turns":3},{"damage":22,"enemies":"Lagavulin","floor":7,"turns":6},{"damage":0,"enemies":"Large Slime","floor":8,"turns":3},{"damage":13,"enemies":"Gremlin Nob","floor":10,"turns":4},{"damage":2,"enemies":"Gremlin Gang","floor":12,"turns":4},{"damage":0,"enemies":"3 Louse","floor":14,"turns":3},{"damage":17,"enemies":"The Guardian","floor":16,"turns":13},{"damage":12,"enemies":"Chosen","floor":18,"turns":5},{"damage":1,"enemies":"Spheric Guardian","floor":21,"turns":3},{"damage":8,"enemies":"Cultist and Chosen","floor":22,"turns":5},{"damage":59,"enemies":"Gremlin Leader","floor":24,"turns":4}],"seed_played":"3149824563331658726","potions_obtained":[{"floor":5,"key":"EntropicBrew"},{"floor":5,"key":"FairyPotion"},{"floor":5,"key":"SteroidPotion"},{"floor":7,"key":"Regen Potion"},{"floor":8,"key":"FocusPotion"},{"floor":10,"key":"LiquidMemories"},{"floor":22,"key":"Explosive Potion"}],"is_trial":false,"path_per_floor":["M","?","M","M","?","R","E","M","T","E","R","M","R","M","R","B",null,"M","?","?","M","M","R","E"],"character_chosen":"DEFECT","items_purchased":[],"campfire_rested":1,"item_purchase_floors":[],"current_hp_per_floor":[72,69,62,62,62,62,40,49,49,36,36,34,34,34,56,39,66,54,38,38,37,29,29,0,0],"gold":642,"neow_bonus":"UPGRADE_CARD","is_daily":false,"chose_seed":false,"campfire_upgraded":4,"win_rate":0.0,"timestamp":1609884395,"path_taken":["M","?","M","M","?","R","E","M","T","E","R","M","R","M","R","BOSS","M","?","?","M","?","R","E"],"items_purchased_type":[],"build_version":"2020-12-22","purchased_purges":0,"victory":false,"max_hp_per_floor":[75,75,75,75,75,75,75,75,75,75,75,75,75,75,75,75,75,75,75,75,75,75,75,75,75],"relic_stats":{"Inserter":[8],"counters":[13,58],"Shuriken":[10],"MawBank":204,"obtain_stats":[{"Inserter":17,"Shuriken":9,"Enchiridion":19,"WingedGreaves":2,"Cracked Core":0,"MawBank":7,"Symbiotic Virus":10},{"Inserter":9,"Shuriken":5,"Enchiridion":10,"WingedGreaves":1,"Cracked Core":0,"MawBank":4,"Symbiotic Virus":6},{"Inserter":41,"Shuriken":17,"Enchiridion":46,"WingedGreaves":2,"Cracked Core":0,"MawBank":14,"Symbiotic Virus":21}]},"card_choices":[{"not_picked":["Ball Lightning","Steam"],"picked":"Cold Snap","floor":1},{"not_picked":["Undo","Beam Cell"],"picked":"Rebound","floor":3},{"not_picked":["Barrage","Steam"],"picked":"Beam Cell","floor":4},{"not_picked":["Static Discharge","Melter"],"picked":"Glacier","floor":7},{"not_picked":["Gash","Hello World"],"picked":"FTL","floor":8},{"not_picked":["Coolheaded","Turbo","Aggregate"],"picked":"SKIP","floor":10},{"not_picked":["Cold Snap","Meteor Strike","Storm"],"picked":"SKIP","floor":12},{"not_picked":["Cold Snap","Meteor Strike","Storm"],"picked":"SKIP","floor":12},{"not_picked":["Cold Snap","Meteor Strike","Storm"],"picked":"SKIP","floor":12},{"not_picked":["Rebound","Ball Lightning","Stack"],"picked":"SKIP","floor":14},{"not_picked":["Multi-Cast","Meteor Strike"],"picked":"Echo Form","floor":16},{"not_picked":["Steam","Leap"],"picked":"Ball Lightning+1","floor":18},{"not_picked":["Ball Lightning","Stack","Force Field"],"picked":"SKIP","floor":21},{"not_picked":["Chill","Auto Shields"],"picked":"Barrage+1","floor":22}],"player_experience":370570,"relics_obtained":[{"floor":7,"key":"MawBank"},{"floor":9,"key":"Shuriken"},{"floor":10,"key":"Symbiotic Virus"},{"floor":19,"key":"Enchiridion"}],"event_choices":[{"damage_healed":0,"gold_gain":0,"player_choice":"Success","damage_taken":3,"relics_obtained":["WingedGreaves"],"max_hp_gain":0,"max_hp_loss":0,"event_name":"Scrap Ooze","floor":2,"gold_loss":0},{"damage_healed":0,"gold_gain":0,"player_choice":"Bought 3 Potions","damage_taken":0,"max_hp_gain":0,"max_hp_loss":0,"event_name":"The Woman in Blue","floor":5,"gold_loss":0},{"damage_healed":0,"gold_gain":0,"player_choice":"Obtained Book","damage_taken":16,"max_hp_gain":0,"max_hp_loss":0,"event_name":"Cursed Tome","floor":19,"gold_loss":0},{"cards_removed":["Strike_B"],"damage_healed":0,"gold_gain":0,"player_choice":"Purged","damage_taken":0,"max_hp_gain":0,"max_hp_loss":0,"event_name":"Purifier","floor":20,"gold_loss":0}],"is_beta":false,"boss_relics":[{"not_picked":["SacredBark","Cursed Key"],"picked":"Inserter"}],"items_purged_floors":[],"is_endless":false,"potions_floor_spawned":[7,8,10,12,16,18,22],"killed_by":"Gremlin Leader","ascension_level":5}}