{"host":"j0vzbnzm6n2ctevn","time":1609829974,"event":{"mods":["AchievementEnabler","BaseMod","Better Note","Dota2Spire","Minty Spire (QoL Compilation)","Quick Restart","Shop Mod","Spicy Shops","StSLib"],"gold_per_floor":[111,111,111,186,204,204,243,418,418,43,56,16,89,113,113,243,243,268,284,40,240,263,263,286,322,348,348,348,348],"floor_reached":28,"playtime":1165,"items_purged":["Regret","Strike_B"],"score":261,"play_id":"09025eee-9ba3-4669-a472-c7f4b77f204a","local_time":"20210105145934","is_ascension_mode":false,"campfire_choices":[{"data":"Sunder","floor":6.0,"key":"SMITH"},{"floor":15.0,"key":"REST"},{"floor":23,"key":"REST"}],"circlet_count":0,"master_deck":["Strike_B","Strike_B","Strike_B","Defend_B","Defend_B","Defend_B","Defend_B","Zap","Dualcast","Lockon","Sunder+1","Sweeping Beam","Doubt","Capacitor","Fusion","Lockon","Seek","Leap","Electrodynamics","Sweeping Beam","Double Energy","Cold Snap","Thunder Strike","Blizzard"],"relics":["Cracked Core","NeowsBlessing","Dota2Spire:AssaultCuirass","Pantograph","InkBottle","Calipers","Orichalcum","Black Star","Juzu Bracelet","Dota2Spire:DrumOfEndurance","Dota2Spire:HandOfMidas","Nloth\u0027s Gift"],"acts_visited":["Exordium","TheCity"],"potions_floor_usage":[16,25],"damage_taken":[{"damage":0.0,"enemies":"2 Louse","floor":1.0,"turns":1.0},{"damage":0.0,"enemies":"Small Slimes","floor":5.0,"turns":1.0},{"damage":0.0,"enemies":"Lagavulin","floor":7.0,"turns":1.0},{"damage":0.0,"enemies":"Jaw Worm","floor":11.0,"turns":3.0},{"damage":31.0,"enemies":"Lagavulin Event","floor":13.0,"turns":6.0},{"damage":0.0,"enemies":"3 Louse","floor":14.0,"turns":2.0},{"damage":20,"enemies":"Slime Boss","floor":16,"turns":10},{"damage":16,"enemies":"Shell Parasite","floor":18,"turns":5},{"damage":14,"enemies":"2 Thieves","floor":19,"turns":3},{"damage":26,"enemies":"Snake Plant","floor":22,"turns":4},{"damage":14,"enemies":"Sentry and Sphere","floor":24,"turns":5},{"damage":38,"enemies":"Gremlin Leader","floor":25,"turns":7},{"damage":25,"enemies":"Book of Stabbing","floor":28,"turns":5}],"seed_played":"-8616679289975618351","potions_obtained":[{"floor":1.0,"key":"PowerPotion"},{"floor":11.0,"key":"BlessingOfTheForge"},{"floor":13.0,"key":"Fruit Juice"},{"floor":18,"key":"FearPotion"},{"floor":19,"key":"FairyPotion"}],"is_trial":false,"path_per_floor":["M","?","?","?","M","R","E","?","T","$","M","$","?","M","R","B",null,"M","M","$","?","M","R","M","E","T","?","E"],"character_chosen":"DEFECT","items_purchased":["Capacitor","Calipers","Lockon","Juzu Bracelet"],"campfire_rested":2,"item_purchase_floors":[10,10,12,20],"current_hp_per_floor":[75,57,57,46,46,46,46,46,46,46,46,46,15,20,44,49,80,64,50,50,50,24,48,34,24,24,24,0,0],"gold":348,"neow_bonus":"THREE_ENEMY_KILL","is_daily":false,"chose_seed":false,"campfire_upgraded":1,"win_rate":0.0,"timestamp":1609829974,"path_taken":["M","?","?","?","M","R","E","?","T","$","M","?","?","?","R","BOSS","M","M","$","?","M","R","M","E","T","?","E"],"items_purchased_type":["Card","Relic","Card","Relic"],"build_version":"2020-12-22","purchased_purges":2,"victory":false,"max_hp_per_floor":[75,75,75,75,75,75,75,75,75,75,75,75,75,80,80,80,80,80,80,80,80,80,80,80,80,80,80,80,80],"card_choices":[{"not_picked":["Leap","Rebound"],"picked":"Lockon","floor":1.0},{"not_picked":["Loop","Beam Cell"],"picked":"Sunder","floor":5.0},{"not_picked":["Doom and Gloom","Beam Cell"],"picked":"Sweeping Beam","floor":7.0},{"not_picked":["Go for the Eyes","Barrage"],"picked":"Fusion","floor":11.0},{"not_picked":["Steam","Go for the Eyes"],"picked":"Seek","floor":13.0},{"not_picked":["Gash","Barrage"],"picked":"Leap","floor":14.0},{"not_picked":["Reboot","Fission"],"picked":"Electrodynamics","floor":16},{"not_picked":["Turbo","Lockon"],"picked":"Sweeping Beam","floor":18},{"not_picked":["Ball Lightning","Melter"],"picked":"Double Energy","floor":19},{"not_picked":["Rebound","Leap"],"picked":"Cold Snap","floor":22},{"not_picked":["Beam Cell","Melter+1"],"picked":"Thunder Strike","floor":24},{"not_picked":["Beam Cell","Go for the Eyes"],"picked":"Blizzard","floor":25}],"player_experience":131012,"relics_obtained":[{"floor":7.0,"key":"Pantograph"},{"floor":9.0,"key":"InkBottle"},{"floor":25,"key":"Dota2Spire:DrumOfEndurance"},{"floor":25,"key":"Dota2Spire:HandOfMidas"}],"event_choices":[{"damage_healed":0.0,"max_hp_gain":0.0,"max_hp_loss":0.0,"gold_gain":0.0,"event_name":"Golden Idol","player_choice":"Take Damage","floor":2.0,"gold_loss":0.0,"damage_taken":18.0,"relics_obtained":["Golden Idol"]},{"damage_healed":0.0,"max_hp_gain":0.0,"max_hp_loss":0.0,"gold_gain":0.0,"event_name":"Big Fish","player_choice":"Box","floor":3.0,"gold_loss":0.0,"damage_taken":0.0,"relics_obtained":["Dota2Spire:AssaultCuirass"],"cards_obtained":["Regret"]},{"damage_healed":0.0,"max_hp_gain":0.0,"max_hp_loss":0.0,"gold_gain":75.0,"event_name":"World of Goop","player_choice":"Gather Gold","floor":4.0,"gold_loss":0.0,"damage_taken":11.0},{"damage_healed":0.0,"max_hp_gain":0.0,"max_hp_loss":0.0,"gold_gain":175.0,"event_name":"Liars Game","player_choice":"AGREE","floor":8.0,"gold_loss":0.0,"damage_taken":0.0,"cards_obtained":["Doubt"]},{"damage_healed":0.0,"max_hp_gain":0.0,"max_hp_loss":0.0,"gold_gain":30.0,"event_name":"Dead Adventurer","player_choice":"Searched \u00273\u0027 times","floor":13.0,"gold_loss":0.0,"damage_taken":0.0,"relics_obtained":["Orichalcum"]},{"damage_healed":0,"gold_gain":200,"player_choice":"Gold","damage_taken":0,"max_hp_gain":0,"max_hp_loss":0,"event_name":"Wheel of Change","floor":21,"gold_loss":0},{"damage_healed":0,"gold_gain":0,"player_choice":"Traded Relic","damage_taken":0,"relics_obtained":["Nloth\u0027s Gift"],"max_hp_gain":0,"max_hp_loss":0,"event_name":"N\u0027loth","floor":27,"relics_lost":["Golden Idol"],"gold_loss":0}],"is_beta":false,"boss_relics":[{"not_picked":["Ectoplasm","Runic Pyramid"],"picked":"Black Star"}],"items_purged_floors":[10,20],"is_endless":false,"potions_floor_spawned":[1,11,13,18,19,24],"killed_by":"Book of Stabbing","ascension_level":0}}