{"host":"jielpdldxluclcd7","time":1609868971,"event":{"mods":["AchievementEnabler","BaseMod","CapriCore","Colored Map","DeckTracker","Highlight Path","KOR Keyword Fix","Lobotomy","Minty Spire (QoL Compilation)","Permanent Neow","StSLib"],"gold_per_floor":[111,186,186,204,217,217,230,230,305,190,66,66,81,97,97,97,97],"floor_reached":16,"playtime":757,"items_purged":["Strike_G","Strike_G"],"score":92,"play_id":"f3b74413-dfc0-495a-88c5-e8b7a29ede74","local_time":"20210106024931","is_ascension_mode":false,"campfire_choices":[{"data":"Blade Dance","floor":6,"key":"SMITH"},{"data":"Neutralize","floor":8,"key":"SMITH"},{"data":"Accuracy","floor":15,"key":"SMITH"}],"circlet_count":0,"master_deck":["Strike_G+1","Strike_G","Strike_G","Defend_G","Defend_G","Defend_G","Defend_G","Survivor","Neutralize+1","SpiderBud","Dash+1","Blade Dance+1","BigBadWolf","Caltrops","Backstab","LongBird","Terror","Blade Dance","Accuracy+1","PunishingBird","Finisher"],"relics":["Ring of the Snake","CogitoBucket","Blue Candle"],"acts_visited":["Exordium"],"potions_floor_usage":[],"damage_taken":[{"damage":0,"enemies":"Small Slimes","floor":1,"turns":4},{"damage":3,"enemies":"Jaw Worm","floor":4,"turns":4},{"damage":0,"enemies":"Cultist","floor":5,"turns":4},{"damage":12,"enemies":"Blue Slaver","floor":7,"turns":3},{"damage":2,"enemies":"Looter","floor":13,"turns":2},{"damage":13,"enemies":"Red Slaver","floor":14,"turns":2},{"damage":5,"enemies":"Slime Boss","floor":16,"turns":4}],"seed_played":"-7473340568392454657","potions_obtained":[{"floor":1,"key":"DistilledChaos"},{"floor":7,"key":"SteroidPotion"},{"floor":14,"key":"CunningPotion"}],"is_trial":false,"path_per_floor":["M","?","?","M","M","R","M","R","T","$","$","?","M","M","R","B"],"character_chosen":"THE_SILENT","items_purchased":["Terror","Blade Dance"],"campfire_rested":0,"item_purchase_floors":[10,11],"current_hp_per_floor":[70,59,59,56,56,56,44,44,44,44,44,30,28,15,15,12,12],"gold":97,"neow_bonus":"","is_daily":false,"chose_seed":false,"campfire_upgraded":3,"win_rate":0.0,"timestamp":1609868971,"path_taken":["M","?","?","M","M","R","M","R","T","?","$","?","M","?","R","BOSS"],"items_purchased_type":["Card","Card"],"build_version":"2020-12-22","purchased_purges":2,"victory":false,"max_hp_per_floor":[70,70,70,70,70,70,70,70,70,70,70,70,70,70,70,70,70],"card_choices":[{"not_picked":["CherryBlossoms","MHz"],"picked":"SpiderBud","floor":1},{"not_picked":["Dodge and Roll","Reflex"],"picked":"Dash","floor":1},{"not_picked":["Infinite Blades","Skewer"],"picked":"Blade Dance","floor":4},{"not_picked":["Funeral","Wellcheers","OSAHOGD"],"picked":"Singing Bowl","floor":4},{"not_picked":["OSAHOGD","OldLady"],"picked":"BigBadWolf","floor":4},{"not_picked":["FairyFestival","LaLuna","CherryBlossoms"],"picked":"Singing Bowl","floor":5},{"not_picked":["Flying Knee","Acrobatics"],"picked":"Caltrops","floor":5},{"not_picked":["Backflip","Predator"],"picked":"Backstab","floor":7},{"not_picked":["HappyTeddy","Alriune","QueenBee"],"picked":"Singing Bowl","floor":7},{"not_picked":["Yin","MHz"],"picked":"LongBird","floor":7},{"not_picked":["Backflip","Catalyst"],"picked":"Accuracy","floor":13},{"not_picked":["Scorched","MeatLantern","SingingMachine"],"picked":"Singing Bowl","floor":13},{"not_picked":["VoidDream","Bloodbath"],"picked":"PunishingBird","floor":13},{"not_picked":["Prepared","Slice"],"picked":"Finisher","floor":14},{"not_picked":["VoidDream","BlackSwan","Murderer"],"picked":"Singing Bowl","floor":14}],"player_experience":222564,"relics_obtained":[{"floor":9,"key":"Blue Candle"}],"event_choices":[{"damage_healed":0,"gold_gain":75,"player_choice":"Gather Gold","damage_taken":11,"max_hp_gain":0,"max_hp_loss":0,"event_name":"World of Goop","floor":2,"gold_loss":0},{"damage_healed":0,"gold_gain":0,"player_choice":"Ignored","damage_taken":0,"max_hp_gain":0,"max_hp_loss":0,"event_name":"Liars Game","floor":3,"gold_loss":0},{"damage_healed":0,"gold_gain":0,"player_choice":"Entered Light","damage_taken":14,"max_hp_gain":0,"max_hp_loss":0,"event_name":"Shining Light","floor":12,"gold_loss":0,"cards_upgraded":["Dash","Strike_G"]}],"is_beta":false,"boss_relics":[],"items_purged_floors":[10,11],"is_endless":false,"potions_floor_spawned":[1,7,14],"killed_by":"Slime Boss","ascension_level":0}}