{"host":"m77rrhbqzv44va4v","time":1609842409,"event":{"mods":["AchievementEnabler","BaseMod","Colored Map","DeckTracker","Keyboard Shortcuts","Minty Spire (QoL Compilation)","StSLib","SuperFastMode","everything is the same but u backflip on backflip"],"gold_per_floor":[111,128,145,165,16,16,33,33,33],"floor_reached":8,"playtime":192,"items_purged":[],"score":75,"play_id":"0d928e60-a22d-4540-b7f9-f12a0c28b3c9","local_time":"20210105192649","is_ascension_mode":true,"campfire_choices":[{"data":"Genetic Algorithm","floor":6,"key":"SMITH"}],"circlet_count":0,"master_deck":["AscendersBane","Strike_B","Strike_B","Strike_B","Strike_B","Defend_B","Defend_B","Defend_B","Defend_B","Zap","Dualcast","Cold Snap","Genetic Algorithm+1","Turbo","Glacier","Self Repair"],"relics":["Cracked Core","Regal Pillow","Membership Card"],"acts_visited":["Exordium"],"potions_floor_usage":[8],"damage_taken":[{"damage":0.0,"enemies":"2 Louse","floor":1.0,"turns":3.0},{"damage":2.0,"enemies":"Jaw Worm","floor":2.0,"turns":4.0},{"damage":10.0,"enemies":"Small Slimes","floor":3.0,"turns":4.0},{"damage":10.0,"enemies":"Looter","floor":4.0,"turns":4.0},{"damage":3,"enemies":"2 Fungi Beasts","floor":7,"turns":4},{"damage":44,"enemies":"Gremlin Nob","floor":8,"turns":4}],"seed_played":"-3695617724499234387","potions_obtained":[{"floor":2.0,"key":"LiquidBronze"},{"floor":7,"key":"PotionOfCapacity"}],"is_trial":false,"path_per_floor":["M","M","M","M","$","R","M","E"],"character_chosen":"DEFECT","items_purchased":["Membership Card"],"campfire_rested":0,"item_purchase_floors":[5],"current_hp_per_floor":[68,66,56,46,46,46,43,0,0],"gold":33,"neow_bonus":"RANDOM_COMMON_RELIC","is_daily":false,"chose_seed":false,"campfire_upgraded":1,"win_rate":0.0,"timestamp":1609842409,"path_taken":["M","M","M","M","$","R","M","E"],"items_purchased_type":["Relic"],"build_version":"2020-12-22","purchased_purges":0,"victory":false,"max_hp_per_floor":[75,75,75,75,75,75,75,75,75],"card_choices":[{"not_picked":["Barrage","Leap"],"picked":"Cold Snap","floor":1.0},{"not_picked":["Consume","Steam"],"picked":"Genetic Algorithm","floor":2.0},{"not_picked":["Redo","Auto Shields"],"picked":"Turbo","floor":3.0},{"not_picked":["Rebound","Coolheaded"],"picked":"Glacier","floor":4.0},{"not_picked":["Double Energy","Storm"],"picked":"Self Repair","floor":7}],"player_experience":894059,"relics_obtained":[],"event_choices":[],"is_beta":false,"boss_relics":[],"items_purged_floors":[],"is_endless":false,"potions_floor_spawned":[2,7],"killed_by":"Gremlin Nob","ascension_level":10}}