{"host":"f5h077e5av00giy4","time":1609819709,"event":{"mods":["Act Like it!","Aspiration","BaseMod","Colored Powertips","Conspire","Decade(王小明)","Hermit","Hunter 猎人","KinomotoSakuraMod(木之本樱)","Koishi","KomeijiMod","Marisa（F雨　魔理沙）","Minty Spire (QoL Compilation)","MostiFishMod","Nova Terra(诺娃・泰拉)","Pale of the Ancients","Quick Restart","Reimu（博丽灵梦）","Relic Stats","Remilia（蕾米莉亚）","Replay The Spire","RumiaBox-露米娅的神秘盒子","Shop Mod","Spicy Shops","StSLib","TestMod","The Alterego","The Gatherer","The Mystic","The Poker Player","The Runesmith","The Servant 0.9.4","TheWitcher","Yakumo Yukari mod","Youmu（魂魄妖梦）","Yuyuko","noobMod","vexMod","【功能Mod】聪明的最终Boss","【遗物卡牌】REMEMod","篝火指南"],"gold_per_floor":[117,117,517,527,544,577,577,609,658,517,584,631,658,718,476,592,604,633,645,680,754,822,863,177,262,350,436,203,287,391,433,300,499,499,515,515,600,600,681,761,246,352,352,415,451,379,412,99,99,179,217,361,636,20,56,226,263,108,108,108],"floor_reached":61,"playtime":3488,"items_purged":["Injury","Regret"],"score":2068,"play_id":"80da037e-6937-4f06-a69f-357465654126","local_time":"20210105120829","is_ascension_mode":true,"campfire_choices":[{"floor":49.0,"key":"DIG"}],"circlet_count":0,"master_deck":["Strike_MRS","Strike_MRS","Strike_MRS","Strike_MRS","Defend_MRS","Defend_MRS+1","Defend_MRS","Defend_MRS","MasterSpark","UpSweep","Gatherer:Uplift+1","OpenUniverse","PowerUp","MillisecondPulsars+1","TreasureHunter","CollectingQuirk","WitchOfGreed","Acceleration","EnergyFlow","MaximisePower+1","Robbery","Robbery","NonDirectionalLaser+1","MagicChant+1","DoubleSpark","EscapeVelocity+1","OortCloud+1","UltimateShortwave+1","ManaConvection+1","TreasureHunter+1","SuperNova+1","ChargeUpSpray","JA+1","Madness+1","Madness","PropBag+1","PropBag","MagicAbsorber","MilkyWay","EventHorizon+1","ShootingEcho+1","AbsoluteMagnitude+1","UltimateShortwave+1","LuminesStrike+1","6A","Orbital","ManaRampage+1","MaximisePower+1","BlazeAway+1","SatelliteIllusion+1"],"relics":["MiniHakkero","ice","DaveBox","REME_ComplimentaryCards","testmod-GiftOfSatan","BirthdayGift-Icosahedron","SynthV:TestCard","Eternal Feather","aspiration:Lifesprig","testmod-ArcanaOfDestiny","MawBank","BrkXgEgg","Pet Ghost","Boot","ReplayTheSpireMod:Ninjato","Ring of Chaos","SSSystem","GodSword1","AmplifyWand","MerchantsRug","Question Card","Letter Opener","Runesmith:Nanobots","Turnip","Chemical X","testmod-Fortitude","Runesmith:UraniumAnvil","BionicSphere","War Paint","ChiLing","Chi","Ling","Prayer Wheel","Anchor","Torii","Akabeko","GodSword4","vexMod:MemoryStick","paleoftheancients:Timepiece","paleoftheancients:KeyRelic","Gremlin Horn","CultistMask","testmod-TurbochargingSystem","Replay:Towering Pillar of Hats","paleoftheancients:SoulOfTheShrineMaiden","Technique"],"acts_visited":["Exordium","TheCity","TheBeyond","paleoftheancients:PaleOfTheAncients"],"potions_floor_usage":[],"damage_taken":[{"damage":0.0,"enemies":"Small Slimes","floor":1.0,"turns":2.0},{"damage":0.0,"enemies":"conspire:RoseBush","floor":4.0,"turns":3.0},{"damage":0.0,"enemies":"2 Louse","floor":5.0,"turns":1.0},{"damage":18.0,"enemies":"Lagavulin","floor":6.0,"turns":4.0},{"damage":20.0,"enemies":"Gremlin Nob","floor":8.0,"turns":4.0},{"damage":0.0,"enemies":"3 Sentries","floor":12.0,"turns":3.0},{"damage":0.0,"enemies":"Gremlin Gang","floor":13.0,"turns":1.0},{"damage":0.0,"enemies":"Large Slime","floor":14.0,"turns":2.0},{"damage":24.0,"enemies":"Hexaghost","floor":16.0,"turns":3.0},{"damage":0.0,"enemies":"Chosen","floor":18.0,"turns":1.0},{"damage":0.0,"enemies":"Shell Parasite","floor":20.0,"turns":2.0},{"damage":0.0,"enemies":"Sentry and Sphere","floor":21.0,"turns":3.0},{"damage":7.0,"enemies":"Snecko","floor":22.0,"turns":3.0},{"damage":0.0,"enemies":"Slavers","floor":23.0,"turns":1.0},{"damage":9.0,"enemies":"Shelled Parasite and Fungi","floor":25.0,"turns":2.0},{"damage":0.0,"enemies":"conspire:SneckoGhost","floor":27.0,"turns":3.0},{"damage":0.0,"enemies":"Centurion and Healer","floor":29.0,"turns":2.0},{"damage":0.0,"enemies":"Slavers","floor":30.0,"turns":2.0},{"damage":0.0,"enemies":"3 Cultists","floor":31.0,"turns":1.0},{"damage":1.0,"enemies":"Automaton","floor":33.0,"turns":8.0},{"damage":0.0,"enemies":"3 Darklings","floor":35.0,"turns":1.0},{"damage":0.0,"enemies":"Orb Walker","floor":37.0,"turns":1.0},{"damage":0.0,"enemies":"Maw","floor":39.0,"turns":2.0},{"damage":0.0,"enemies":"Nemesis","floor":40.0,"turns":1.0},{"damage":0.0,"enemies":"R_Hoarder","floor":42.0,"turns":2.0},{"damage":2.0,"enemies":"Transient","floor":44.0,"turns":2.0},{"damage":0.0,"enemies":"4 Shapes","floor":45.0,"turns":1.0},{"damage":1.0,"enemies":"Giant Head","floor":47.0,"turns":1.0},{"damage":0.0,"enemies":"conspire:OrnateMirror","floor":50.0,"turns":1.0},{"damage":0.0,"enemies":"conspire:OrnateMirror","floor":51.0,"turns":1.0},{"damage":0.0,"enemies":"conspire:OrnateMirror","floor":52.0,"turns":1.0},{"damage":3.0,"enemies":"conspire:OrnateMirror","floor":56.0,"turns":4.0},{"damage":1,"enemies":"paleoftheancients:N","floor":60,"turns":2}],"seed_played":"-2250919774710384284","potions_obtained":[{"floor":13.0,"key":"Death Potion"},{"floor":14.0,"key":"SkillPotion"},{"floor":14.0,"key":"SteroidPotion"},{"floor":14.0,"key":"LiquidMemories"},{"floor":16.0,"key":"Explosive Potion"},{"floor":20.0,"key":"AttackPotion"},{"floor":21.0,"key":"Energy Potion"},{"floor":25.0,"key":"DistilledChaos"},{"floor":27.0,"key":"Reflective Coating"},{"floor":31.0,"key":"FairyPotion"},{"floor":31.0,"key":"SpeedPotion"},{"floor":33.0,"key":"SkillPotion"},{"floor":37.0,"key":"Energy Potion"},{"floor":39.0,"key":"testmod-SpacePotion"},{"floor":40.0,"key":"DuplicationPotion"},{"floor":42.0,"key":"Milkshake"},{"floor":42.0,"key":"ZuzhouPotion:ReiMu"},{"floor":51.0,"key":"PowerPotion"},{"floor":56.0,"key":"LifebloodPotion"},{"floor":56.0,"key":"SpeedPotion"}],"is_trial":false,"path_per_floor":["M","?","?","M","M","E","R","E","T","R","?","E","M","M","R","B",null,"M","?","M","M","M","E","R","M","T","E","$","M","E","M","R","B",null,"M","?","M","?","M","E","$","E","T","M","M","R","E","$","R","B","M","M","?","$","R","M","R","$","?","B",null],"character_chosen":"MARISA","items_purchased":["BrkXgEgg","ReplayTheSpireMod:Ninjato","REME_OnlineShoppingPlatform","GodSword1","AmplifyWand","MerchantsRug","Runesmith:Nanobots","Chemical X","War Paint","ChiLing","Prayer Wheel","DollysMirror","GodSword4","Replay:Multitool","vexMod:TimeEaterHat","testmod-TurbochargingSystem","Replay:Towering Pillar of Hats","testmod-OneHitWonder","Technique"],"campfire_rested":0,"item_purchase_floors":[10,15,24,24,24,24,28,32,41,41,41,46,48,48,54,54,54,55,58],"current_hp_per_floor":[82,82,82,82,82,76,85,66,66,75,75,87,87,87,87,64,87,87,87,87,94,88,89,94,86,86,87,87,101,101,101,101,101,101,101,101,101,88,101,101,101,101,101,100,101,101,101,101,101,101,101,101,101,101,101,101,101,101,101,101],"gold":108,"neow_bonus":"TEN_PERCENT_HP_BONUS","is_daily":false,"chose_seed":false,"campfire_upgraded":0,"win_rate":0.0,"timestamp":1609819709,"path_taken":["M","?","?","M","M","E","R","E","T","R","?","E","M","M","R","BOSS","M","?","M","M","?","E","R","M","T","E","$","M","E","M","R","BOSS","M","?","M","?","M","E","?","E","T","?","?","R","E","$","R","BOSS","M","M","?","$","R","M","R","$","?","BOSS"],"items_purchased_type":["Relic","Relic","Relic","Relic","Relic","Relic","Relic","Relic","Relic","Relic","Relic","Relic","Relic","Relic","Relic","Relic","Relic","Relic","Relic"],"build_version":"2020-12-22","purchased_purges":2,"victory":true,"max_hp_per_floor":[82,82,82,82,82,87,87,87,87,87,87,87,87,87,87,87,87,87,87,87,94,94,94,94,94,94,94,94,101,101,101,101,101,101,101,101,101,101,101,101,101,101,101,101,101,101,101,101,101,101,101,101,101,101,101,101,101,101,101,101],"relic_stats":{"Torii":0,"Gremlin Horn":[6,8],"counters":[33,71],"Eternal Feather":23,"Letter Opener":[277],"War Paint":["Defend_MRS","PropBag"],"MawBank":228,"Boot":[12],"Question Card":21,"Prayer Wheel":5,"Turnip":[5],"Chemical X":[1],"obtain_stats":[{"vexMod:MemoryStick":49,"Gremlin Horn":50,"Chi":41,"SSSystem":23,"ice":0,"BirthdayGift-Icosahedron":0,"paleoftheancients:SoulOfTheShrineMaiden":56,"Boot":12,"Sundial":44,"DollysMirror":46,"Prayer Wheel":41,"Kunai":50,"REME_OnlineShoppingPlatform":24,"MerchantsRug":24,"paleoftheancients:KeyRelic":50,"testmod-TestBox":0,"Blue Candle":45,"Eternal Feather":6,"vexMod:TimeEaterHat":54,"Ring of Chaos":17,"Letter Opener":27,"War Paint":41,"Question Card":26,"aspiration:HiddenCompartment":47,"Akabeko":47,"testmod-Fortitude":33,"paleoftheancients:Timepiece":50,"Ling":41,"testmod-GiftOfSatan":0,"Shuriken":45,"BionicSphere":40,"CultistMask":50,"MiniHakkero":0,"Technique":58,"GodSword4":48,"testmod-OneHitWonder":55,"GodSword1":24,"ChiLing":41,"Meat on the Bone":52,"AmplifyWand":24,"aspiration:Lifesprig":8,"DaveBox":0,"Torii":43,"Replay:Multitool":48,"Pet Ghost":12,"Mummified Hand":44,"Chemical X":32,"testmod-ArcanaOfDestiny":8,"Runesmith:Nanobots":28,"ReplayTheSpireMod:Ninjato":15,"Replay:Towering Pillar of Hats":54,"BrkXgEgg":10,"testmod-TurbochargingSystem":54,"Orichalcum":42,"MawBank":9,"Mercury Hourglass":42,"Anchor":42,"SynthV:TestCard":1,"Ornamental Fan":42,"Runesmith:UraniumAnvil":34,"Turnip":30,"REME_ComplimentaryCards":0},{"vexMod:MemoryStick":28,"Gremlin Horn":29,"Chi":24,"SSSystem":14,"ice":0,"BirthdayGift-Icosahedron":0,"paleoftheancients:SoulOfTheShrineMaiden":32,"Boot":6,"Sundial":26,"DollysMirror":27,"Prayer Wheel":24,"Kunai":29,"REME_OnlineShoppingPlatform":14,"MerchantsRug":14,"paleoftheancients:KeyRelic":29,"testmod-TestBox":0,"Blue Candle":27,"Eternal Feather":4,"vexMod:TimeEaterHat":31,"Ring of Chaos":9,"Letter Opener":16,"War Paint":24,"Question Card":15,"aspiration:HiddenCompartment":28,"Akabeko":28,"testmod-Fortitude":20,"paleoftheancients:Timepiece":29,"Ling":24,"testmod-GiftOfSatan":0,"Shuriken":27,"BionicSphere":24,"CultistMask":29,"MiniHakkero":0,"Technique":32,"GodSword4":28,"testmod-OneHitWonder":31,"GodSword1":14,"ChiLing":24,"Meat on the Bone":31,"AmplifyWand":14,"aspiration:Lifesprig":5,"DaveBox":0,"Torii":25,"Replay:Multitool":28,"Pet Ghost":6,"Mummified Hand":26,"Chemical X":19,"testmod-ArcanaOfDestiny":5,"Runesmith:Nanobots":16,"ReplayTheSpireMod:Ninjato":8,"Replay:Towering Pillar of Hats":31,"BrkXgEgg":5,"testmod-TurbochargingSystem":31,"Orichalcum":25,"MawBank":5,"Mercury Hourglass":25,"Anchor":25,"SynthV:TestCard":1,"Ornamental Fan":25,"Runesmith:UraniumAnvil":20,"Turnip":18,"REME_ComplimentaryCards":0},{"vexMod:MemoryStick":62,"Gremlin Horn":63,"Chi":56,"SSSystem":33,"ice":0,"BirthdayGift-Icosahedron":0,"paleoftheancients:SoulOfTheShrineMaiden":69,"Boot":17,"Sundial":60,"DollysMirror":61,"Prayer Wheel":56,"Kunai":63,"REME_OnlineShoppingPlatform":33,"MerchantsRug":33,"paleoftheancients:KeyRelic":63,"testmod-TestBox":0,"Blue Candle":61,"Eternal Feather":10,"vexMod:TimeEaterHat":65,"Ring of Chaos":23,"Letter Opener":38,"War Paint":56,"Question Card":35,"aspiration:HiddenCompartment":62,"Akabeko":62,"testmod-Fortitude":51,"paleoftheancients:Timepiece":63,"Ling":56,"testmod-GiftOfSatan":0,"Shuriken":61,"BionicSphere":56,"CultistMask":63,"MiniHakkero":0,"Technique":69,"GodSword4":62,"testmod-OneHitWonder":65,"GodSword1":33,"ChiLing":56,"Meat on the Bone":65,"AmplifyWand":33,"aspiration:Lifesprig":14,"DaveBox":0,"Torii":58,"Replay:Multitool":62,"Pet Ghost":17,"Mummified Hand":59,"Chemical X":43,"testmod-ArcanaOfDestiny":14,"Runesmith:Nanobots":38,"ReplayTheSpireMod:Ninjato":20,"Replay:Towering Pillar of Hats":65,"BrkXgEgg":14,"testmod-TurbochargingSystem":65,"Orichalcum":58,"MawBank":14,"Mercury Hourglass":57,"Anchor":58,"SynthV:TestCard":2,"Ornamental Fan":57,"Runesmith:UraniumAnvil":51,"Turnip":42,"REME_ComplimentaryCards":0}]},"card_choices":[{"not_picked":["Acceleration","SuperPerseids"],"picked":"OpenUniverse","floor":1.0},{"not_picked":["OortCloud","AsteroidBelt","EnergyRecoil","DC"],"picked":"PowerUp","floor":4.0},{"not_picked":["NonDirectionalLaser","GalacticHalo","6A","OneTimeOff"],"picked":"MillisecondPulsars","floor":5.0},{"not_picked":["Occultation","ShootTheMoon","DarkMatter","DeepEcoloBomb"],"picked":"TreasureHunter","floor":6.0},{"not_picked":["AsteroidBelt","6A","GravityBeat","UnstableBomb"],"picked":"CollectingQuirk","floor":8.0},{"not_picked":["WitchLeyline","Robbery","SuperPerseids","PowerUp"],"picked":"WitchOfGreed","floor":12.0},{"not_picked":["AsteroidBelt","DC","GalacticHalo","MysteriousBeam"],"picked":"Acceleration","floor":13.0},{"not_picked":["OneTimeOff","DeepEcoloBomb","FairyDestructionRay","RefractionSpark"],"picked":"EnergyFlow","floor":14.0},{"not_picked":["CollectingQuirk+1","BlazingStar+1","CasketOfStar+1","AbsoluteMagnitude+1"],"picked":"MaximisePower+1","floor":16.0},{"not_picked":["GasGiant","Occultation","LuminesStrike+1","DarkSpark"],"picked":"Robbery","floor":18.0},{"not_picked":["MilkyWay","WitchOfGreed","DoubleSpark","WitchLeyline"],"picked":"Robbery","floor":20.0},{"not_picked":["OortCloud","GasGiant+1","GrandCross","ShootTheMoon"],"picked":"NonDirectionalLaser+1","floor":21.0},{"not_picked":["RefractionSpark","ShootTheMoon+1","GalacticHalo","DC"],"picked":"MagicChant+1","floor":22.0},{"not_picked":["SporeBomb","PowerUp","MilkyWay","OneTimeOff"],"picked":"DoubleSpark","floor":23.0},{"not_picked":["DeepEcoloBomb","MagicAbsorber","BlazeAway","GasGiant"],"picked":"EscapeVelocity+1","floor":25.0},{"not_picked":["EnergyFlow","LuminesStrike","GrandCross","PulseMagic","NonDirectionalLaser+1"],"picked":"OortCloud+1","floor":27.0},{"not_picked":["WitchLeyline","RefractionSpark+1","GravityBeat+1","LuminesStrike","PowerUp"],"picked":"UltimateShortwave+1","floor":29.0},{"not_picked":["ShootTheMoon","DarkMatter+1","SporeBomb","WitchLeyline","DC"],"picked":"ManaConvection+1","floor":30.0},{"not_picked":["DC","GravityBeat","NonDirectionalLaser","LuminesStrike","GrandCross"],"picked":"TreasureHunter+1","floor":31.0},{"not_picked":["UltimateShortwave+1","BlazingStar+1","StarDustReverie+1","MillisecondPulsars+1","SatelliteIllusion+1"],"picked":"SuperNova+1","floor":33.0},{"not_picked":["Acceleration","AsteroidBelt","PowerUp","ShootingEcho","MachineGunSpark"],"picked":"ChargeUpSpray","floor":35.0},{"not_picked":["IllusionStar+1","SprinkleStarSeal","GrandCross","GravityBeat","AlicesGift"],"picked":"JA+1","floor":37.0},{"not_picked":["GalacticHalo+1","AlicesGift+1","SporeBomb","NonDirectionalLaser+1","PowerUp+1"],"picked":"PropBag","floor":39.0},{"not_picked":["BigCrunch+1","ShootingEcho","MachineGunSpark+1","NonDirectionalLaser+1","GalacticHalo+1"],"picked":"PropBag","floor":40.0},{"not_picked":["6A","UnstableBomb+1","GravityBeat","StarBarrage+1","FairyDestructionRay+1"],"picked":"MagicAbsorber","floor":42.0},{"not_picked":["Orbital","DC+1","WitchOfGreed+1","NonDirectionalLaser","DoubleSpark+1"],"picked":"MilkyWay","floor":44.0},{"not_picked":["DarkMatter","UnstableBomb","6A","AsteroidBelt","MeteoricShower+1"],"picked":"EventHorizon+1","floor":44.0},{"not_picked":["GravityBeat","SuperPerseids","StarBarrage","WitchOfGreed","6A"],"picked":"ShootingEcho+1","floor":45.0},{"not_picked":["OneTimeOff","OpenUniverse+1","WitchLeyline+1","GalacticHalo","DarkSpark"],"picked":"AbsoluteMagnitude+1","floor":45.0},{"not_picked":["UnstableBomb","DoubleSpark+1","EventHorizon+1","WitchOfGreed","PowerUp"],"picked":"LuminesStrike+1","floor":47.0},{"not_picked":["RefractionSpark","WitchOfGreed","DeepEcoloBomb+1","ManaConvection","ShootTheMoon"],"picked":"6A","floor":51.0},{"not_picked":["DoubleSpark","PropBag","Acceleration+1","WitchLeyline+1","Occultation"],"picked":"Orbital","floor":51.0},{"not_picked":["OrrerysSun+1","SprinkleStarSeal","GravityBeat+1","6A+1","GrandCross+1"],"picked":"ManaRampage+1","floor":52.0},{"not_picked":["DC+1","GrandCross+1","NonDirectionalLaser+1","AsteroidBelt+1","6A"],"picked":"MaximisePower+1","floor":52.0},{"not_picked":["ShootTheMoon","GravityBeat","LuminesStrike+1","RefractionSpark","GalacticHalo+1"],"picked":"BlazeAway+1","floor":56.0},{"not_picked":["DoubleSpark","LuminesStrike","AsteroidBelt","WitchOfGreed","DC"],"picked":"SatelliteIllusion+1","floor":56.0}],"player_experience":269645,"relics_obtained":[{"floor":1.0,"key":"SynthV:TestCard"},{"floor":6.0,"key":"Eternal Feather"},{"floor":8.0,"key":"aspiration:Lifesprig"},{"floor":8.0,"key":"testmod-ArcanaOfDestiny"},{"floor":9.0,"key":"MawBank"},{"floor":12.0,"key":"Pet Ghost"},{"floor":12.0,"key":"Boot"},{"floor":23.0,"key":"SSSystem"},{"floor":26.0,"key":"Question Card"},{"floor":27.0,"key":"Letter Opener"},{"floor":30.0,"key":"Turnip"},{"floor":33.0,"key":"testmod-Fortitude"},{"floor":40.0,"key":"BionicSphere"},{"floor":42.0,"key":"Orichalcum"},{"floor":42.0,"key":"Anchor"},{"floor":43.0,"key":"Torii"},{"floor":47.0,"key":"Akabeko"},{"floor":47.0,"key":"aspiration:HiddenCompartment"},{"floor":49.0,"key":"vexMod:MemoryStick"},{"floor":56.0,"key":"paleoftheancients:SoulOfTheShrineMaiden"}],"event_choices":[{"damage_healed":0.0,"max_hp_gain":0.0,"max_hp_loss":0.0,"gold_gain":0.0,"event_name":"The Cleric","player_choice":"Leave","floor":2.0,"gold_loss":0.0,"damage_taken":0.0},{"damage_healed":0.0,"max_hp_gain":0.0,"max_hp_loss":0.0,"gold_gain":400.0,"event_name":"恩洛斯的盘子","player_choice":"Sell","floor":3.0,"relics_lost":["testmod-TestBox"],"gold_loss":0.0,"damage_taken":0.0},{"damage_healed":0.0,"max_hp_gain":0.0,"max_hp_loss":0.0,"gold_gain":55.0,"event_name":"Golden Wing","player_choice":"Gained Gold","floor":11.0,"gold_loss":0.0,"damage_taken":0.0},{"damage_healed":0.0,"max_hp_gain":0.0,"max_hp_loss":0.0,"gold_gain":0.0,"event_name":"Upgrade Shrine","player_choice":"Upgraded","floor":19.0,"gold_loss":0.0,"damage_taken":0.0,"cards_upgraded":["MillisecondPulsars"]},{"damage_healed":0.0,"max_hp_gain":0.0,"max_hp_loss":0.0,"gold_gain":0.0,"event_name":"Winding Halls","player_choice":"Embrace Madness","floor":38.0,"gold_loss":0.0,"damage_taken":13.0,"cards_obtained":["Madness","Madness"]},{"damage_healed":0.0,"max_hp_gain":0.0,"max_hp_loss":0.0,"gold_gain":275.0,"event_name":"Golden Shrine","player_choice":"Desecrate","floor":53.0,"gold_loss":0.0,"damage_taken":0.0,"cards_obtained":["Regret"]}],"is_beta":false,"boss_relics":[{"not_picked":["RhineFirstAidKit","conspire:SeveredTorchhead"],"picked":"Ring of Chaos"},{"not_picked":["Painkiller Herb","aspiration:RitualDagger"],"picked":"Runesmith:UraniumAnvil"}],"items_purged_floors":[32,54],"is_endless":false,"potions_floor_spawned":[13,14,16,18,20,21,25,33,39,45,51],"ascension_level":1}}