{"host":"tjicewryrzew529r","time":1609858387,"event":{"mods":["AchievementEnabler","BaseMod","Block Reminder","Colored Map","Downfall","Googly Eyes","Highlight Path","Minty Spire (QoL Compilation)","StSLib"],"gold_per_floor":[99,99,99,99,99,126,199,209,134,160,160,310,325,340,359,359,359],"floor_reached":16,"playtime":744,"items_purged":[],"score":133,"play_id":"2b0ca48f-d29e-4a83-b37b-e8472b449154","local_time":"20210105225307","is_ascension_mode":false,"campfire_choices":[{"floor":1,"key":"RECALL"},{"data":"sneckomod:WideSting","floor":9,"key":"SMITH"},{"data":"sneckomod:UnknownClassGUARDIAN","floor":11,"key":"SMITH"}],"circlet_count":0,"master_deck":["sneckomod:Strike","sneckomod:Strike","sneckomod:Defend","sneckomod:Defend","sneckomod:Defend","sneckomod:TailWhip","sneckomod:SnekBite","sneckomod:Unknown","sneckomod:Unknown","sneckomod:UnknownBlock","sneckomod:UnknownClassGUARDIAN+1","sneckomod:SlitherStrike","sneckomod:WideSting+1","sneckomod:UnknownUncommonSkill","Slimebound:Icky","sneckomod:Nope","sneckomod:SoulDraw","sneckomod:UnknownRareSkill"],"relics":["sneckomod:SneckoSoul","downfall:HeartsMalice","Eternal Feather","Meat on the Bone","downfall:HeartBlessingRed","Prayer Wheel"],"acts_visited":["Exordium"],"potions_floor_usage":[10,15],"damage_taken":[{"damage":0,"enemies":"Cultist","floor":2,"turns":1},{"damage":0,"enemies":"2 Louse","floor":5,"turns":1},{"damage":0,"enemies":"3 Sentries","floor":6,"turns":1},{"damage":2,"enemies":"Small Slimes","floor":8,"turns":4},{"damage":25,"enemies":"Gremlin Nob","floor":10,"turns":4},{"damage":5,"enemies":"Blue Slaver","floor":13,"turns":2},{"damage":11,"enemies":"Exordium Wildlife","floor":14,"turns":5},{"damage":0,"enemies":"Gremlin Gang","floor":15,"turns":3},{"damage":73,"enemies":"downfall:Silent","floor":16,"turns":8}],"seed_played":"4712414431504983690","potions_obtained":[{"floor":6,"key":"AttackPotion"},{"floor":13,"key":"SpeedPotion"},{"floor":14,"key":"Block Potion"},{"floor":14,"key":"Swift Potion"},{"floor":15,"key":"BlessingOfTheForge"}],"is_trial":false,"path_per_floor":["R","M","?","?","M","E","T","M","R","E","R","?","M","M","M","B"],"character_chosen":"THE_SNECKO","items_purchased":[],"campfire_rested":0,"item_purchase_floors":[],"current_hp_per_floor":[90,91,91,96,97,97,97,95,97,73,79,79,74,63,64,0,0],"gold":359,"neow_bonus":"THREE_ENEMY_KILL","is_daily":false,"chose_seed":false,"campfire_upgraded":2,"win_rate":0.0,"timestamp":1609858387,"path_taken":["R","M","?","?","M","E","T","M","R","E","R","?","M","?","M","BOSS"],"items_purchased_type":[],"build_version":"2020-12-22","purchased_purges":0,"victory":false,"max_hp_per_floor":[90,91,91,96,97,97,97,97,97,98,98,98,98,98,99,99,99],"card_choices":[{"not_picked":["sneckomod:MasterEye","sneckomod:UnknownVulnerable"],"picked":"sneckomod:UnknownBlock","floor":2},{"not_picked":["sneckomod:SoulCleanse","sneckomod:QuickMove"],"picked":"sneckomod:UnknownClassGUARDIAN","floor":5},{"not_picked":["sneckomod:UnknownCommonSkill","sneckomod:UnknownUncommonSkill"],"picked":"sneckomod:SlitherStrike","floor":6},{"not_picked":["sneckomod:UnknownClassHEXA_GHOST_PURPLE","sneckomod:Nope"],"picked":"sneckomod:WideSting","floor":8},{"not_picked":["sneckomod:TrashToTreasure","sneckomod:QuickMove"],"picked":"sneckomod:UnknownUncommonSkill","floor":10},{"not_picked":["sneckomod:UnknownWeak","sneckomod:QuickBite"],"picked":"sneckomod:Nope","floor":13},{"not_picked":["sneckomod:UnknownCommonSkill","sneckomod:Nope","sneckomod:UnknownStrike"],"picked":"SKIP","floor":13},{"not_picked":["sneckomod:TrashToTreasure","sneckomod:RainOfDice"],"picked":"sneckomod:SoulDraw","floor":14},{"not_picked":["sneckomod:UnknownUncommonSkill","sneckomod:SerpentIdol","sneckomod:UnknownUncommonPower"],"picked":"SKIP","floor":14},{"not_picked":["sneckomod:DiceCrush","sneckomod:SoulDraw"],"picked":"sneckomod:UnknownRareSkill","floor":15},{"not_picked":["sneckomod:DiceBlock","sneckomod:UnknownClassBLUE","sneckomod:UnknownVulnerable"],"picked":"SKIP","floor":15}],"player_experience":421483,"relics_obtained":[{"floor":6,"key":"Eternal Feather"},{"floor":7,"key":"Meat on the Bone"},{"floor":10,"key":"Prayer Wheel"}],"event_choices":[{"damage_healed":0,"gold_gain":0,"player_choice":"Donut","damage_taken":0,"max_hp_gain":5,"max_hp_loss":0,"event_name":"Big Fish","floor":4,"gold_loss":0}],"is_beta":false,"boss_relics":[],"items_purged_floors":[],"is_endless":false,"potions_floor_spawned":[6,13,14,15],"killed_by":"downfall:Silent","ascension_level":0}}