{"host":"m8e7t7u4353tsza9","time":1609822570,"event":{"mods":["AchievementEnabler","BaseMod","Block Reminder","Colored Map","Colored Powertips","DeckTracker","Highlight Path","Minty Spire (QoL Compilation)","Permanent Neow","Quick Restart","StSLib"],"gold_per_floor":[115,65,79,79,95,120,21,41,41,116,147,161,161,177,177,279,279,295,295,243,158,174,174,205,205,205,385,398,398,68,48,48,153,153,167,182,182,196,196,196,223,223,223,223,234,194,222,122,122,122],"floor_reached":51,"playtime":2445,"items_purged":["Strike_R","Thunderclap"],"score":756,"play_id":"370b9d75-1520-4b20-803b-ae0e3359c643","local_time":"20210104205610","is_ascension_mode":false,"campfire_choices":[{"floor":13.0,"key":"REST"},{"data":"Whirlwind","floor":15.0,"key":"SMITH"},{"data":"Immolate","floor":23.0,"key":"SMITH"},{"data":"Shockwave","floor":25.0,"key":"SMITH"},{"floor":32.0,"key":"REST"},{"data":"Fiend Fire","floor":40.0,"key":"SMITH"},{"data":"Feed","floor":49.0,"key":"SMITH"}],"circlet_count":0,"master_deck":["Defend_R","Defend_R","Defend_R","Defend_R","Bash+1","Spot Weakness","Whirlwind+1","Twin Strike","Headbutt","Headbutt","Immolate+1","Carnage+1","Cleave+1","Pummel+1","Heavy Blade","Shockwave+1","Heavy Blade+1","Immolate+1","Flex","Fiend Fire+1","Immolate","Bandage Up","Dark Shackles","Dark Shackles","Thunderclap+1","Sword Boomerang+1","Feed+1"],"relics":["Burning Blood","Blood Vial","Eternal Feather","Charon\u0027s Ashes","Astrolabe","Matryoshka","Juzu Bracelet","Oddly Smooth Stone","Shuriken","Champion Belt","Coffee Dripper","Happy Flower","PreservedInsect","Red Skull","Pen Nib"],"acts_visited":["Exordium","TheCity","TheBeyond"],"potions_floor_usage":[50,50,50,50,50,50],"damage_taken":[{"damage":11.0,"enemies":"Jaw Worm","floor":1.0,"turns":2.0},{"damage":10.0,"enemies":"Small Slimes","floor":3.0,"turns":3.0},{"damage":0.0,"enemies":"2 Louse","floor":5.0,"turns":3.0},{"damage":29.0,"enemies":"Gremlin Nob","floor":6.0,"turns":4.0},{"damage":11.0,"enemies":"Large Slime","floor":8.0,"turns":3.0},{"damage":54.0,"enemies":"Lagavulin","floor":11.0,"turns":7.0},{"damage":1.0,"enemies":"Exordium Wildlife","floor":12.0,"turns":2.0},{"damage":10.0,"enemies":"Looter","floor":14.0,"turns":3.0},{"damage":43.0,"enemies":"The Guardian","floor":16.0,"turns":6.0},{"damage":0.0,"enemies":"3 Byrds","floor":18.0,"turns":2.0},{"damage":30.0,"enemies":"2 Thieves","floor":22.0,"turns":3.0},{"damage":27.0,"enemies":"Slavers","floor":24.0,"turns":2.0},{"damage":18.0,"enemies":"Snake Plant","floor":28.0,"turns":4.0},{"damage":54.0,"enemies":"Collector","floor":33.0,"turns":7.0},{"damage":7.0,"enemies":"Orb Walker","floor":35.0,"turns":3.0},{"damage":6.0,"enemies":"3 Darklings","floor":36.0,"turns":2.0},{"damage":15.0,"enemies":"Transient","floor":38.0,"turns":5.0},{"damage":78.0,"enemies":"Giant Head","floor":41.0,"turns":8.0},{"damage":22.0,"enemies":"4 Shapes","floor":45.0,"turns":3.0},{"damage":39.0,"enemies":"Nemesis","floor":47.0,"turns":5.0},{"damage":58,"enemies":"Time Eater","floor":50,"turns":6}],"seed_played":"-303769610042495781","potions_obtained":[{"floor":1.0,"key":"BloodPotion"},{"floor":3.0,"key":"FearPotion"},{"floor":14.0,"key":"AttackPotion"},{"floor":22.0,"key":"SteroidPotion"},{"floor":31.0,"key":"EntropicBrew"},{"floor":35.0,"key":"BlessingOfTheForge"},{"floor":41.0,"key":"BloodPotion"},{"floor":47.0,"key":"PowerPotion"}],"is_trial":false,"path_per_floor":["M","?","M","?","M","E","$","M","T","?","E","M","R","M","R","B",null,"M","?","$","?","M","R","E","R","T","?","M","?","$","?","R","B",null,"M","M","?","M","?","R","E","?","T","?","M","?","E","$","R","B",null],"character_chosen":"IRONCLAD","items_purchased":["Twin Strike","Heavy Blade","Champion Belt","Flex"],"campfire_rested":2,"item_purchase_floors":[7,20,30,30],"current_hp_per_floor":[75,75,71,76,82,59,59,56,56,45,16,23,54,52,58,23,85,85,69,69,69,47,56,37,46,46,27,17,17,17,17,56,10,90,89,90,85,76,66,81,15,15,15,74,58,58,31,31,46,19],"gold":122,"neow_bonus":"UPGRADE_CARD","is_daily":false,"chose_seed":false,"campfire_upgraded":5,"win_rate":0.0,"timestamp":1609822570,"path_taken":["M","?","M","?","M","E","$","M","T","?","E","M","R","M","R","BOSS","M","?","$","?","?","R","E","R","T","?","M","?","?","?","R","BOSS","M","M","?","M","?","R","E","?","T","?","M","?","E","$","R","BOSS"],"items_purchased_type":["Card","Card","Relic","Card"],"build_version":"2020-12-22","purchased_purges":2,"victory":true,"max_hp_per_floor":[80,80,80,85,85,85,85,85,85,85,85,85,85,85,85,85,85,85,90,90,90,90,90,90,90,90,90,90,90,90,90,90,90,90,90,90,85,85,85,85,85,85,85,74,74,74,74,74,74,74],"card_choices":[{"not_picked":["Metallicize","Combust"],"picked":"Spot Weakness","floor":1.0},{"not_picked":["Blood for Blood","Perfected Strike"],"picked":"Thunderclap","floor":3.0},{"not_picked":["Intimidate","Second Wind","Anger"],"picked":"SKIP","floor":5.0},{"not_picked":["Dual Wield","Spot Weakness"],"picked":"Whirlwind","floor":6.0},{"not_picked":["Anger","Warcry","Power Through"],"picked":"SKIP","floor":8.0},{"not_picked":["Power Through","Shrug It Off"],"picked":"Headbutt","floor":11.0},{"not_picked":["Iron Wave","Flame Barrier"],"picked":"Headbutt","floor":12.0},{"not_picked":["Power Through","Shrug It Off","True Grit"],"picked":"SKIP","floor":14.0},{"not_picked":["Corruption","Brutality"],"picked":"Immolate","floor":16.0},{"not_picked":["True Grit","Rampage","Headbutt"],"picked":"SKIP","floor":18.0},{"not_picked":["Disarm","Dual Wield","Uppercut"],"picked":"SKIP","floor":22.0},{"not_picked":["Anger","Headbutt+1"],"picked":"Shockwave","floor":24.0},{"not_picked":["Body Slam","Sever Soul"],"picked":"Heavy Blade","floor":28.0},{"not_picked":["Immolate","Brutality"],"picked":"Fiend Fire","floor":33.0},{"not_picked":["Perfected Strike","Cleave+1","Body Slam+1"],"picked":"SKIP","floor":35.0},{"not_picked":["Armaments","Cleave+1","Clash+1"],"picked":"SKIP","floor":36.0},{"not_picked":["Armaments+1","Clash"],"picked":"Immolate","floor":38.0},{"not_picked":["Madness","Panacea"],"picked":"Bandage Up","floor":39.0},{"not_picked":["PanicButton","Apotheosis"],"picked":"Dark Shackles","floor":39.0},{"not_picked":["The Bomb","Transmutation"],"picked":"Dark Shackles","floor":39.0},{"not_picked":["Warcry+1","Juggernaut"],"picked":"Thunderclap+1","floor":41.0},{"not_picked":["Havoc","Perfected Strike+1"],"picked":"Sword Boomerang+1","floor":45.0},{"not_picked":["Headbutt","Burning Pact"],"picked":"Feed","floor":47.0}],"player_experience":56744,"relics_obtained":[{"floor":6.0,"key":"Blood Vial"},{"floor":9.0,"key":"Eternal Feather"},{"floor":11.0,"key":"Charon\u0027s Ashes"},{"floor":24.0,"key":"Juzu Bracelet"},{"floor":26.0,"key":"Oddly Smooth Stone"},{"floor":26.0,"key":"Shuriken"},{"floor":41.0,"key":"Happy Flower"},{"floor":43.0,"key":"PreservedInsect"},{"floor":43.0,"key":"Red Skull"},{"floor":47.0,"key":"Pen Nib"}],"event_choices":[{"cards_removed":["Strike_R"],"damage_healed":0.0,"max_hp_gain":0.0,"max_hp_loss":0.0,"gold_gain":0.0,"event_name":"The Cleric","player_choice":"Card Removal","floor":2.0,"gold_loss":50.0,"damage_taken":0.0},{"damage_healed":0.0,"max_hp_gain":5.0,"max_hp_loss":0.0,"gold_gain":0.0,"event_name":"Big Fish","player_choice":"Donut","floor":4.0,"gold_loss":0.0,"damage_taken":0.0},{"damage_healed":0.0,"max_hp_gain":0.0,"max_hp_loss":0.0,"gold_gain":75.0,"event_name":"World of Goop","player_choice":"Gather Gold","floor":10.0,"gold_loss":0.0,"damage_taken":11.0},{"damage_healed":0.0,"max_hp_gain":5.0,"max_hp_loss":0.0,"gold_gain":0.0,"event_name":"Forgotten Altar","player_choice":"Shed Blood","floor":19.0,"gold_loss":0.0,"damage_taken":21.0},{"damage_healed":0.0,"max_hp_gain":0.0,"max_hp_loss":0.0,"gold_gain":0.0,"event_name":"Addict","player_choice":"Obtained Relic","floor":21.0,"gold_loss":85.0,"damage_taken":0.0,"relics_obtained":["Matryoshka"]},{"damage_healed":0.0,"max_hp_gain":0.0,"max_hp_loss":0.0,"gold_gain":180.0,"event_name":"Knowing Skull","player_choice":"GOLD GOLD ","floor":27.0,"potions_obtained":[],"gold_loss":0.0,"damage_taken":19.0,"cards_obtained":[]},{"damage_healed":0.0,"max_hp_gain":0.0,"max_hp_loss":0.0,"gold_gain":0.0,"event_name":"Duplicator","player_choice":"Copied","floor":29.0,"gold_loss":0.0,"damage_taken":0.0,"cards_obtained":["Immolate"]},{"damage_healed":0.0,"max_hp_gain":0.0,"max_hp_loss":0.0,"gold_gain":0.0,"event_name":"The Woman in Blue","player_choice":"Bought 1 Potion","floor":31.0,"gold_loss":0.0,"damage_taken":0.0},{"damage_healed":0.0,"max_hp_gain":0.0,"max_hp_loss":5.0,"gold_gain":0.0,"event_name":"Winding Halls","player_choice":"Max HP","floor":37.0,"gold_loss":0.0,"damage_taken":0.0},{"damage_healed":0.0,"max_hp_gain":0.0,"max_hp_loss":0.0,"gold_gain":0.0,"event_name":"SensoryStone","player_choice":"Memory 3","floor":39.0,"gold_loss":0.0,"damage_taken":10.0},{"damage_healed":0.0,"max_hp_gain":0.0,"max_hp_loss":0.0,"gold_gain":0.0,"event_name":"Mysterious Sphere","player_choice":"Ignored","floor":42.0,"gold_loss":0.0,"damage_taken":0.0},{"damage_healed":74.0,"max_hp_gain":0.0,"max_hp_loss":11.0,"gold_gain":0.0,"event_name":"The Moai Head","player_choice":"Heal","floor":44.0,"gold_loss":0.0,"damage_taken":0.0},{"damage_healed":0.0,"max_hp_gain":0.0,"max_hp_loss":0.0,"gold_gain":0.0,"event_name":"Designer","player_choice":"Upgrade","floor":46.0,"gold_loss":40.0,"damage_taken":0.0,"cards_upgraded":["Heavy Blade"]}],"is_beta":false,"boss_relics":[{"not_picked":["Runic Dome","Snecko Eye"],"picked":"Astrolabe"},{"not_picked":["Runic Cube","SacredBark"],"picked":"Coffee Dripper"}],"items_purged_floors":[7,48],"is_endless":false,"potions_floor_spawned":[1,3,14,22,35,41,47],"ascension_level":0}}