{"host":"a7dhdzm3fda48fos","time":1609877226,"event":{"mods":["AchievementEnabler","AlwaysNeverKeys","BaseMod","Better Altar","Better Note","Better Sensory Stone","Better Skull","Better Third Choice","Block Reminder","Colored Map","Gold Saver","Minty Spire (QoL Compilation)","Quick Restart","Relic Sorter","Relic Stats","Remove Card Discount Mod","Shop Mod","Spicy Shops","StSLib"],"gold_per_floor":[1027,1027,1027,1027,1027,1027,1058,1058,1126,338,338,354,354,365,365,365,365],"floor_reached":16,"playtime":1003,"items_purged":[],"score":96,"play_id":"6871a71f-fe49-42ed-adb6-11d5478cde1c","local_time":"20210105210706","is_ascension_mode":false,"campfire_choices":[{"floor":6,"key":"REST"},{"data":"Eruption","floor":8,"key":"SMITH"},{"data":"JustLucky","floor":13,"key":"SMITH"},{"data":"SashWhip","floor":15,"key":"SMITH"}],"circlet_count":0,"master_deck":["Strike_P","Strike_P","Strike_P","Strike_P","Defend_P","Defend_P","Defend_P","Defend_P","Eruption+1","Vigilance","JustLucky+1","Halt","MentalFortress+1","SashWhip","SashWhip+1"],"relics":["PureWater","Thread and Needle","Tiny Chest","FossilizedHelix","Frozen Egg 2","Ornamental Fan","HandDrill","MerchantsRug","White Beast Statue","InkBottle","Sundial"],"acts_visited":["Exordium"],"potions_floor_usage":[16,16],"damage_taken":[{"damage":0,"enemies":"Small Slimes","floor":1,"turns":2},{"damage":9,"enemies":"3 Sentries","floor":7,"turns":10},{"damage":0,"enemies":"2 Louse","floor":12,"turns":3},{"damage":0,"enemies":"Cultist","floor":14,"turns":3},{"damage":58,"enemies":"Slime Boss","floor":16,"turns":16}],"seed_played":"8027659994256812485","potions_obtained":[{"floor":1,"key":"DistilledChaos"},{"floor":7,"key":"FearPotion"},{"floor":12,"key":"SpeedPotion"},{"floor":14,"key":"Ancient Potion"}],"is_trial":false,"path_per_floor":["M","?","?","?","?","R","E","R","T","$","T","M","R","M","R","B"],"character_chosen":"WATCHER","items_purchased":["HandDrill","MentalFortress+1","MerchantsRug","White Beast Statue","InkBottle"],"campfire_rested":1,"item_purchase_floors":[10,10,10,10,10],"current_hp_per_floor":[51,39,39,44,44,67,58,58,58,58,58,58,58,58,58,0,0],"gold":365,"neow_bonus":"ONE_RARE_RELIC","is_daily":false,"chose_seed":false,"campfire_upgraded":3,"win_rate":0.0,"timestamp":1609877226,"path_taken":["M","?","?","?","?","R","E","R","T","$","?","?","R","M","R","BOSS"],"items_purchased_type":["Relic","Card","Relic","Relic","Relic"],"build_version":"2020-12-22","purchased_purges":0,"victory":false,"max_hp_per_floor":[72,72,72,77,77,77,77,77,77,77,77,77,77,77,77,77,77],"relic_stats":{"counters":[5,34],"Ornamental Fan":[28],"Sundial":[4],"Tiny Chest":1,"HandDrill":[0],"obtain_stats":[{"MerchantsRug":10,"Ornamental Fan":9,"Sundial":11,"Thread and Needle":0,"Tiny Chest":2,"HandDrill":10,"PureWater":0,"Frozen Egg 2":7,"FossilizedHelix":5,"White Beast Statue":10,"InkBottle":10},{"MerchantsRug":2,"Ornamental Fan":2,"Sundial":2,"Thread and Needle":0,"Tiny Chest":1,"HandDrill":2,"PureWater":0,"Frozen Egg 2":2,"FossilizedHelix":1,"White Beast Statue":2,"InkBottle":2},{"MerchantsRug":12,"Ornamental Fan":12,"Sundial":12,"Thread and Needle":0,"Tiny Chest":2,"HandDrill":12,"PureWater":0,"Frozen Egg 2":12,"FossilizedHelix":2,"White Beast Statue":12,"InkBottle":12}],"InkBottle":[7]},"card_choices":[{"not_picked":["WreathOfFlame","EmptyMind"],"picked":"JustLucky","floor":1},{"not_picked":["Crescendo","Vault"],"picked":"Halt","floor":7},{"not_picked":["Worship","Protect"],"picked":"SashWhip","floor":12},{"not_picked":["PathToVictory","Halt"],"picked":"SashWhip","floor":14}],"player_experience":72488,"relics_obtained":[{"floor":7,"key":"Frozen Egg 2"},{"floor":9,"key":"Ornamental Fan"},{"floor":11,"key":"Sundial"}],"event_choices":[{"damage_healed":0,"gold_gain":0,"player_choice":"Relic ","damage_taken":12,"max_hp_gain":0,"max_hp_loss":0,"event_name":"betterThird:BetterScrap","floor":2,"gold_loss":0,"cards_obtained":["Masterful Stab"]},{"damage_healed":0,"gold_gain":0,"player_choice":"Ignored","damage_taken":1027,"max_hp_gain":0,"max_hp_loss":0,"event_name":"betterThird:BetterSerpent","floor":3,"gold_loss":0},{"damage_healed":0,"gold_gain":0,"player_choice":"Donut","damage_taken":0,"max_hp_gain":5,"max_hp_loss":0,"event_name":"Big Fish","floor":4,"gold_loss":0},{"damage_healed":0,"gold_gain":0,"player_choice":"Gave Potion","damage_taken":0,"relics_obtained":["FossilizedHelix"],"max_hp_gain":0,"max_hp_loss":0,"event_name":"WeMeetAgain","floor":5,"gold_loss":0}],"is_beta":false,"boss_relics":[],"items_purged_floors":[],"is_endless":false,"potions_floor_spawned":[1,7,12,14],"killed_by":"Slime Boss","ascension_level":0}}