{"host":"oigynbtg272c19pw","time":1609862497,"event":{"mods":["BaseMod","Colored Map","Minty Spire (QoL Compilation)","Relic Stats","StSLib"],"gold_per_floor":[113,128,228,246,24,24,24,24],"floor_reached":7,"playtime":253,"items_purged":["Strike_G"],"score":82,"play_id":"0d18aeb1-0d95-44ee-9dbc-5c11c33bd846","local_time":"20210105170137","is_ascension_mode":true,"campfire_choices":[{"data":"Tactician","floor":6,"key":"SMITH"}],"circlet_count":0,"master_deck":["AscendersBane","Strike_G","Strike_G","Strike_G","Strike_G","Defend_G","Defend_G","Defend_G","Defend_G","Defend_G","Survivor","Neutralize","Blind","Deadly Poison","Reflex","Acrobatics","Tactician+1","Prepared","Slice"],"relics":["Ring of the Snake"],"acts_visited":["Exordium"],"potions_floor_usage":[],"damage_taken":[{"damage":0,"enemies":"Jaw Worm","floor":1,"turns":6},{"damage":0,"enemies":"Cultist","floor":2,"turns":5},{"damage":1,"enemies":"2 Louse","floor":4,"turns":3},{"damage":68,"enemies":"Gremlin Nob","floor":7,"turns":4}],"seed_played":"3988880115760387894","potions_obtained":[{"floor":1,"key":"Strength Potion"}],"is_trial":false,"path_per_floor":["M","M","?","M","$","R","E"],"character_chosen":"THE_SILENT","items_purchased":["Tactician","Prepared","Slice"],"campfire_rested":0,"item_purchase_floors":[5,5,5],"current_hp_per_floor":[59,59,59,58,58,58,0,0],"gold":24,"neow_bonus":"RANDOM_COLORLESS","is_daily":false,"chose_seed":false,"campfire_upgraded":1,"win_rate":0.0,"timestamp":1609862497,"path_taken":["M","M","?","M","?","R","E"],"items_purchased_type":["Card","Card","Card"],"build_version":"2020-12-13","purchased_purges":1,"victory":false,"max_hp_per_floor":[66,66,66,66,66,66,66,66],"relic_stats":{"counters":[4,18],"obtain_stats":[{"Ring of the Snake":0},{"Ring of the Snake":0},{"Ring of the Snake":0}],"Ring of the Snake":[8]},"card_choices":[{"not_picked":["Madness","Finesse"],"picked":"Blind","floor":0},{"not_picked":["Flying Knee","Acrobatics"],"picked":"Deadly Poison","floor":1},{"not_picked":["Caltrops","Distraction"],"picked":"Reflex","floor":2},{"not_picked":["Deflect","Infinite Blades"],"picked":"Acrobatics","floor":4}],"player_experience":1345525,"relics_obtained":[],"event_choices":[{"damage_healed":0,"gold_gain":100,"player_choice":"Gold","damage_taken":0,"max_hp_gain":0,"max_hp_loss":0,"event_name":"Wheel of Change","floor":3,"gold_loss":0}],"is_beta":false,"boss_relics":[],"items_purged_floors":[5],"is_endless":false,"potions_floor_spawned":[1],"killed_by":"Gremlin Nob","ascension_level":20}}