{"host":"natui9yr7uuq78xo","time":1609806563,"event":{"mods":["BaseMod","Better Third Choice","BetterRewards","Minty Spire (QoL Compilation)","StSLib","The Dragon Tamer"],"gold_per_floor":[112,128,140,140,140,166,186,201,201,227,290,290,306,317,317,414,414,431,441,441,454,224,224,224,224,224],"floor_reached":24,"playtime":1480,"items_purged":["DTMod:Strike"],"score":235,"play_id":"a5be6031-3a85-4f2f-87ef-ff66c4f8ca77","local_time":"20210104142923","is_ascension_mode":false,"metric_token":403,"campfire_choices":[{"floor":12,"key":"REST"},{"data":"DTMod:HeatWave","floor":15,"key":"SMITH"},{"data":"DTMod:Prediction","floor":23,"key":"SMITH"}],"dtmod_dragon_data":[42,50,1,-1,12,0],"circlet_count":0,"master_deck":["DTMod:Strike","DTMod:Strike","DTMod:Strike","DTMod:DoubleHit","DTMod:TargetDefense","DTMod:TargetDefense","DTMod:TargetDefense","DTMod:TargetDefense","DTMod:SwitchingTactic","DTMod:Overwhelm","DTMod:Punisher","DTMod:DragonDance","Madness","DTMod:CalculatedDefense","DTMod:Haste","DTMod:Training","DTMod:BlueScale","DTMod:BlazingStrike","DTMod:FlameSlash","DTMod:HeatWave+1","DTMod:Prediction+1","DTMod:ComboAttack+1","DTMod:Coolant","DTMod:Harmonize"],"relics":["DTMod:MagicStone","NeowsBlessing","Eternal Feather","HornCleat","Blood Vial","CaptainsWheel","Enchiridion"],"acts_visited":["Exordium","TheCity"],"potions_floor_usage":[],"damage_taken":[{"damage":0,"enemies":"Cultist","floor":1,"turns":1},{"damage":0,"enemies":"2 Louse","floor":2,"turns":2},{"damage":0,"enemies":"Small Slimes","floor":3,"turns":1},{"damage":0,"enemies":"Lagavulin","floor":6,"turns":8},{"damage":0,"enemies":"3 Louse","floor":7,"turns":3},{"damage":11,"enemies":"Exordium Thugs","floor":8,"turns":4},{"damage":13,"enemies":"3 Sentries","floor":10,"turns":15},{"damage":19,"enemies":"Gremlin Nob","floor":11,"turns":6},{"damage":4,"enemies":"Red Slaver","floor":13,"turns":2},{"damage":1,"enemies":"Lots of Slimes","floor":14,"turns":4},{"damage":11,"enemies":"Slime Boss","floor":16,"turns":13},{"damage":24,"enemies":"Spheric Guardian","floor":18,"turns":8},{"damage":0,"enemies":"Chosen","floor":19,"turns":6},{"damage":23,"enemies":"Centurion and Healer","floor":21,"turns":8},{"damage":36,"enemies":"3 Cultists","floor":24,"turns":5}],"seed_played":"8409566935631719229","potions_obtained":[{"floor":6,"key":"SteroidPotion"},{"floor":7,"key":"EssenceOfSteel"},{"floor":10,"key":"GamblersBrew"},{"floor":11,"key":"FairyPotion"},{"floor":16,"key":"PowerPotion"},{"floor":21,"key":"LiquidMemories"}],"is_trial":false,"path_per_floor":["M","M","M","?","?","E","M","M","T","E","?","R","M","M","R","B",null,"M","M","?","M","$","R","M"],"character_chosen":"THE_DT","items_purchased":["DTMod:Harmonize"],"campfire_rested":1,"item_purchase_floors":[22],"current_hp_per_floor":[45,45,45,45,45,45,45,34,34,21,4,29,27,28,40,31,45,21,30,14,13,13,25,0,0,0],"gold":224,"neow_bonus":"THREE_ENEMY_KILL","is_daily":false,"chose_seed":false,"campfire_upgraded":2,"win_rate":0.0,"timestamp":1609806563,"path_taken":["M","M","?","?","?","E","M","?","T","E","?","R","M","M","R","BOSS","M","M","?","M","$","R","M"],"items_purchased_type":["Card"],"build_version":"2020-12-22","purchased_purges":1,"victory":false,"max_hp_per_floor":[45,45,45,45,45,45,45,45,45,45,45,45,45,45,45,45,45,45,45,45,45,45,45,45,45,45],"card_choices":[{"not_picked":["DTMod:BuildUp","DTMod:Feint"],"picked":"DTMod:Overwhelm","floor":1},{"not_picked":["DTMod:Hide","DTMod:BreakAttack"],"picked":"DTMod:Punisher","floor":2},{"not_picked":["DTMod:DarkBreath","DTMod:BizarreTactic"],"picked":"DTMod:DragonDance","floor":3},{"not_picked":["DTMod:WarmUp","DTMod:Threaten"],"picked":"DTMod:Haste","floor":6},{"not_picked":["DTMod:CalculatedDefense","DTMod:ComboAttack"],"picked":"DTMod:Training","floor":7},{"not_picked":["DTMod:Threaten","DTMod:Weaken"],"picked":"DTMod:BlueScale","floor":8},{"not_picked":["DTMod:Outburst","DTMod:Adaptation"],"picked":"DTMod:BlazingStrike","floor":10},{"not_picked":["DTMod:Threaten","DTMod:Coolant"],"picked":"DTMod:FlameSlash","floor":11},{"not_picked":["DTMod:WarmUp","DTMod:Coolant"],"picked":"DTMod:HeatWave","floor":13},{"not_picked":["DTMod:MaximumCharge","DTMod:Cover","DTMod:FlameSlash"],"picked":"SKIP","floor":14},{"not_picked":["DTMod:HeadStart","DTMod:SealedStrike"],"picked":"DTMod:Prediction","floor":16},{"not_picked":["DTMod:MagicField+1","DTMod:Threaten"],"picked":"DTMod:ComboAttack+1","floor":18},{"not_picked":["DTMod:Overwhelm","DTMod:Adaptation","DTMod:FlameSlash"],"picked":"SKIP","floor":19},{"not_picked":["DTMod:Punisher","DTMod:Adaptation"],"picked":"DTMod:Coolant","floor":21}],"player_experience":314315,"relics_obtained":[{"floor":6,"key":"Eternal Feather"},{"floor":9,"key":"HornCleat"},{"floor":10,"key":"Blood Vial"},{"floor":20,"key":"Enchiridion"}],"event_choices":[{"damage_healed":0,"gold_gain":0,"player_choice":"Ignored","damage_taken":0,"max_hp_gain":0,"max_hp_loss":0,"event_name":"Golden Idol","floor":4,"gold_loss":0},{"damage_healed":0,"gold_gain":0,"player_choice":"2 cards matched","damage_taken":0,"max_hp_gain":0,"max_hp_loss":0,"event_name":"Match and Keep!","floor":5,"gold_loss":0,"cards_obtained":["Madness","DTMod:CalculatedDefense"]},{"damage_healed":0,"gold_gain":0,"player_choice":"Searched \u00272\u0027 times","damage_taken":0,"relics_obtained":["CaptainsWheel"],"max_hp_gain":0,"max_hp_loss":0,"event_name":"Dead Adventurer","floor":11,"gold_loss":0},{"damage_healed":0,"gold_gain":0,"player_choice":"Obtained Book","damage_taken":16,"max_hp_gain":0,"max_hp_loss":0,"event_name":"Cursed Tome","floor":20,"gold_loss":0}],"is_beta":false,"boss_relics":[{"not_picked":["SlaversCollar","Velvet Choker"],"picked":"DTMod:MagicStone"}],"items_purged_floors":[22],"is_endless":false,"potions_floor_spawned":[6,7,10,11,16,19,21],"killed_by":"3 Cultists","ascension_level":0}}