{"host":"b0hh64pqctf46s8m","time":1609891121,"event":{"mods":["100% Spire Juice","Act Like it!","Aspiration","BaseMod","Bestiary","Better Third Choice","CCEM","CapriCore","ChefMod","Conspire","Curses Come First","Displayed Cursed Tome","Dota2Spire","Downfall","Ekko","Elementarium","Evolution","Fireblade Mod","Halation","Hallownest","Hermit","Hubris","Infinite Spire","Jess\u0027s Bottle","JesterMod","Jorbs\u0027s Wanderer Trilogy","Koishi","Kratos Character Expansion","Lobotomy","Luminous","Mari Mod (Legacy)","Mari\u0027s V1 Patch","Menagerie","Mimic Mod","Minty Spire (QoL Compilation)","Pale of the Ancients","Permanent Neow","Pikachu Mod","QueenMod","Random Character Button","Relic Sorter","Relic Stats","Replay The Spire","Robot Space Explorer","Shade Mod","StSLib","The Blue Laboratory","The Bug Knight","The Dragon Tamer","The Hayseed","The Immortal","The Marked","TheLocksmith","TheSwordswoman","TheVacant","TheWitcher","Treasure Hunter","UnlockEverythingMod","Wandering Minibosses","vexMod","??????REMEMod"],"gold_per_floor":[199,212,212,212,229,243,260,60,83,100,133,147,179,104,119,186,205,205,205,205],"floor_reached":18,"playtime":1208,"items_purged":["hexamod:Strike"],"score":151,"play_id":"94fd6ccf-2c6f-4f27-89b9-1b4e735413e3","local_time":"20210105155841","is_ascension_mode":false,"campfire_choices":[{"floor":1,"key":"DIG"},{"data":"hexamod:GhostOfSpireFuture","floor":14,"key":"SMITH"}],"circlet_count":0,"master_deck":["hexamod:Strike","hexamod:Strike","hexamod:Strike","hexamod:Defend","hexamod:Defend","hexamod:Defend","hexamod:Defend","hexamod:Sear","hexamod:Float","hexamod:GhostOfSpirePresent","hexamod:FastForward","hexamod:BacktrackSmack","hexamod:NightmareStrike","hexamod:ThermalTransfer","hexamod:ExtraCrispy","hexamod:ThermalTransfer","hexamod:ThermalTransfer","hexamod:GhostOfSpireFuture+1","hexamod:RadiantFlame","hexamod:NightmareGuise","hexamod:VolcanoVisage","hexamod:InspiringFlames","hexamod:ThermalTransfer"],"relics":["hexamod:SpiritBrand","REME_ComplimentaryCards","Dota2Spire:LotusOrb","EVO:Axolotl","halation:KoshaPiece","Gremlin Horn","Turnip","downfall:HeartBlessingGreen","vexMod:MemoryStick"],"acts_visited":["Menagerie:Menagerie"],"potions_floor_usage":[13,17,18,18,18],"damage_taken":[{"damage":4,"enemies":"Menagerie:MonstrousExperiment","floor":2,"turns":5},{"damage":4,"enemies":"Menagerie:StygianBoar","floor":5,"turns":7},{"damage":0,"enemies":"Menagerie:2_RABBITS","floor":6,"turns":6},{"damage":9,"enemies":"Menagerie:RedMage","floor":7,"turns":6},{"damage":4,"enemies":"downfall:FleeingMerchant","floor":8,"turns":4},{"damage":6,"enemies":"Menagerie:BEAST_MAGE_AND_PROWLING_AMALGAM","floor":10,"turns":8},{"damage":19,"enemies":"Menagerie:Hydra","floor":11,"turns":5},{"damage":0,"enemies":"Menagerie:STYGIAN_BOAR_AND_RABBIT","floor":12,"turns":5},{"damage":9,"enemies":"Menagerie:MaskedSummoner","floor":13,"turns":11},{"damage":3,"enemies":"Menagerie:RedMage","floor":15,"turns":5},{"damage":8,"enemies":"Menagerie:EntropyWarlock","floor":17,"turns":7},{"damage":21,"enemies":"downfall:Ironclad","floor":18,"turns":3}],"seed_played":"-4244955533644687865","potions_obtained":[{"floor":2,"key":"LiquidMemories"},{"floor":7,"key":"Swift Potion"},{"floor":11,"key":"Strength Potion"},{"floor":15,"key":"Death Potion"},{"floor":16,"key":"blueLaboratory:FrostheartPotion"},{"floor":17,"key":"Regen Potion"}],"is_trial":false,"path_per_floor":["R","M","PTL","PTL","M","M","M","$","T","M","E","M","E","R","M","?","M","B"],"character_chosen":"THE_SPIRIT","items_purchased":["hexamod:ExtraCrispy","hexamod:ThermalTransfer"],"campfire_rested":0,"item_purchase_floors":[8,8],"current_hp_per_floor":[70,66,66,66,62,62,53,49,49,43,24,24,15,15,12,12,4,0,0,0],"gold":205,"neow_bonus":"HUNDRED_GOLD","is_daily":false,"chose_seed":false,"campfire_upgraded":1,"win_rate":0.0,"timestamp":1609891121,"path_taken":["R","M","PTL","PTL","M","M","M","$","T","M","E","M","E","R","M","?","M","BOSS"],"items_purchased_type":["Card","Card"],"build_version":"2020-12-22","purchased_purges":1,"victory":false,"max_hp_per_floor":[70,70,70,70,70,70,70,70,70,70,70,70,70,70,70,70,70,70,70,70],"relic_stats":{"Gremlin Horn":[10,10],"counters":[12,72],"Turnip":[2],"obtain_stats":[{"vexMod:MemoryStick":16,"Gremlin Horn":11,"downfall:HeartBlessingGreen":14,"Turnip":13,"halation:KoshaPiece":9,"EVO:Axolotl":0,"hexamod:SpiritBrand":0,"Dota2Spire:LotusOrb":1,"REME_ComplimentaryCards":0},{"vexMod:MemoryStick":10,"Gremlin Horn":7,"downfall:HeartBlessingGreen":9,"Turnip":9,"halation:KoshaPiece":5,"EVO:Axolotl":0,"hexamod:SpiritBrand":0,"Dota2Spire:LotusOrb":0,"REME_ComplimentaryCards":0},{"vexMod:MemoryStick":62,"Gremlin Horn":41,"downfall:HeartBlessingGreen":57,"Turnip":57,"halation:KoshaPiece":28,"EVO:Axolotl":0,"hexamod:SpiritBrand":0,"Dota2Spire:LotusOrb":0,"REME_ComplimentaryCards":0}]},"card_choices":[{"not_picked":["hexamod:RetreatToShadows","hexamod:InspiringFlames"],"picked":"hexamod:GhostOfSpirePresent","floor":2},{"not_picked":["hexamod:Rewind","hexamod:GhostOfSpirePresent"],"picked":"hexamod:FastForward","floor":5},{"not_picked":["hexamod:ShieldOfDarkness","hexamod:AdvancingGuard"],"picked":"hexamod:BacktrackSmack","floor":6},{"not_picked":["hexamod:AdvancingGuard","hexamod:Hexaguard"],"picked":"hexamod:NightmareStrike","floor":7},{"not_picked":["hexamod:GhostLash","hexamod:RainOfEmbers"],"picked":"hexamod:ThermalTransfer","floor":8},{"not_picked":["TH:TreasureMap","TH:CursedSword"],"picked":"SKIP","floor":9},{"not_picked":["hexamod:ExtraCrispy","hexamod:Haunt","hexamod:HeatMetal"],"picked":"SKIP","floor":10},{"not_picked":["TH:ArmorSpikes","TH:DeckOfManyThings"],"picked":"SKIP","floor":11},{"not_picked":["hexamod:CatchUp","hexamod:ShieldOfDarkness","hexamod:RainOfEmbers"],"picked":"SKIP","floor":11},{"not_picked":["hexamod:DynamicBlow","hexamod:InspiringFlames"],"picked":"hexamod:GhostOfSpireFuture","floor":12},{"not_picked":["hexamod:NightmareStrike","hexamod:NecessarySacrifice"],"picked":"hexamod:RadiantFlame","floor":13},{"not_picked":["TH:PixieDust","TH:TreasureMap"],"picked":"SKIP","floor":13},{"not_picked":["hexamod:NightmareStrike","hexamod:ExtraCrispy"],"picked":"hexamod:NightmareGuise","floor":15},{"not_picked":["hexamod:SkipABeat","hexamod:GhostOfSpirePresent"],"picked":"hexamod:VolcanoVisage","floor":16},{"not_picked":["hexamod:AdvancingGuard","hexamod:NightmareStrike"],"picked":"hexamod:InspiringFlames","floor":16},{"not_picked":["hexamod:RetreatToShadows","hexamod:NecessarySacrifice","hexamod:Haunt"],"picked":"SKIP","floor":17}],"player_experience":1499671,"relics_obtained":[{"floor":1,"key":"Dota2Spire:LotusOrb"},{"floor":9,"key":"halation:KoshaPiece"},{"floor":11,"key":"Gremlin Horn"},{"floor":13,"key":"Turnip"},{"floor":16,"key":"vexMod:MemoryStick"}],"event_choices":[],"is_beta":false,"boss_relics":[],"items_purged_floors":[8],"is_endless":false,"potions_floor_spawned":[2,6,7,11,15,17],"killed_by":"downfall:Ironclad","ascension_level":0}}