{"host":"p4zclu0beiy6gkiq","time":1609862001,"event":{"mods":["AchievementEnabler","BaseMod","Bestiary","Colored Map","Colored Powertips","DeckTracker","Minty Spire (QoL Compilation)","Quick Restart","StSLib","SuperFastMode","The Cursed"],"gold_per_floor":[114,39,57,57,77,77,94,120,120,132,155,117,129,216,228,345,357,380,408,454,466,495,534,546,586,622,634,659,761,195,195,195],"floor_reached":31,"playtime":2018,"items_purged":["Defend_R","Strike_R"],"score":358,"play_id":"4e8e0725-8f66-456d-bd92-f9ca31ec307b","local_time":"20210106005321","is_ascension_mode":true,"campfire_choices":[{"data":"Blood for Blood","floor":6.0,"key":"SMITH"},{"data":"Flex","floor":10.0,"key":"SMITH"},{"data":"Thunderclap","floor":15.0,"key":"SMITH"},{"data":"Whirlwind","floor":24,"key":"SMITH"},{"data":"Impervious","floor":27,"key":"SMITH"}],"circlet_count":0,"master_deck":["Strike_R","Strike_R","Defend_R","Defend_R","Defend_R","Bash","Blood for Blood+1","Flex+1","Second Wind","Second Wind","Offering","Thunderclap+1","Impervious+1","Dropkick","Sentinel","Offering","Shrug It Off","Whirlwind+1","Twin Strike+1","Inflame+1","Inflame","Madness","Master of Strategy"],"relics":["Burning Blood","Matryoshka","Self Forming Clay","MawBank","Black Star","Red Mask","Singing Bowl","Gremlin Horn","Sundial","Bottled Flame","Art of War","PrismaticShard"],"acts_visited":["Exordium","TheCity"],"potions_floor_usage":[23,28],"damage_taken":[{"damage":7.0,"enemies":"Small Slimes","floor":1.0,"turns":3.0},{"damage":1.0,"enemies":"Cultist","floor":3.0,"turns":3.0},{"damage":11.0,"enemies":"2 Louse","floor":5.0,"turns":2.0},{"damage":6.0,"enemies":"Looter","floor":7.0,"turns":2.0},{"damage":20.0,"enemies":"3 Sentries","floor":8.0,"turns":6.0},{"damage":17.0,"enemies":"Large Slime","floor":11.0,"turns":5.0},{"damage":38.0,"enemies":"Hexaghost","floor":16.0,"turns":9.0},{"damage":12,"enemies":"Spheric Guardian","floor":18,"turns":5},{"damage":33,"enemies":"Shell Parasite","floor":19,"turns":5},{"damage":13,"enemies":"Masked Bandits","floor":20,"turns":3},{"damage":12,"enemies":"Centurion and Healer","floor":22,"turns":4},{"damage":25,"enemies":"Book of Stabbing","floor":23,"turns":5},{"damage":12,"enemies":"Gremlin Leader","floor":25,"turns":5},{"damage":0,"enemies":"Chosen and Byrds","floor":28,"turns":3},{"damage":11,"enemies":"Book of Stabbing","floor":31,"turns":3}],"seed_played":"7701919355366958790","potions_obtained":[{"floor":4.0,"key":"DuplicationPotion"},{"floor":4.0,"key":"PowerPotion"},{"floor":4.0,"key":"ElixirPotion"},{"floor":5.0,"key":"Ancient Potion"},{"floor":20,"key":"SneckoOil"},{"floor":22,"key":"Energy Potion"},{"floor":23,"key":"Swift Potion"}],"is_trial":false,"path_per_floor":["M","$","M","?","M","R","M","E","T","R","M","?","?","?","R","B",null,"M","M","?","?","M","E","R","E","T","R","M","?","$","E"],"character_chosen":"IRONCLAD","items_purchased":["Inflame","PrismaticShard","Madness","Master of Strategy"],"campfire_rested":0,"item_purchase_floors":[30,30,30,30],"current_hp_per_floor":[87,87,88,88,83,83,83,69,69,69,58,58,51,40,40,8,88,82,55,48,48,42,23,23,17,17,17,23,11,11,0,0],"gold":195,"neow_bonus":"TEN_PERCENT_HP_BONUS","is_daily":false,"chose_seed":false,"campfire_upgraded":5,"win_rate":0.0,"timestamp":1609862001,"path_taken":["M","$","M","?","M","R","?","E","T","R","M","?","?","?","R","BOSS","M","M","?","?","M","E","R","E","T","R","?","?","$","E"],"items_purchased_type":["Card","Relic","Card","Card"],"build_version":"2020-12-22","purchased_purges":2,"victory":false,"max_hp_per_floor":[88,88,88,88,88,88,88,88,88,88,88,88,88,88,88,88,88,88,88,88,88,88,88,88,88,88,88,88,88,88,88,88],"card_choices":[{"not_picked":["Cleave","Flex"],"picked":"Blood for Blood","floor":1.0},{"not_picked":["Perfected Strike","Clothesline"],"picked":"Flex","floor":3.0},{"not_picked":["Headbutt","Pommel Strike"],"picked":"Second Wind","floor":5.0},{"not_picked":["Flex","Havoc"],"picked":"Second Wind","floor":7.0},{"not_picked":["Sword Boomerang","Corruption"],"picked":"Offering","floor":8.0},{"not_picked":["Iron Wave","Clothesline"],"picked":"Thunderclap","floor":11.0},{"not_picked":["Limit Break","Berserk"],"picked":"Impervious","floor":16.0},{"not_picked":["Flame Barrier+1","Twin Strike","Armaments"],"picked":"SKIP","floor":18},{"not_picked":["Clash","Headbutt"],"picked":"Dropkick","floor":19},{"not_picked":["Clothesline","Wild Strike"],"picked":"Sentinel","floor":20},{"not_picked":["Corruption","Thunderclap"],"picked":"Shrug It Off","floor":22},{"not_picked":["Reckless Charge","True Grit"],"picked":"Whirlwind","floor":23},{"not_picked":["Headbutt","Pommel Strike"],"picked":"Twin Strike+1","floor":25},{"not_picked":["Uppercut+1","Clash"],"picked":"Inflame+1","floor":28}],"player_experience":251054,"relics_obtained":[{"floor":8.0,"key":"Matryoshka"},{"floor":9.0,"key":"Self Forming Clay"},{"floor":9.0,"key":"MawBank"},{"floor":20,"key":"Red Mask"},{"floor":23,"key":"Singing Bowl"},{"floor":23,"key":"Gremlin Horn"},{"floor":25,"key":"Sundial"},{"floor":25,"key":"Bottled Flame"},{"floor":26,"key":"Art of War"}],"event_choices":[{"damage_healed":0.0,"max_hp_gain":0.0,"max_hp_loss":0.0,"gold_gain":0.0,"event_name":"Lab","player_choice":"Got Potions","floor":4.0,"gold_loss":0.0,"damage_taken":0.0},{"cards_removed":["Strike_R"],"damage_healed":0.0,"max_hp_gain":0.0,"max_hp_loss":0.0,"gold_gain":0.0,"event_name":"The Cleric","player_choice":"Card Removal","floor":12.0,"gold_loss":50.0,"damage_taken":0.0},{"cards_removed":["Strike_R"],"damage_healed":0.0,"max_hp_gain":0.0,"max_hp_loss":0.0,"gold_gain":0.0,"event_name":"Golden Wing","player_choice":"Card Removal","floor":13.0,"gold_loss":0.0,"damage_taken":7.0},{"damage_healed":0.0,"max_hp_gain":0.0,"max_hp_loss":0.0,"gold_gain":75.0,"event_name":"World of Goop","player_choice":"Gather Gold","floor":14.0,"gold_loss":0.0,"damage_taken":11.0},{"damage_healed":0,"gold_gain":0,"player_choice":"Fought Bandits","damage_taken":0,"max_hp_gain":0,"max_hp_loss":0,"event_name":"Masked Bandits","floor":20,"gold_loss":0},{"damage_healed":0,"gold_gain":0,"player_choice":"Copied","damage_taken":0,"max_hp_gain":0,"max_hp_loss":0,"event_name":"Duplicator","floor":21,"gold_loss":0,"cards_obtained":["Offering"]},{"damage_healed":0,"gold_gain":90,"player_choice":"GOLD ","damage_taken":12,"max_hp_gain":0,"max_hp_loss":0,"event_name":"Knowing Skull","floor":29,"potions_obtained":[],"gold_loss":0,"cards_obtained":[]}],"is_beta":false,"boss_relics":[{"not_picked":["Fusion Hammer","Pandora\u0027s Box"],"picked":"Black Star"}],"items_purged_floors":[2,30],"is_endless":false,"potions_floor_spawned":[5,7,20,22,23],"killed_by":"Book of Stabbing","ascension_level":4}}