{"host":"cyiefo55v5hz1ih5","time":1609807884,"event":{"mods":["2.2 Compatiblity","AchievementEnabler","BaseMod","GifTheSpireLib","Hubris","Minty Spire (QoL Compilation)","Replay The Spire","Spicy Shops","StSLib","The Construct"],"gold_per_floor":[111,111,61,136,148,173,173,98,98,113,125,139,193,213,213,313,313,333,408,427,97,97,130,130,130,130,130,146,159,192,207,207,308,308,328,328,339,214,234,264,264,15,15,26,26,51,51,201,201,201,201,201,4,32,32,32],"floor_reached":55,"playtime":5777,"items_purged":["construct:Strike_Gold","construct:Defend_Gold","construct:Strike_Gold","construct:Strike_Gold","Overencumbered","Decay"],"score":765,"play_id":"f19188ee-73be-46cd-8b43-b730fcca72cd","local_time":"20210104195124","is_ascension_mode":false,"campfire_choices":[{"floor":15.0,"key":"REST"},{"floor":24.0,"key":"RECALL"},{"floor":27.0,"key":"REST"},{"floor":32.0,"key":"REST"},{"floor":41.0,"key":"REST"},{"floor":45,"key":"REST"},{"data":"construct:Failsafe","floor":47,"key":"SMITH"},{"floor":49,"key":"REST"},{"data":"construct:GatlingGun","floor":52,"key":"SMITH"}],"circlet_count":0,"master_deck":["construct:Defend_Gold","construct:Defend_Gold","construct:Defend_Gold","construct:AttackMode","construct:DefenseMode","construct:Failsafe+1","construct:SweepLaser","construct:FlameCore+1","construct:SiegeForm+1","construct:PointDefense+1","construct:HammerDown","construct:Reinforce","construct:Enhance+1","construct:FlakBarrage","construct:ScopeCore+1","construct:GatlingGun+1","construct:Autoturret+1","construct:ChargeShot","Mayhem+1","Jack Of All Trades","PanicButton"],"relics":["construct:Cogwheel","hubris:Icosahedron","Pen Nib","construct:FoamFinger","Frozen Egg 2","hubris:Backtick","Tough Bandages","Regal Pillow","MutagenicStrength","Centennial Puzzle","Bottled Flame","Empty Cage","Replay:Accelerometer","Membership Card","Gremlin Horn","Mummified Hand","ReplayTheSpireMod:CursedCoin","Kunai","Art of War","ReplayTheSpireMod:ShopPack","ReplayTheSpireMod:Lightbulb"],"acts_visited":["Exordium","TheCity","TheBeyond","TheEnding"],"potions_floor_usage":[54],"damage_taken":[{"damage":0.0,"enemies":"Small Slimes","floor":1.0,"turns":4.0},{"damage":0.0,"enemies":"Jaw Worm","floor":5.0,"turns":3.0},{"damage":11.0,"enemies":"Replay:BlueRogue","floor":6.0,"turns":9.0},{"damage":7.0,"enemies":"2 Louse","floor":10.0,"turns":5.0},{"damage":10.0,"enemies":"Large Slime","floor":11.0,"turns":5.0},{"damage":3.0,"enemies":"Looter","floor":12.0,"turns":3.0},{"damage":2.0,"enemies":"3 Louse","floor":14.0,"turns":2.0},{"damage":7.0,"enemies":"The Guardian","floor":16.0,"turns":9.0},{"damage":21.0,"enemies":"Chosen","floor":18.0,"turns":6.0},{"damage":11.0,"enemies":"Spheric Guardian","floor":20.0,"turns":6.0},{"damage":14.0,"enemies":"Gremlin Leader","floor":23.0,"turns":8.0},{"damage":15.0,"enemies":"Shelled Parasite and Fungi","floor":28.0,"turns":9.0},{"damage":16.0,"enemies":"Snake Plant","floor":29.0,"turns":5.0},{"damage":23.0,"enemies":"Slavers","floor":30.0,"turns":7.0},{"damage":11.0,"enemies":"Cultist and Chosen","floor":31.0,"turns":7.0},{"damage":40.0,"enemies":"hubris:MusketHawk","floor":33.0,"turns":9.0},{"damage":1.0,"enemies":"3 Shapes","floor":35.0,"turns":5.0},{"damage":25.0,"enemies":"3 Darklings","floor":37.0,"turns":5.0},{"damage":8.0,"enemies":"4 Shapes","floor":39.0,"turns":5.0},{"damage":55.0,"enemies":"R_Hoarder","floor":40.0,"turns":10.0},{"damage":14,"enemies":"Writhing Mass","floor":44,"turns":6},{"damage":24,"enemies":"Reptomancer","floor":46,"turns":6},{"damage":19,"enemies":"hubris:GrandSnecko","floor":50,"turns":9},{"damage":92,"enemies":"Shield and Spear","floor":54,"turns":6},{"damage":48,"enemies":"The Heart","floor":55,"turns":3}],"seed_played":"4718606151079546851","potions_obtained":[{"floor":10.0,"key":"Death Potion"},{"floor":11.0,"key":"Cursed Concoction"},{"floor":12.0,"key":"Energy Potion"},{"floor":13.0,"key":"Fruit Juice"},{"floor":13.0,"key":"FairyPotion"},{"floor":25.0,"key":"Cursed Concoction"},{"floor":31.0,"key":"LiquidBronze"},{"floor":33.0,"key":"PowerPotion"}],"is_trial":false,"path_per_floor":["M","?","?","?","M","E","?","$","T","M","M","M","?","M","R","B",null,"M","?","M","$","?","E","R","?","T","R","M","M","E","M","R","B",null,"M","?","M","$","M","E","R","$","T","M","R","E","R","$","R","B",null,"R","$","E","B"],"character_chosen":"THE_CONSTRUCT_MOD","items_purchased":["construct:Enhance+1","Regal Pillow","Membership Card","construct:Autoturret+1","ReplayTheSpireMod:CursedCoin","Kunai","Art of War","construct:ChargeShot","ReplayTheSpireMod:ShopPack"],"campfire_rested":6,"item_purchase_floors":[21,21,42,42,48,48,53,53,53],"current_hp_per_floor":[93,93,93,82,82,71,68,68,68,61,51,48,30,28,57,50,98,77,68,57,57,57,43,43,43,43,87,72,56,33,22,66,26,98,97,97,72,72,64,9,53,53,53,39,83,59,59,38,82,63,98,98,98,6,0,0],"gold":32,"neow_bonus":"TEN_PERCENT_HP_BONUS","is_daily":false,"chose_seed":false,"campfire_upgraded":2,"win_rate":0.0,"timestamp":1609807884,"path_taken":["M","?","?","?","M","E","?","?","T","?","M","M","?","M","R","BOSS","M","?","?","$","?","E","R","?","T","R","M","M","E","?","R","BOSS","M","?","?","$","M","E","R","$","T","M","R","E","R","?","R","BOSS","R","$","E","BOSS"],"items_purchased_type":["Card","Relic","Relic","Card","Relic","Relic","Relic","Card","Relic"],"build_version":"2020-12-22","purchased_purges":6,"victory":false,"max_hp_per_floor":[93,93,93,93,93,93,93,93,93,93,93,93,98,98,98,98,98,98,98,98,98,98,98,98,98,98,98,98,98,98,98,98,98,98,98,98,98,98,98,98,98,98,98,98,98,98,98,98,98,98,98,98,98,98,98,98],"card_choices":[{"not_picked":["construct:Boost","construct:ModeShift"],"picked":"construct:Failsafe","floor":1.0},{"not_picked":["construct:ShiftStrike","construct:Backfire","construct:FierceBash"],"picked":"SKIP","floor":5.0},{"not_picked":["construct:Versatility","construct:Missile"],"picked":"construct:SweepLaser","floor":6.0},{"not_picked":["construct:SaveState","construct:SuppressiveFire"],"picked":"construct:FlameCore","floor":10.0},{"not_picked":["construct:CripplingShot","construct:VentSteam","construct:ScrapCannon"],"picked":"SKIP","floor":11.0},{"not_picked":["construct:HeavyBolt","construct:SaveState","construct:ModeShift"],"picked":"SKIP","floor":12.0},{"not_picked":["construct:ScopeCore","construct:ShiftStrike"],"picked":"construct:SiegeForm+1","floor":13.0},{"not_picked":["construct:ScrapCannon","construct:Boost"],"picked":"construct:PointDefense+1","floor":14.0},{"not_picked":["construct:ShieldBurst","construct:MassProduction"],"picked":"construct:HammerDown","floor":16.0},{"not_picked":["construct:ClusterMines","construct:SuppressiveFire"],"picked":"construct:Reinforce","floor":18.0},{"not_picked":["construct:Disrupt","construct:OneWayMirror","construct:ClusterMines+1"],"picked":"SKIP","floor":20.0},{"not_picked":["construct:Backfire","construct:FierceBash+1","construct:Analyze"],"picked":"SKIP","floor":23.0},{"not_picked":["construct:VentSteam+1","construct:Synchronize+1","construct:ModeShift"],"picked":"SKIP","floor":28.0},{"not_picked":["construct:Forcefield","construct:VentSteam","construct:Accumulate"],"picked":"SKIP","floor":29.0},{"not_picked":["construct:ShiftingStance+1","construct:ScrapCannon","construct:FierceBash+1"],"picked":"SKIP","floor":30.0},{"not_picked":["construct:Analyze","construct:ScrapCannon+1","construct:Versatility"],"picked":"SKIP","floor":31.0},{"not_picked":["construct:Boost","construct:Anticipate+1"],"picked":"construct:FlakBarrage","floor":35.0},{"not_picked":["construct:FocusedBeam","construct:FierceBash+1"],"picked":"construct:ScopeCore+1","floor":37.0},{"not_picked":["construct:Accumulate+1","construct:SaveState"],"picked":"construct:GatlingGun","floor":39.0},{"not_picked":["construct:Analyze+1","construct:ClusterMines","construct:HeavyBolt"],"picked":"SKIP","floor":40.0},{"not_picked":["construct:ScopeCore","construct:Impenetrable","construct:Chainstrike"],"picked":"SKIP","floor":44},{"not_picked":["construct:Autoturret+1","construct:Analyze","construct:SuppressiveFire+1"],"picked":"SKIP","floor":46},{"not_picked":["Magnetism","Midas Touch"],"picked":"Mayhem","floor":53},{"not_picked":["Purity","ReplayTheSpireMod:Necrogeddon"],"picked":"Jack Of All Trades","floor":53},{"not_picked":["Mayhem","ReplayTheSpireMod:Necrogeddon"],"picked":"PanicButton","floor":53},{"not_picked":["construct:Versatility","construct:Dampening","construct:GoldenBullet"],"picked":"SKIP","floor":54}],"player_experience":580249,"relics_obtained":[{"floor":6.0,"key":"Pen Nib"},{"floor":9.0,"key":"Frozen Egg 2"},{"floor":23.0,"key":"Centennial Puzzle"},{"floor":30.0,"key":"Bottled Flame"},{"floor":40.0,"key":"Replay:Accelerometer"},{"floor":43.0,"key":"Gremlin Horn"},{"floor":46,"key":"Mummified Hand"},{"floor":54,"key":"ReplayTheSpireMod:Lightbulb"}],"event_choices":[{"cards_removed":["construct:Strike_Gold"],"damage_healed":0.0,"max_hp_gain":0.0,"max_hp_loss":0.0,"gold_gain":0.0,"event_name":"The Cleric","player_choice":"Card Removal","floor":3.0,"gold_loss":50.0,"damage_taken":0.0},{"damage_healed":0.0,"max_hp_gain":0.0,"max_hp_loss":0.0,"gold_gain":75.0,"event_name":"World of Goop","player_choice":"Gather Gold","floor":4.0,"gold_loss":0.0,"damage_taken":11.0},{"damage_healed":0.0,"max_hp_gain":0.0,"max_hp_loss":0.0,"gold_gain":0.0,"event_name":"Scrap Ooze","player_choice":"Success","floor":7.0,"gold_loss":0.0,"damage_taken":3.0,"relics_obtained":["construct:FoamFinger"]},{"damage_healed":0.0,"max_hp_gain":0.0,"max_hp_loss":0.0,"gold_gain":75.0,"event_name":"FaceTrader","player_choice":"Touch","floor":19.0,"gold_loss":0.0,"damage_taken":9.0},{"damage_healed":0.0,"max_hp_gain":0.0,"max_hp_loss":0.0,"gold_gain":0.0,"event_name":"Drug Dealer","player_choice":"Inject Mutagens","floor":22.0,"gold_loss":0.0,"damage_taken":0.0,"relics_obtained":["MutagenicStrength"]},{"damage_healed":0.0,"max_hp_gain":0.0,"max_hp_loss":0.0,"gold_gain":0.0,"event_name":"Lab","player_choice":"Got Potions","floor":25.0,"gold_loss":0.0,"damage_taken":0.0},{"damage_healed":0.0,"max_hp_gain":0.0,"max_hp_loss":0.0,"gold_gain":0.0,"event_name":"Upgrade Shrine","player_choice":"Upgraded","floor":36.0,"gold_loss":0.0,"damage_taken":0.0,"cards_upgraded":["construct:FlameCore"]}],"is_beta":false,"boss_relics":[{"not_picked":["Fusion Hammer","Velvet Choker"],"picked":"hubris:Backtick"},{"not_picked":["Ring of Chaos","hubris:CrackedHourglass"],"picked":"Empty Cage"}],"items_purged_floors":[8,21,38,42,48,53],"is_endless":false,"potions_floor_spawned":[10,11,12,18,29,31,33,37],"killed_by":"The Heart","ascension_level":0}}