{"host":"z9grmtg2w0nmz8n1","time":1609830226,"event":{"mods":["Aspiration","Bard","BaseMod","Beaked The Cultist","Better Altar","Better Match","Better Note","Better Sensory Stone","Better Skull","Better Third Choice","BetterRewards","CCEM","Colored Map","Conspire","Downfall","GifTheSpireLib","Googly Eyes","Halation","Hermit","Highlight Path","Hubris","Hunter ??","Jedi Mod","Jorbs\u0027s Wanderer Trilogy","Mad Scientist","Marisa????????","Minty Spire (QoL Compilation)","Permanent Neow","Replay The Spire","Shade Mod","Shop Mod","Spicy Shops","StSLib","Stuff the Spire","The Bug Knight","The Construct","The Necromancer","The Runesmith","The Witch"],"gold_per_floor":[118,136,156,167,67,92,92,102,151,168,195,207,233,267,267,369,369,380,24,99,99,99,132,132,165,165,180,180,180],"floor_reached":28,"playtime":1076,"items_purged":["Electrodynamics+1","Strike_B","Strike_B","Strike_B"],"score":449,"play_id":"608d0f66-bdf6-4538-b078-f46e5122ad12","local_time":"20210105050346","is_ascension_mode":true,"campfire_choices":[{"data":"StuffTheSpire:Synthwave","floor":7,"key":"SMITH"},{"floor":15,"key":"REST"},{"floor":24,"key":"REST"}],"circlet_count":0,"master_deck":["Electrodynamics+1","Defend_B","Defend_B","Defend_B","Defend_B","Zap","Dualcast","FTL","Defragment","Ball Lightning","StuffTheSpire:Synthwave+1","Capacitor","FIFO Queue"],"relics":["Cracked Core","conspire:IceCreamScoop","Strawberry","jedi:crownofsimplicity","Odd Mushroom","construct:BoolHorns","jedi:hotpepper","hubris:TinFlute","StoneCalendar","InkBottle"],"acts_visited":["Exordium","TheCity"],"potions_floor_usage":[10,13,13,18,25,28],"damage_taken":[{"damage":1,"enemies":"Cultist","floor":1,"turns":3},{"damage":2,"enemies":"Small Slimes","floor":2,"turns":2},{"damage":6,"enemies":"Jaw Worm","floor":3,"turns":2},{"damage":14,"enemies":"3 Louse","floor":4,"turns":3},{"damage":17,"enemies":"3 Sentries","floor":6,"turns":3},{"damage":9,"enemies":"Blue Slaver","floor":8,"turns":3},{"damage":0,"enemies":"Large Slime","floor":10,"turns":3},{"damage":8,"enemies":"Lagavulin","floor":11,"turns":4},{"damage":13,"enemies":"3 Louse","floor":12,"turns":3},{"damage":0,"enemies":"The Mushroom Lair","floor":13,"turns":3},{"damage":6,"enemies":"Gremlin Nob","floor":14,"turns":3},{"damage":0,"enemies":"Fading Forest","floor":16,"turns":11},{"damage":18,"enemies":"Shell Parasite","floor":18,"turns":3},{"damage":15,"enemies":"Slavers","floor":23,"turns":2},{"damage":25,"enemies":"Book of Stabbing","floor":25,"turns":5},{"damage":11,"enemies":"3 Byrds","floor":27,"turns":3},{"damage":4,"enemies":"Shelled Parasite and Fungi","floor":28,"turns":2}],"seed_played":"-9041582424194282589","potions_obtained":[{"floor":3,"key":"Guardian:BlockOnCardUsePotion"},{"floor":8,"key":"jedi:holywater"},{"floor":10,"key":"Dexterity Potion"},{"floor":12,"key":"Block Potion"},{"floor":14,"key":"Slimebound:ThreeZeroPotion"},{"floor":16,"key":"Reflective Coating"},{"floor":23,"key":"LiquidBronze"}],"is_trial":false,"path_per_floor":["M","M","M","M","$","E","R","M","T","M","E","M","?","E","R","B",null,"M","$","?","?","$","E","R","E","T","M","M"],"character_chosen":"DEFECT","items_purchased":["Capacitor"],"campfire_rested":2,"item_purchase_floors":[19],"current_hp_per_floor":[74,72,66,52,52,42,42,33,33,33,25,12,12,6,30,40,61,43,43,37,37,37,22,40,15,15,4,0,0],"gold":180,"neow_bonus":"","is_daily":false,"chose_seed":false,"campfire_upgraded":1,"win_rate":0.0,"timestamp":1609830226,"path_taken":["M","M","M","M","$","E","R","M","T","M","E","M","?","E","R","BOSS","M","$","?","?","$","E","R","E","T","M","M"],"items_purchased_type":["Card"],"build_version":"2020-12-22","purchased_purges":4,"victory":false,"max_hp_per_floor":[75,75,75,75,75,82,82,82,82,82,82,82,82,82,82,82,61,61,61,61,61,61,61,61,61,61,61,61,61],"card_choices":[{"not_picked":["Beam Cell","Self Repair"],"picked":"FTL","floor":1},{"not_picked":["Stack","Streamline"],"picked":"Defragment","floor":2},{"not_picked":["Storm","jedi:BurstFrost"],"picked":"Ball Lightning","floor":3},{"not_picked":["Chill","BasicCrystalCard"],"picked":"StuffTheSpire:Synthwave","floor":4},{"not_picked":["Hologram","Streamline","Blizzard"],"picked":"SKIP","floor":6},{"not_picked":["Buffer","Crystallizer","Recycle"],"picked":"SKIP","floor":8},{"not_picked":["Coolheaded","Redo","Beam Cell"],"picked":"SKIP","floor":10},{"not_picked":["BasicCrystalCard","Turbo","jedi:BurstFrost"],"picked":"SKIP","floor":11},{"not_picked":["Consume","Recycle","Creative AI"],"picked":"SKIP","floor":12},{"not_picked":["Sweeping Beam","Crystallizer","Machine Learning"],"picked":"SKIP","floor":14},{"not_picked":["jedi:hex","Consume","Darkness"],"picked":"SKIP","floor":18},{"not_picked":["StuffTheSpire:LoadUp","Reprogram","hubris:DoWhile"],"picked":"SKIP","floor":23},{"not_picked":["BasicCrystalCard","Panic Button","jedi:BurstLightning+1"],"picked":"SKIP","floor":25},{"not_picked":["Go for the Eyes","Panic Button","aspiration:Polymerization"],"picked":"SKIP","floor":27}],"player_experience":789423,"relics_obtained":[{"floor":6,"key":"Strawberry"},{"floor":11,"key":"jedi:crownofsimplicity"},{"floor":13,"key":"Odd Mushroom"},{"floor":14,"key":"construct:BoolHorns"},{"floor":23,"key":"hubris:TinFlute"},{"floor":25,"key":"StoneCalendar"},{"floor":26,"key":"InkBottle"}],"event_choices":[{"damage_healed":0,"gold_gain":0,"player_choice":"Fought Mushrooms","damage_taken":0,"max_hp_gain":0,"max_hp_loss":0,"event_name":"Mushrooms","floor":13,"gold_loss":0},{"damage_healed":0,"gold_gain":75,"player_choice":"Touch","damage_taken":6,"max_hp_gain":0,"max_hp_loss":0,"event_name":"FaceTrader","floor":20,"gold_loss":0},{"damage_healed":0,"gold_gain":0,"cards_transformed":["Strike_B"],"player_choice":"Transformed","damage_taken":0,"max_hp_gain":0,"max_hp_loss":0,"event_name":"Transmorgrifier","floor":21,"gold_loss":0,"cards_obtained":["FIFO Queue"]}],"is_beta":false,"boss_relics":[{"not_picked":["Fusion Hammer","Replay:Ancient Bell"],"picked":"jedi:hotpepper"}],"items_purged_floors":[0,5,19,19],"is_endless":false,"potions_floor_spawned":[3,8,10,12,14,16,23],"killed_by":"Shelled Parasite and Fungi","ascension_level":1}}