{"host":"oy4pyvr762z5n0bb","time":1609871676,"event":{"mods":["AchievementEnabler","BaseMod","Colored Map","Colored Powertips","Googly Eyes","Key Reminder","Minty Spire (QoL Compilation)","Quick Restart","Relic Sorter","StSLib","SuperFastMode","Unceasing Turn Reminder","slay the spire mod where everything is the same but ironclad has a cowboy hat"],"gold_per_floor":[109,109,122,8,24,24,24,51,51,80,4,24,36,36,36,131,131,146,146,146,245,245,245],"floor_reached":22,"playtime":390,"items_purged":[],"score":259,"play_id":"8e59800f-72e7-483d-8626-f2c48186a0fb","local_time":"20210105103436","is_ascension_mode":true,"campfire_choices":[{"data":"Noxious Fumes","floor":6,"key":"SMITH"},{"floor":15,"key":"REST"}],"circlet_count":0,"master_deck":["Strike_G","Strike_G","Strike_G","Strike_G","Strike_G","Defend_G","Defend_G","Defend_G","Defend_G","Defend_G","Survivor","Neutralize","PiercingWail","Poisoned Stab","Crippling Poison","Noxious Fumes+1","Dash","Deadly Poison","Footwork","All Out Attack","PiercingWail","A Thousand Cuts","Bouncing Flask","Writhe","J.A.X."],"relics":["Ring of the Snake","NeowsBlessing","Du-Vu Doll","Sundial","Incense Burner","Ginger","Philosopher\u0027s Stone","Art of War"],"acts_visited":["Exordium","TheCity"],"potions_floor_usage":[12,22,22],"damage_taken":[{"damage":0,"enemies":"Small Slimes","floor":1,"turns":1},{"damage":0,"enemies":"Cultist","floor":3,"turns":1},{"damage":0,"enemies":"2 Louse","floor":5,"turns":1},{"damage":34,"enemies":"Gremlin Nob","floor":8,"turns":5},{"damage":14,"enemies":"Lagavulin","floor":10,"turns":8},{"damage":3,"enemies":"Looter","floor":12,"turns":3},{"damage":0,"enemies":"3 Louse","floor":13,"turns":2},{"damage":18,"enemies":"Slime Boss","floor":16,"turns":11},{"damage":27,"enemies":"Spheric Guardian","floor":18,"turns":6},{"damage":38,"enemies":"Masked Bandits","floor":22,"turns":3}],"seed_played":"-2092394504005778740","potions_obtained":[{"floor":1,"key":"Block Potion"},{"floor":5,"key":"Weak Potion"},{"floor":12,"key":"PowerPotion"},{"floor":16,"key":"SkillPotion"}],"is_trial":false,"path_per_floor":["M","?","M","$","M","R","$","E","T","E","$","M","M","$","R","B",null,"M","?","?","?","?"],"character_chosen":"THE_SILENT","items_purchased":["Crippling Poison","Noxious Fumes","All Out Attack"],"campfire_rested":1,"item_purchase_floors":[4,4,11],"current_hp_per_floor":[63,63,63,63,63,63,63,29,29,15,15,12,12,12,33,15,56,29,29,29,29,0,0],"gold":245,"neow_bonus":"THREE_ENEMY_KILL","is_daily":false,"chose_seed":false,"campfire_upgraded":1,"win_rate":0.0,"timestamp":1609871676,"path_taken":["M","?","M","$","?","R","$","E","T","E","$","M","M","?","R","BOSS","M","?","?","?","?"],"items_purchased_type":["Card","Card","Card"],"build_version":"2020-12-22","purchased_purges":0,"victory":false,"max_hp_per_floor":[70,70,70,70,70,70,70,70,70,70,70,70,70,70,70,70,70,70,70,70,70,70,70],"card_choices":[{"not_picked":["Tactician","Underhanded Strike"],"picked":"PiercingWail","floor":1},{"not_picked":["Deadly Poison","Deflect"],"picked":"Poisoned Stab","floor":3},{"not_picked":["PiercingWail","Predator"],"picked":"Dash","floor":5},{"not_picked":["Backflip","Deflect"],"picked":"Deadly Poison","floor":8},{"not_picked":["Slice","Tactician"],"picked":"Footwork","floor":10},{"not_picked":["Sucker Punch","Outmaneuver"],"picked":"PiercingWail","floor":12},{"not_picked":["Dash","Wraith Form v2","Flying Knee"],"picked":"SKIP","floor":13},{"not_picked":["Tools of the Trade","Glass Knife"],"picked":"A Thousand Cuts","floor":16},{"not_picked":["Accuracy","Sucker Punch"],"picked":"Bouncing Flask","floor":18}],"player_experience":634217,"relics_obtained":[{"floor":8,"key":"Sundial"},{"floor":9,"key":"Incense Burner"},{"floor":10,"key":"Ginger"}],"event_choices":[{"damage_healed":0,"gold_gain":0,"player_choice":"Gave Potion","damage_taken":0,"relics_obtained":["Du-Vu Doll"],"max_hp_gain":0,"max_hp_loss":0,"event_name":"WeMeetAgain","floor":2,"gold_loss":0},{"damage_healed":0,"gold_gain":0,"player_choice":"Opened","damage_taken":0,"relics_obtained":["Art of War"],"max_hp_gain":0,"max_hp_loss":0,"event_name":"The Mausoleum","floor":19,"gold_loss":0,"cards_obtained":["Writhe"]},{"damage_healed":0,"gold_gain":0,"player_choice":"Obtain J.A.X.","damage_taken":0,"max_hp_gain":0,"max_hp_loss":0,"event_name":"Drug Dealer","floor":20,"gold_loss":0,"cards_obtained":["J.A.X."]},{"damage_healed":0,"gold_gain":99,"player_choice":"Stole From Cult","damage_taken":0,"max_hp_gain":0,"max_hp_loss":0,"event_name":"Nest","floor":21,"gold_loss":0},{"damage_healed":0,"gold_gain":0,"player_choice":"Fought Bandits","damage_taken":0,"max_hp_gain":0,"max_hp_loss":0,"event_name":"Masked Bandits","floor":22,"gold_loss":0}],"is_beta":false,"boss_relics":[{"not_picked":["Runic Pyramid","SacredBark"],"picked":"Philosopher\u0027s Stone"}],"items_purged_floors":[],"is_endless":false,"potions_floor_spawned":[1,5,12,16],"killed_by":"Masked Bandits","ascension_level":7}}