{"host":"ur405gpummdrt5xj","time":1609873577,"event":{"mods":["BaseMod","Colored Map","Highlight Path","Minty Spire (QoL Compilation)","Quick Restart"],"gold_per_floor":[116,116,127,53,73,103,103,121,121,146,146,160,191,207,207,304,304,316,332,5,0,0,32,44,75,87,24,54,54,54,69,69,165,165,185,195,95,95,95,121,121,151,151,151,151],"floor_reached":44,"playtime":2553,"items_purged":["Strike_R","Strike_R"],"score":748,"play_id":"86e04260-eb6f-41a3-95d5-f72967b64df4","local_time":"20210105110617","is_ascension_mode":true,"campfire_choices":[{"data":"Demon Form","floor":7.0,"key":"SMITH"},{"floor":11.0,"key":"REST"},{"floor":15.0,"key":"REST"},{"floor":24.0,"key":"REST"},{"floor":30.0,"key":"REST"},{"floor":32.0,"key":"REST"},{"floor":41.0,"key":"REST"}],"circlet_count":0,"master_deck":["Strike_R","Defend_R","Defend_R","Defend_R","Bash","Inflame","Demon Form+1","Clothesline","Whirlwind","Spot Weakness","Reaper","Ghostly Armor","Shrug It Off","Flame Barrier+1"],"relics":["Burning Blood","NeowsBlessing","Blood Vial","Regal Pillow","Odd Mushroom","Ornamental Fan","Busted Crown","TungstenRod","MawBank","Turnip","Paper Frog","Runic Cube","Matryoshka","Strawberry","Bag of Marbles","Peace Pipe"],"acts_visited":["Exordium","TheCity","TheBeyond"],"potions_floor_usage":[42,44],"damage_taken":[{"damage":0.0,"enemies":"Small Slimes","floor":1.0,"turns":1.0},{"damage":0.0,"enemies":"Cultist","floor":3.0,"turns":1.0},{"damage":0.0,"enemies":"2 Louse","floor":5.0,"turns":1.0},{"damage":32.0,"enemies":"Gremlin Nob","floor":6.0,"turns":4.0},{"damage":16.0,"enemies":"Blue Slaver","floor":8.0,"turns":6.0},{"damage":37.0,"enemies":"The Mushroom Lair","floor":10.0,"turns":5.0},{"damage":30.0,"enemies":"Exordium Thugs","floor":12.0,"turns":6.0},{"damage":25.0,"enemies":"Lagavulin","floor":13.0,"turns":7.0},{"damage":20.0,"enemies":"Red Slaver","floor":14.0,"turns":5.0},{"damage":56.0,"enemies":"Slime Boss","floor":16.0,"turns":9.0},{"damage":39.0,"enemies":"Shell Parasite","floor":18.0,"turns":6.0},{"damage":34.0,"enemies":"3 Byrds","floor":19.0,"turns":4.0},{"damage":45.0,"enemies":"Slavers","floor":23.0,"turns":5.0},{"damage":26.0,"enemies":"Snake Plant","floor":25.0,"turns":4.0},{"damage":58.0,"enemies":"Book of Stabbing","floor":28.0,"turns":7.0},{"damage":99.0,"enemies":"Cultist and Chosen","floor":31.0,"turns":8.0},{"damage":64.0,"enemies":"Collector","floor":33.0,"turns":8.0},{"damage":42.0,"enemies":"Orb Walker","floor":35.0,"turns":7.0},{"damage":22.0,"enemies":"3 Darklings","floor":36.0,"turns":7.0},{"damage":0.0,"enemies":"Transient","floor":39.0,"turns":1.0},{"damage":97.0,"enemies":"Nemesis","floor":40.0,"turns":9.0},{"damage":93,"enemies":"Giant Head","floor":42,"turns":7},{"damage":32,"enemies":"Reptomancer","floor":44,"turns":2}],"seed_played":"-7370765250163417993","potions_obtained":[{"floor":3.0,"key":"Explosive Potion"},{"floor":8.0,"key":"SteroidPotion"},{"floor":10.0,"key":"Fire Potion"},{"floor":12.0,"key":"BloodPotion"},{"floor":13.0,"key":"FairyPotion"},{"floor":16.0,"key":"BloodPotion"},{"floor":18.0,"key":"DistilledChaos"},{"floor":19.0,"key":"PowerPotion"},{"floor":25.0,"key":"SmokeBomb"},{"floor":33.0,"key":"Swift Potion"},{"floor":36.0,"key":"AttackPotion"},{"floor":42,"key":"ColorlessPotion"}],"is_trial":false,"path_per_floor":["M","?","M","$","M","E","R","M","T","?","R","M","E","M","R","B",null,"M","M","$","?","?","E","R","M","T","$","E","$","R","M","R","B",null,"M","M","$","?","M","E","R","E","T","E"],"character_chosen":"IRONCLAD","items_purchased":["Inflame","TungstenRod","Ghostly Armor"],"campfire_rested":6,"item_purchase_floors":[4,20,20],"current_hp_per_floor":[78,78,80,80,80,54,54,46,46,17,56,34,17,21,60,12,63,44,46,46,46,46,9,48,30,30,30,8,8,47,30,69,51,73,51,80,80,80,80,13,52,30,30,0,0],"gold":151,"neow_bonus":"THREE_ENEMY_KILL","is_daily":false,"chose_seed":false,"campfire_upgraded":1,"win_rate":0.0,"timestamp":1609873577,"path_taken":["M","?","?","$","M","E","R","M","T","?","R","M","E","M","R","BOSS","M","M","$","?","?","E","R","?","T","?","E","$","R","M","R","BOSS","M","M","$","?","M","E","R","E","T","E"],"items_purchased_type":["Card","Relic","Card"],"build_version":"2020-12-22","purchased_purges":2,"victory":false,"max_hp_per_floor":[80,80,80,80,80,80,80,80,80,80,80,80,80,80,80,80,80,80,80,80,80,80,80,80,80,80,80,80,80,80,80,80,80,80,80,80,80,80,80,80,80,87,87,87,87],"card_choices":[{"not_picked":["Flex","Twin Strike","Sentinel"],"picked":"SKIP","floor":1.0},{"not_picked":["True Grit","Pommel Strike","Sword Boomerang"],"picked":"SKIP","floor":3.0},{"not_picked":["Thunderclap","Combust","Perfected Strike"],"picked":"SKIP","floor":5.0},{"not_picked":["Shrug It Off","Perfected Strike"],"picked":"Demon Form","floor":6.0},{"not_picked":["Wild Strike","Thunderclap"],"picked":"Clothesline","floor":8.0},{"not_picked":["Cleave","Headbutt"],"picked":"Whirlwind","floor":12.0},{"not_picked":["Bludgeon","Twin Strike","Iron Wave"],"picked":"SKIP","floor":13.0},{"not_picked":["Whirlwind","Bloodletting"],"picked":"Spot Weakness","floor":14.0},{"not_picked":["Exhume","Corruption"],"picked":"Reaper","floor":16.0},{"not_picked":["Perfected Strike"],"picked":"SKIP","floor":18.0},{"not_picked":["Havoc"],"picked":"SKIP","floor":19.0},{"not_picked":[],"picked":"Shrug It Off","floor":23.0},{"not_picked":["Anger+1"],"picked":"SKIP","floor":25.0},{"not_picked":["Havoc"],"picked":"SKIP","floor":28.0},{"not_picked":["Spot Weakness"],"picked":"SKIP","floor":31.0},{"not_picked":[],"picked":"Flame Barrier+1","floor":35.0},{"not_picked":["Clash+1"],"picked":"SKIP","floor":36.0},{"not_picked":["Clash+1"],"picked":"SKIP","floor":40.0},{"not_picked":["Disarm"],"picked":"SKIP","floor":42}],"player_experience":510875,"relics_obtained":[{"floor":6.0,"key":"Blood Vial"},{"floor":9.0,"key":"Regal Pillow"},{"floor":10.0,"key":"Odd Mushroom"},{"floor":13.0,"key":"Ornamental Fan"},{"floor":23.0,"key":"MawBank"},{"floor":26.0,"key":"Turnip"},{"floor":28.0,"key":"Paper Frog"},{"floor":40.0,"key":"Matryoshka"},{"floor":42,"key":"Strawberry"},{"floor":43,"key":"Bag of Marbles"},{"floor":43,"key":"Peace Pipe"}],"event_choices":[{"cards_removed":["Strike_R"],"damage_healed":0.0,"max_hp_gain":0.0,"max_hp_loss":0.0,"gold_gain":0.0,"event_name":"Purifier","player_choice":"Purged","floor":2.0,"gold_loss":0.0,"damage_taken":0.0},{"damage_healed":0.0,"max_hp_gain":0.0,"max_hp_loss":0.0,"gold_gain":0.0,"event_name":"Mushrooms","player_choice":"Fought Mushrooms","floor":10.0,"gold_loss":0.0,"damage_taken":0.0},{"damage_healed":0.0,"max_hp_gain":0.0,"max_hp_loss":0.0,"gold_gain":0.0,"event_name":"Masked Bandits","player_choice":"Paid Fearfully","floor":21.0,"gold_loss":5.0,"damage_taken":0.0},{"cards_removed":["Strike_R"],"damage_healed":0.0,"max_hp_gain":0.0,"max_hp_loss":0.0,"gold_gain":0.0,"event_name":"Purifier","player_choice":"Purged","floor":22.0,"gold_loss":0.0,"damage_taken":0.0},{"cards_removed":["Defend_R"],"damage_healed":0.0,"max_hp_gain":0.0,"max_hp_loss":0.0,"gold_gain":0.0,"event_name":"Falling","player_choice":"Removed Skill","floor":38.0,"gold_loss":0.0,"damage_taken":0.0}],"is_beta":false,"boss_relics":[{"not_picked":["Astrolabe","Coffee Dripper"],"picked":"Busted Crown"},{"not_picked":["Empty Cage","Calling Bell"],"picked":"Runic Cube"}],"items_purged_floors":[27,37],"is_endless":false,"potions_floor_spawned":[3,8,10,12,13,16,18,19,25,33,36,39,42],"killed_by":"Reptomancer","ascension_level":9}}