{"host":"emut9mh212kd9b86","time":1609847455,"event":{"mods":["ATMod(°¢èªMod)","Act Like it!","BaseMod","Better Vampires","Gensokyo","KomeijiMod","Minty Spire (QoL Compilation)","MostiFishMod","Shop Mod","Spicy Shops","StSLib","TestMod","noobMod","¡¾ÒÅÎï¿¨ÅÆ¡¿REMEMod"],"gold_per_floor":[175,189,189,207,16,16,42,42,42,77,77,92,328,188,188,277,277,298,298,315,241,4,43,82,116,116,25,52,52,262,288,288,359,359,369,383,398,407,317,350,350,374,396,396,720,581,87,118,118,118],"floor_reached":51,"playtime":2144,"items_purged":["Defend_Remirira","Defend_Remirira","Strike_Remiria"],"score":2129,"play_id":"40119130-a8d1-4059-a996-d05de007e2ce","local_time":"20210105195055","is_ascension_mode":true,"campfire_choices":[{"data":"AT_MachinaRedman","floor":6,"key":"SMITH"},{"data":"Strike_Remiria","floor":15,"key":"SMITH"},{"data":"Gensokyo:RedCapeBlueCape","floor":32,"key":"SMITH"},{"data":"Scratch","floor":41,"key":"SMITH"},{"data":"RedtheNightlessCastle","floor":49,"key":"SMITH"}],"circlet_count":0,"master_deck":["AscendersBane","Strike_Remiria+1","Strike_Remiria+1","Absorbed","Scratch+1","AT_MachinaRedman+1","RedtheNightlessCastle+1","Gensokyo:RedCapeBlueCape+1","Gensokyo:CustomPotion"],"relics":["testmod-TestBox","ice","DaveBox","AT_ATBox","REME_ComplimentaryCards","testmod-HeartOfStrike","Dodecahedron","BloodWine","SynthV:TestCard","Gensokyo:PortableGap","testmod-Acrobat","SentryEyes","HoshigumaDish","testmod-BatchProcessingSystem","testmod-ConstraintPeriapt","MerchantsRug","BirthdayGift-Tetrahedron","Smiling Mask","Pen Nib","testmod-Charity","AT_Kusabimaru","Whetstone","Lantern","AT_DeathDance","FeatherPendant","Bottled Flame","testmod-Antiphasic","Akabeko","Omamori","Old Coin","Sling","AT_ImmortalShieldbow","InkBottle","Ornamental Fan"],"acts_visited":["Exordium","Gensokyo:Gensokyo","Gensokyo:Gensokyoer"],"potions_floor_usage":[],"damage_taken":[{"damage":12,"enemies":"Gensokyo:Gryphon","floor":1,"turns":3},{"damage":0,"enemies":"Gensokyo:3_Fairies","floor":2,"turns":3},{"damage":9,"enemies":"Gensokyo:2_Kodama","floor":4,"turns":3},{"damage":31,"enemies":"Gensokyo:Aya","floor":7,"turns":6},{"damage":31,"enemies":"Gensokyo:Cirno","floor":10,"turns":6},{"damage":0,"enemies":"Gensokyo:Kitsune","floor":12,"turns":2},{"damage":9,"enemies":"Gensokyo:Aya","floor":13,"turns":3},{"damage":19,"enemies":"Gensokyo:Yukari","floor":16,"turns":6},{"damage":9,"enemies":"Gensokyo:AngelMirror","floor":18,"turns":2},{"damage":17,"enemies":"Gensokyo:3_Dogs","floor":20,"turns":2},{"damage":0,"enemies":"Gensokyo:Koishi","floor":23,"turns":1},{"damage":26,"enemies":"Gensokyo:Tenshi","floor":24,"turns":2},{"damage":2,"enemies":"Gensokyo:Koishi","floor":25,"turns":2},{"damage":0,"enemies":"Gensokyo:Reisen","floor":28,"turns":1},{"damage":17,"enemies":"Gensokyo:Slime_Group","floor":30,"turns":2},{"damage":2,"enemies":"Gensokyo:Koishi","floor":31,"turns":2},{"damage":4,"enemies":"Gensokyo:Kaguya","floor":33,"turns":3},{"damage":0,"enemies":"Gensokyo:AncientGuardian","floor":35,"turns":1},{"damage":0,"enemies":"Gensokyo:3_Boulders","floor":36,"turns":1},{"damage":2,"enemies":"Gensokyo:Dusk_and_Dawn","floor":37,"turns":2},{"damage":2,"enemies":"Gensokyo:AtlasGolem","floor":38,"turns":2},{"damage":0,"enemies":"Gensokyo:Marisa","floor":40,"turns":1},{"damage":0,"enemies":"Gensokyo:Doremy","floor":42,"turns":1},{"damage":0,"enemies":"Gensokyo:Kasen","floor":45,"turns":1},{"damage":0,"enemies":"Gensokyo:Doremy","floor":48,"turns":1},{"damage":4,"enemies":"Gensokyo:Shinki","floor":50,"turns":3}],"seed_played":"-5092580029549774403","potions_obtained":[{"floor":2,"key":"LiquidBronze"},{"floor":4,"key":"GamblersBrew"},{"floor":10,"key":"Strength Potion"},{"floor":13,"key":"PowerPotion"},{"floor":23,"key":"Strength Potion"},{"floor":25,"key":"ColorlessPotion"},{"floor":28,"key":"CalmPotion"},{"floor":35,"key":"GamblersBrew"},{"floor":40,"key":"FearPotion"},{"floor":42,"key":"Swift Potion"},{"floor":48,"key":"Weak Potion"}],"is_trial":false,"path_per_floor":["M","M","?","M","COS","R","E","$","T","E","?","M","E","?","R","B",null,"M","?","M","$","COS","E","E","E","T","$","E","?","M","E","R","B",null,"M","M","M","M","?","E","R","E","T","T","E","COS","$","E","R","B",null],"character_chosen":"RemiriaScarlet","items_purchased":["MerchantsRug","testmod-Charity","AT_Kusabimaru","AT_ImmortalShieldbow","InkBottle"],"campfire_rested":0,"item_purchase_floors":[21,27,27,47,47],"current_hp_per_floor":[78,78,78,69,69,69,38,38,38,7,7,79,70,70,70,62,79,70,70,54,54,54,54,31,32,32,38,47,47,36,41,41,51,86,93,100,107,115,115,126,126,150,151,151,174,174,178,200,200,209],"gold":118,"neow_bonus":"BOSS_RELIC","is_daily":false,"chose_seed":false,"campfire_upgraded":5,"win_rate":0.0,"timestamp":1609847455,"path_taken":["M","M","?","M","COS","R","E","$","T","E","?","?","E","?","R","BOSS","M","?","M","$","COS","E","E","E","T","$","E","?","M","E","R","BOSS","M","M","M","?","?","E","R","E","T","?","E","COS","$","E","R","BOSS"],"items_purchased_type":["Relic","Relic","Relic","Relic","Relic"],"build_version":"2020-12-22","purchased_purges":3,"victory":true,"max_hp_per_floor":[100,100,85,85,82,82,82,82,79,79,79,79,81,81,81,85,85,86,76,79,76,76,73,73,70,70,76,82,74,81,86,86,98,98,105,112,119,128,128,139,139,160,161,161,181,178,179,201,201,211],"card_choices":[{"not_picked":["FierceSweep","BloodySuit","FastHealing"],"picked":"SKIP","floor":1},{"not_picked":["BloodCleaner","Warpath","BodyStrengthen","ScarletNetherworld","Paradox"],"picked":"SKIP","floor":2},{"not_picked":["BodyStrengthen","DemonLordWalk","BloodCollect","FateEnsemble","Offensive"],"picked":"SKIP","floor":4},{"not_picked":["YoungDemonLord","BloodyMagicSquare","DemonsDinnerFork_Remiria","BodyStrengthen","Culling"],"picked":"SKIP","floor":7},{"not_picked":["DemonsDinnerFork_Remiria","RocketKickup","DemonLordWalk","BloodySuit","Warpath"],"picked":"SKIP","floor":10},{"not_picked":["BloodySuit","RedtheNightlessCastle","FierceSweep","DemonsDinnerFork_Remiria","CurseofVladTepes"],"picked":"SKIP","floor":12},{"not_picked":["NightDance","Culling","Feint","YoungDemonLord","Warpath","BloodCollect"],"picked":"SKIP","floor":13},{"not_picked":["FateCollect","ThePrice","RocketKickup","TricksterDevil","Rewrite","DemonsDinnerFork_Remiria"],"picked":"SKIP","floor":18},{"not_picked":["Gensokyo:LittleGreenMen","Gensokyo:LochNessMonster","Gensokyo:HAARP","Gensokyo:Kunekune","Gensokyo:Apocalypse"],"picked":"Gensokyo:RedCapeBlueCape","floor":19},{"not_picked":["Offensive","Impregnable","TricksterDevil","Warpath+1","BloodPact","CurseofVladTepes"],"picked":"SKIP","floor":20},{"not_picked":["FierceSweep+1","DoubleEdge","DemonsDinnerFork_Remiria","Tepes","Exsanguinate"],"picked":"SKIP","floor":23},{"not_picked":["FierceSweep","BloodySuit","ThePrice","BloodSurge","Tepes+1"],"picked":"SKIP","floor":24},{"not_picked":["FitfulNightmare","BodyStrengthen+1","CombatMeter","Cripple","ServantFlier"],"picked":"SKIP","floor":25},{"not_picked":["Coercion","BloodSurge","Feint","CombatMeter","BloodCollect"],"picked":"SKIP","floor":28},{"not_picked":["DemonLordWalk","FierceSweep","DemonsDinnerFork_Remiria","Cripple","StigmaNizer+1"],"picked":"SKIP","floor":30},{"not_picked":["BloodCleaner","Septette","DamonLordCradle_Remiria","YoungDemonLord","CombatMeter"],"picked":"SKIP","floor":31},{"not_picked":["BloodCleaner","DemonLordWalk","ThirstForBlood","BloodySuit","BloodCollect+1"],"picked":"SKIP","floor":35},{"not_picked":["FierceSweep","Tepes","FastHealing+1","BodyStrengthen+1","ScarletNetherworld"],"picked":"SKIP","floor":36},{"not_picked":["TricksterDevil","BloodCollect","QueenOfMidnight","Exsanguinate+1","RocketKickup"],"picked":"SKIP","floor":37},{"not_picked":["BloodCleaner","NaturallyHealing+1","FierceSweep","DamonLordCradle_Remiria+1","Warpath"],"picked":"SKIP","floor":38},{"not_picked":["BodyStrengthen","NaturallyHealing","Warpath","Cripple","CruelSlaughter"],"picked":"SKIP","floor":40},{"not_picked":["FateCollect","ServantFlier","DemonsDinnerFork_Remiria+1","BloodCollect","Cripple"],"picked":"SKIP","floor":42},{"not_picked":["DemonsDinnerFork_Remiria","ThePrice","RocketKickup","BloodCleaner","Cripple+1"],"picked":"SKIP","floor":45},{"not_picked":["AllTheWorldInNightmare","ChainGang","DoubleEdge","PainBurst","CombatMeter"],"picked":"SKIP","floor":48}],"player_experience":391049,"relics_obtained":[{"floor":1,"key":"SynthV:TestCard"},{"floor":7,"key":"Pantograph"},{"floor":9,"key":"testmod-Acrobat"},{"floor":10,"key":"SentryEyes"},{"floor":13,"key":"HoshigumaDish"},{"floor":23,"key":"testmod-BlackFramedGlasses"},{"floor":24,"key":"Smiling Mask"},{"floor":25,"key":"Darkstone Periapt"},{"floor":26,"key":"Pen Nib"},{"floor":28,"key":"Whetstone"},{"floor":31,"key":"AT_DeathDance"},{"floor":40,"key":"Bottled Flame"},{"floor":42,"key":"testmod-Antiphasic"},{"floor":43,"key":"Akabeko"},{"floor":44,"key":"Omamori"},{"floor":45,"key":"Old Coin"},{"floor":48,"key":"Ornamental Fan"}],"event_choices":[],"is_beta":false,"boss_relics":[{"not_picked":["testmod-Fanaticism","REME_LowDesire"],"picked":"testmod-BatchProcessingSystem"},{"not_picked":["FrostBlade","testmod-SaigiyounoYou"],"picked":"FeatherPendant"}],"items_purged_floors":[21,27,47],"is_endless":false,"potions_floor_spawned":[2,4,10,13,23,25,28,35,40,42,48],"ascension_level":15}}