{"host":"u7lm8z2rvb4dg2oo","time":1609881170,"event":{"mods":["AchievementEnabler","BaseMod","Colored Map","Colored Powertips","Curses Come First","Googly Eyes","Highlight Path","Minty Spire (QoL Compilation)","Quick Restart","StSLib"],"gold_per_floor":[117,117,66,66,90,120,120,131,131,156,156,189,364,378,378,378,378],"floor_reached":16,"playtime":1376,"items_purged":[],"score":162,"play_id":"19a26844-22b3-4eed-9a2e-a570e1cd0af5","local_time":"20210105161250","is_ascension_mode":true,"campfire_choices":[{"data":"Wireheading","floor":7.0,"key":"SMITH"},{"data":"TalkToTheHand","floor":11,"key":"SMITH"},{"data":"TalkToTheHand","floor":15,"key":"SMITH"}],"circlet_count":0,"master_deck":["Strike_P+1","Strike_P","Defend_P","Defend_P","Defend_P","Defend_P","Eruption+1","Vigilance","Wireheading+1","FlyingSleeves","ThirdEye","TalkToTheHand+1","Wallop","Doubt","TalkToTheHand+1"],"relics":["PureWater","Whetstone","Meat on the Bone","The Courier","Potion Belt","Du-Vu Doll"],"acts_visited":["Exordium"],"potions_floor_usage":[10,12,12],"damage_taken":[{"damage":3.0,"enemies":"Cultist","floor":1.0,"turns":4.0},{"damage":30.0,"enemies":"Gremlin Nob","floor":6.0,"turns":3.0},{"damage":2.0,"enemies":"2 Louse","floor":8.0,"turns":2.0},{"damage":10,"enemies":"3 Sentries","floor":10,"turns":11},{"damage":13,"enemies":"Lagavulin","floor":12,"turns":6},{"damage":0,"enemies":"Jaw Worm","floor":14,"turns":2},{"damage":43,"enemies":"Hexaghost","floor":16,"turns":9}],"seed_played":"196702263312667438","potions_obtained":[{"floor":6.0,"key":"Energy Potion"},{"floor":10,"key":"ColorlessPotion"}],"is_trial":false,"path_per_floor":["M","?","$","?","T","E","R","M","T","E","R","E","?","M","R","B"],"character_chosen":"WATCHER","items_purchased":["Dexterity Potion"],"campfire_rested":0,"item_purchase_floors":[3],"current_hp_per_floor":[69,62,62,62,62,32,32,42,42,44,44,43,43,43,43,0,0],"gold":378,"neow_bonus":"TEN_PERCENT_HP_BONUS","is_daily":false,"chose_seed":false,"campfire_upgraded":3,"win_rate":0.0,"timestamp":1609881170,"path_taken":["M","?","$","?","?","E","R","?","T","E","R","E","?","M","R","BOSS"],"items_purchased_type":["Potion"],"build_version":"2020-12-22","purchased_purges":0,"victory":false,"max_hp_per_floor":[79,79,79,79,79,79,79,79,79,79,79,79,79,79,79,79,79],"card_choices":[{"not_picked":["SashWhip","Study","Evaluate"],"picked":"SKIP","floor":1.0},{"not_picked":["JustLucky","ClearTheMind"],"picked":"FlyingSleeves","floor":6.0},{"not_picked":["ClearTheMind","Protect"],"picked":"ThirdEye","floor":8.0},{"not_picked":["Meditate","Wish"],"picked":"TalkToTheHand","floor":10},{"not_picked":["CrushJoints","Prostrate"],"picked":"Wallop","floor":12},{"not_picked":["FlurryOfBlows","CutThroughFate"],"picked":"TalkToTheHand","floor":14}],"player_experience":1085854,"relics_obtained":[{"floor":5.0,"key":"Whetstone"},{"floor":6.0,"key":"Meat on the Bone"},{"floor":9.0,"key":"The Courier"},{"floor":10,"key":"Potion Belt"},{"floor":12,"key":"Du-Vu Doll"}],"event_choices":[{"cards_removed":["Strike_P"],"damage_healed":0.0,"max_hp_gain":0.0,"max_hp_loss":0.0,"gold_gain":0.0,"event_name":"Golden Wing","player_choice":"Card Removal","floor":2.0,"gold_loss":0.0,"damage_taken":7.0},{"damage_healed":0.0,"max_hp_gain":0.0,"max_hp_loss":0.0,"gold_gain":0.0,"cards_transformed":["Strike_P"],"event_name":"Living Wall","player_choice":"Change","floor":4.0,"gold_loss":0.0,"damage_taken":0.0,"cards_obtained":["Wireheading"]},{"damage_healed":0,"gold_gain":175,"player_choice":"AGREE","damage_taken":0,"max_hp_gain":0,"max_hp_loss":0,"event_name":"Liars Game","floor":13,"gold_loss":0,"cards_obtained":["Doubt"]}],"is_beta":false,"boss_relics":[],"items_purged_floors":[],"is_endless":false,"potions_floor_spawned":[6,10],"killed_by":"Hexaghost","ascension_level":8}}