{"host":"91blwi3hgehj6ch9","time":1609886741,"event":{"mods":["2.2 Compatiblity","AchievementEnabler","BaseMod","Colored Map","DeckTracker","Keyboard Shortcuts","Minty Spire (QoL Compilation)","Permanent Neow","Quick Restart","StSLib","SuperFastMode"],"gold_per_floor":[109,109,129,143,157,157,157,157,157,157,190,208,133,153,153,153,153],"floor_reached":16,"playtime":581,"items_purged":["Strike_G"],"score":158,"play_id":"72dec582-8ef7-4255-a1b8-4118dda7146b","local_time":"20210106074541","is_ascension_mode":true,"campfire_choices":[{"data":"Tactician","floor":6.0,"key":"SMITH"},{"data":"Blade Dance","floor":8.0,"key":"SMITH"},{"data":"Backflip","floor":10.0,"key":"SMITH"},{"floor":15.0,"key":"REST"}],"circlet_count":0,"master_deck":["AscendersBane","Strike_G","Strike_G","Strike_G","Strike_G","Defend_G","Defend_G","Defend_G","Defend_G","Defend_G","Survivor","Neutralize","Acrobatics+1","Backflip+1","Tactician+1","Blade Dance+1","Escape Plan"],"relics":["Ring of the Snake","Oddly Smooth Stone","White Beast Statue","InkBottle","Ninja Scroll"],"acts_visited":["Exordium"],"potions_floor_usage":[],"damage_taken":[{"damage":1.0,"enemies":"Small Slimes","floor":1.0,"turns":4.0},{"damage":0.0,"enemies":"Cultist","floor":3.0,"turns":4.0},{"damage":0.0,"enemies":"2 Louse","floor":4.0,"turns":4.0},{"damage":12.0,"enemies":"Large Slime","floor":5.0,"turns":7.0},{"damage":17.0,"enemies":"3 Sentries","floor":11.0,"turns":11.0},{"damage":0.0,"enemies":"3 Louse","floor":12.0,"turns":2.0},{"damage":8.0,"enemies":"Gremlin Gang","floor":14.0,"turns":5.0},{"damage":35,"enemies":"Hexaghost","floor":16,"turns":14}],"seed_played":"-570795864372293601","potions_obtained":[{"floor":4.0,"key":"Energy Potion"},{"floor":5.0,"key":"DistilledChaos"},{"floor":11.0,"key":"Poison Potion"},{"floor":12.0,"key":"Fire Potion"},{"floor":14.0,"key":"Energy Potion"}],"is_trial":false,"path_per_floor":["M","?","M","M","M","R","?","R","T","R","E","M","$","M","R","B"],"character_chosen":"THE_SILENT","items_purchased":[],"campfire_rested":1,"item_purchase_floors":[],"current_hp_per_floor":[62,62,62,62,50,50,50,50,50,50,33,33,33,25,46,11,11],"gold":153,"neow_bonus":"RANDOM_COMMON_RELIC","is_daily":false,"chose_seed":false,"campfire_upgraded":3,"win_rate":0.0,"timestamp":1609886741,"path_taken":["M","?","M","?","M","R","?","R","T","R","E","M","$","M","R","BOSS"],"items_purchased_type":[],"build_version":"2020-12-22","purchased_purges":1,"victory":false,"max_hp_per_floor":[70,70,70,70,70,70,70,70,70,70,70,70,70,70,70,70,70],"card_choices":[{"not_picked":["Dagger Spray","Poisoned Stab"],"picked":"Acrobatics","floor":1.0},{"not_picked":["Prepared","Outmaneuver"],"picked":"Backflip","floor":3.0},{"not_picked":["Cloak And Dagger","Blur"],"picked":"Tactician","floor":4.0},{"not_picked":["Noxious Fumes","Well Laid Plans"],"picked":"Blade Dance","floor":5.0},{"not_picked":["Choke","Catalyst","Storm of Steel"],"picked":"SKIP","floor":11.0},{"not_picked":["Deadly Poison","Underhanded Strike","Quick Slash"],"picked":"SKIP","floor":12.0},{"not_picked":["Dagger Spray","Poisoned Stab"],"picked":"Escape Plan","floor":14.0}],"player_experience":86851,"relics_obtained":[{"floor":9.0,"key":"InkBottle"},{"floor":11.0,"key":"Ninja Scroll"}],"event_choices":[{"damage_healed":0.0,"max_hp_gain":0.0,"max_hp_loss":0.0,"gold_gain":0.0,"event_name":"Accursed Blacksmith","player_choice":"Forge","floor":2.0,"gold_loss":0.0,"damage_taken":0.0,"cards_upgraded":["Acrobatics"]},{"damage_healed":0.0,"max_hp_gain":0.0,"max_hp_loss":0.0,"gold_gain":0.0,"event_name":"WeMeetAgain","player_choice":"Gave Potion","floor":7.0,"gold_loss":0.0,"damage_taken":0.0,"relics_obtained":["White Beast Statue"]}],"is_beta":false,"boss_relics":[],"items_purged_floors":[13],"is_endless":false,"potions_floor_spawned":[4,5,11,12,14],"killed_by":"Hexaghost","ascension_level":11}}