{"host":"27tk4xseidcli2mr","time":1609843612,"event":{"mods":["2.2 Compatiblity","AchievementEnabler","Aspiration","BaseMod","Better Third Choice","Conspire","Custom Start","Downfall","Hubris","Infinite Spire","Jorbs\u0027s Wanderer Trilogy","Minty Spire (QoL Compilation)","Replay The Spire","StSLib","SuperFastMode","[IsaacMod]????"],"gold_per_floor":[115,138,152,171,7,35,35,49,75,86,103,103,129,54,54,130,130,147,147,147,222,242,271,271,304,304,331,331,359,359,375,375,452,452,464,464,464,483,483,483,508,508,508,521,546,546,581,601,601,702,816,816,816,823,828,830,830,857,867,875,875,882,882,964,971,973,973,962,962],"floor_reached":68,"playtime":3950,"items_purged":["Strike_B","Strike_B","Strike_B","Defend_B"],"score":2524,"play_id":"08efe3a7-b207-4f8d-8f78-3f3b79bbba31","local_time":"20210105114652","is_ascension_mode":true,"campfire_choices":[{"floor":7.0,"key":"REST"},{"data":"White Noise","floor":12.0,"key":"SMITH"},{"floor":15.0,"key":"REST"},{"floor":24.0,"key":"REST"},{"data":"Consume","floor":32.0,"key":"SMITH"},{"data":"Midas Touch","floor":40.0,"key":"SMITH"},{"data":"Echo Form","floor":42.0,"key":"SMITH"},{"data":"Genetic Algorithm","floor":63.0,"key":"SMITH"},{"data":"Defragment","floor":67.0,"key":"SMITH"}],"circlet_count":0,"master_deck":["AscendersBane","Strike_B+2","Defend_B+1","Defend_B","Defend_B","Zap","Dualcast","champ:Taunt","stsjorbsmod:Strike_Cull","Ball Lightning","Mirror Shield","White Noise+1","Leap","BootSequence","Melter","Rainbow+1","Leap","Multi-Cast+1","Consume","Time Bomb","Chaos","Consume+1","Fusion","Echo Form+1","Midas Touch+1","Storm+1","Mirror Shield","Genetic Algorithm+1","ReplayRNGCard","Echo Form","Rainbow","infinitespire:TheBestDefense","Consume","ElectricPowerLearning","ReplayTheSpireMod:Reroute Power","ReplayTheSpireMod:Dual Polarity","Defragment+1"],"relics":["Cracked Core","HushsDoor","ReplayTheSpireMod:TigerMarble","Gremlin Food","DeathBook","Lantern","Toy Ornithopter","BelialBook","Snecko Eye","Prayer Wheel","Ring of Peace","ReplayTheSpireMod:Ring of Addiction","Chameleon Ring","Potion Belt","Ancient Tea Set","PunchingBag","Singing Bowl","Chaos","aspiration:MysteriousAuxiliaryCore","Lee\u0027s Waffle","NineVolt","hubris:SlimyHat","PillsDrop","hubris:Icosahedron","SalivaCoin","Prayer Wheel","Simple Rune","hubris:ToyBattleship","hubris:OldNail","Kunai","InkBottle"],"acts_visited":["Exordium","TheCity","TheBeyond","Exordium"],"potions_floor_usage":[68],"damage_taken":[{"damage":4.0,"enemies":"Cultist","floor":1.0,"turns":4.0},{"damage":0.0,"enemies":"Small Slimes","floor":3.0,"turns":2.0},{"damage":0.0,"enemies":"Jaw Worm","floor":4.0,"turns":3.0},{"damage":28.0,"enemies":"Replay:BlueRogue","floor":6.0,"turns":7.0},{"damage":9.0,"enemies":"Large Slime","floor":8.0,"turns":6.0},{"damage":0.0,"enemies":"Looter","floor":10.0,"turns":1.0},{"damage":10.0,"enemies":"Exordium Wildlife","floor":11.0,"turns":4.0},{"damage":23.0,"enemies":"Lagavulin","floor":13.0,"turns":5.0},{"damage":22.0,"enemies":"Hexaghost","floor":16.0,"turns":9.0},{"damage":2.0,"enemies":"Chosen","floor":18.0,"turns":5.0},{"damage":0.0,"enemies":"Shell Parasite","floor":22.0,"turns":4.0},{"damage":13.0,"enemies":"Nightmare","floor":23.0,"turns":6.0},{"damage":2.0,"enemies":"Gremlin Leader","floor":25.0,"turns":10.0},{"damage":0.0,"enemies":"Book of Stabbing","floor":27.0,"turns":6.0},{"damage":0.0,"enemies":"Snake Plant","floor":29.0,"turns":4.0},{"damage":11.0,"enemies":"Shelled Parasite and Fungi","floor":31.0,"turns":4.0},{"damage":0.0,"enemies":"Collector","floor":33.0,"turns":8.0},{"damage":57.0,"enemies":"3 Darklings","floor":35.0,"turns":6.0},{"damage":0.0,"enemies":"3 Shapes","floor":38.0,"turns":4.0},{"damage":0.0,"enemies":"R_Hoarder","floor":41.0,"turns":8.0},{"damage":0.0,"enemies":"3 Darklings","floor":44.0,"turns":4.0},{"damage":5.0,"enemies":"Reptomancer","floor":45.0,"turns":6.0},{"damage":11.0,"enemies":"R_Hoarder","floor":47.0,"turns":7.0},{"damage":0.0,"enemies":"Maw","floor":48.0,"turns":7.0},{"damage":16.0,"enemies":"Time Eater","floor":50.0,"turns":7.0},{"damage":55.0,"enemies":"conspire:OrnateMirror","floor":51.0,"turns":10.0},{"damage":0.0,"enemies":"Cultist","floor":53.0,"turns":4.0},{"damage":0.0,"enemies":"Small Slimes","floor":55.0,"turns":3.0},{"damage":0.0,"enemies":"Jaw Worm","floor":56.0,"turns":2.0},{"damage":3.0,"enemies":"3 Sentries","floor":58.0,"turns":4.0},{"damage":1.0,"enemies":"Exordium Thugs","floor":59.0,"turns":3.0},{"damage":0.0,"enemies":"Gremlin Gang","floor":60.0,"turns":2.0},{"damage":0.0,"enemies":"Blue Slaver","floor":62.0,"turns":2.0},{"damage":0.0,"enemies":"Exordium Wildlife","floor":66.0,"turns":3.0},{"damage":171,"enemies":"Delirium","floor":68,"turns":10}],"seed_played":"-5375591220084269869","potions_obtained":[{"floor":3.0,"key":"Dexterity Potion"},{"floor":4.0,"key":"Dexterity Potion"},{"floor":16.0,"key":"EssenceOfDarkness"},{"floor":20.0,"key":"Explosive Potion"},{"floor":20.0,"key":"Strength Potion"},{"floor":20.0,"key":"BlessingOfTheForge"},{"floor":27.0,"key":"ColorlessPotion"},{"floor":30.0,"key":"hexamod:EctoCoolerPotion"},{"floor":30.0,"key":"PowerPotion"},{"floor":31.0,"key":"Dexterity Potion"},{"floor":33.0,"key":"Strength Potion"},{"floor":35.0,"key":"Milkshake"},{"floor":38.0,"key":"sneckomod:MuddlingPotion"},{"floor":45.0,"key":"sneckomod:MuddlingPotion"},{"floor":49.0,"key":"SkillPotion"},{"floor":49.0,"key":"DistilledChaos"},{"floor":50.0,"key":"Explosive Potion"},{"floor":51.0,"key":"Explosive Potion"},{"floor":53.0,"key":"AttackPotion"},{"floor":56.0,"key":"AttackPotion"},{"floor":58.0,"key":"SneckoOil"},{"floor":66.0,"key":"FearPotion"}],"is_trial":false,"path_per_floor":["M","T","M","M","$","E","R","M","T","M","M","R","E","$","R","B",null,"M","?","?","?","M","NM","R","E","T","E","AVR","M","R","M","R","B",null,"M","?","?","M","?","R","E","R","T","M","E","?","E","M","R","B","B",null,"M","?","M","M","AVR","E","M","M","T","M","R","?","?","M","R","B"],"character_chosen":"DEFECT","items_purchased":["Gremlin Food","Midas Touch"],"campfire_rested":3,"item_purchase_floors":[5,34],"current_hp_per_floor":[74,74,74,74,74,49,74,65,65,65,55,55,32,32,57,48,76,74,74,74,40,40,37,62,65,65,65,92,92,92,85,85,90,86,36,36,54,61,61,61,68,68,68,77,79,79,70,77,77,71,21,82,88,73,84,86,86,96,99,108,108,114,114,103,96,102,102,0,0],"gold":962,"neow_bonus":"TWENTY_PERCENT_HP_BONUS","is_daily":false,"chose_seed":false,"campfire_upgraded":6,"win_rate":0.0,"timestamp":1609843612,"path_taken":["M","?","?","M","$","E","R","M","T","M","M","R","E","$","R","BOSS","M","?","?","?","M","NM","R","E","T","E","AVR","?","R","M","R","BOSS","M","?","?","M","?","R","E","R","T","M","E","?","E","M","R","BOSS","BOSS","M","?","?","M","AVR","E","M","M","T","M","R","?","?","M","R","BOSS"],"items_purchased_type":["Relic","Card"],"build_version":"2020-12-22","purchased_purges":4,"victory":false,"max_hp_per_floor":[85,85,85,85,85,85,85,85,85,85,85,85,85,85,85,85,85,85,85,85,85,85,85,85,85,85,85,92,92,92,96,96,96,86,88,88,88,90,90,90,92,92,92,96,98,98,100,102,102,102,102,102,108,108,112,114,114,117,121,125,125,131,131,129,129,135,133,133,133],"card_choices":[{"not_picked":["Sweeping Beam","Rebound"],"picked":"Ball Lightning","floor":1.0},{"not_picked":["Loop","Coolheaded"],"picked":"Mirror Shield","floor":3.0},{"not_picked":["Sweeping Beam","Hologram"],"picked":"White Noise","floor":4.0},{"not_picked":["Streamline","Loop"],"picked":"Leap","floor":6.0},{"not_picked":["Blizzard","ReplaySolidLightProjector"],"picked":"BootSequence","floor":8.0},{"not_picked":["Tempest","Redo"],"picked":"Melter","floor":10.0},{"not_picked":["BasicCrystalCard","Steam"],"picked":"Bomb","floor":11.0},{"not_picked":["Tempest","Seek"],"picked":"Rainbow","floor":13.0},{"not_picked":["Core Surge","All For One"],"picked":"ReplayTheSpireMod:Fabricate Wheel","floor":16.0},{"not_picked":["ReplaySort","Compile Driver","Gash"],"picked":"SKIP","floor":18.0},{"not_picked":["hubris:Ukulele","Panic Button","Steam Power"],"picked":"SKIP","floor":18.0},{"not_picked":["Redo","Streamline"],"picked":"Leap","floor":21.0},{"not_picked":["Cold Snap","aspiration:Polymerization"],"picked":"Multi-Cast","floor":21.0},{"not_picked":["Cold Snap","BasicCrystalCard"],"picked":"Consume","floor":22.0},{"not_picked":["Compile Driver","Coolheaded"],"picked":"Time Bomb","floor":22.0},{"not_picked":["Go for the Eyes","Hello World","Redo"],"picked":"SKIP","floor":23.0},{"not_picked":["Go for the Eyes","Hello World","Redo"],"picked":"SKIP","floor":23.0},{"not_picked":["Aggregate","Steam Power"],"picked":"Chaos","floor":25.0},{"not_picked":["Rebound+1","Pulse"],"picked":"Consume","floor":27.0},{"not_picked":["Beam Cell","ReplaySort"],"picked":"Fusion","floor":29.0},{"not_picked":["Aggregate","Go for the Eyes","Stack"],"picked":"Singing Bowl","floor":29.0},{"not_picked":["Steam","Hologram","Cold Snap"],"picked":"Singing Bowl","floor":31.0},{"not_picked":["Stack","hubris:Prefetch","Scrape"],"picked":"Singing Bowl","floor":31.0},{"not_picked":["Rainbow","Mirror Shield"],"picked":"Echo Form","floor":33.0},{"not_picked":["Steam","Pulse"],"picked":"Storm+1","floor":35.0},{"not_picked":["Leap","Rebound+1","Barrage"],"picked":"Singing Bowl","floor":35.0},{"not_picked":["Gash","Beam Cell+1"],"picked":"Mirror Shield","floor":38.0},{"not_picked":["Heatsinks+1","FTL","Leap+1"],"picked":"Singing Bowl","floor":38.0},{"not_picked":["Hologram+1","Rebound","Gash"],"picked":"Singing Bowl","floor":41.0},{"not_picked":["Beam Cell+1","BasicCrystalCard","Ball Lightning"],"picked":"Singing Bowl","floor":44.0},{"not_picked":["Go for the Eyes","Gash","Fission"],"picked":"Singing Bowl","floor":44.0},{"not_picked":["Reprogram","Leap+1","Turbo"],"picked":"Singing Bowl","floor":45.0},{"not_picked":["Compile Driver","Panic Button","Aggregate"],"picked":"Singing Bowl","floor":47.0},{"not_picked":["Gash","conspire:Rain","Force Field"],"picked":"Singing Bowl","floor":48.0},{"not_picked":["Skim","Sweeping Beam"],"picked":"Genetic Algorithm","floor":48.0},{"not_picked":["ReplayTheSpireMod:Omega Cannon","Thunder Strike"],"picked":"ReplayRNGCard","floor":50.0},{"not_picked":["ReplayTheSpireMod:Fabricate Wheel","Thunder Strike"],"picked":"Rainbow","floor":51.0},{"not_picked":["ReplayTheSpireMod:Haul","infinitespire:SevenWalls"],"picked":"infinitespire:TheBestDefense","floor":53.0},{"not_picked":["Recycle","Panic Button","BasicCrystalCard"],"picked":"Singing Bowl","floor":53.0},{"not_picked":["Hyperbeam","Compile Driver","Steam"],"picked":"Singing Bowl","floor":53.0},{"not_picked":["Gash","Sweeping Beam","Redo"],"picked":"Singing Bowl","floor":53.0},{"not_picked":["Panic Button","Beam Cell","Rebound"],"picked":"Singing Bowl","floor":55.0},{"not_picked":["Pulse","Turbo","ReplayGash"],"picked":"Singing Bowl","floor":55.0},{"not_picked":["Compile Driver","White Noise","Pulse"],"picked":"Singing Bowl","floor":55.0},{"not_picked":["Rebound","Gash"],"picked":"Consume","floor":56.0},{"not_picked":["Ball Lightning","Hologram","Conserve Battery"],"picked":"Singing Bowl","floor":56.0},{"not_picked":["Coolheaded","ReplaySolidLightProjector"],"picked":"ElectricPowerLearning","floor":56.0},{"not_picked":["aspiration:Polymerization","Turbo"],"picked":"ReplayTheSpireMod:Reroute Power","floor":58.0},{"not_picked":["hubris:PowerSurge","Leap","conspire:SharedLibrary"],"picked":"Singing Bowl","floor":59.0},{"not_picked":["Reinforced Body","Ball Lightning"],"picked":"ReplayTheSpireMod:Dual Polarity","floor":59.0},{"not_picked":["Compile Driver","Coolheaded","Hologram"],"picked":"Singing Bowl","floor":59.0},{"not_picked":["ReplayTheSpireMod:Omega Cannon","Panic Button","Fan"],"picked":"Singing Bowl","floor":60.0},{"not_picked":["BasicCrystalCard","Glacier"],"picked":"Defragment","floor":60.0},{"not_picked":["Stack","Go for the Eyes","Redo"],"picked":"Singing Bowl","floor":60.0},{"not_picked":["Reinforced Body","Storm","Self Repair"],"picked":"Singing Bowl","floor":62.0},{"not_picked":["Compile Driver","Reinforced Body","Turbo"],"picked":"Singing Bowl","floor":62.0},{"not_picked":["Reprogram","Auto Shields","Redo"],"picked":"Singing Bowl","floor":62.0},{"not_picked":["ReplayTheSpireMod:Calculation Training","Sweeping Beam","conspire:Rain"],"picked":"Singing Bowl","floor":66.0},{"not_picked":["Hello World","Biased Cognition","Melter"],"picked":"Singing Bowl","floor":66.0},{"not_picked":["Chill","Beam Cell","Rebound"],"picked":"Singing Bowl","floor":66.0}],"player_experience":1275660,"relics_obtained":[{"floor":2.0,"key":"ReplayTheSpireMod:TigerMarble"},{"floor":6.0,"key":"Lantern"},{"floor":9.0,"key":"Toy Ornithopter"},{"floor":13.0,"key":"BelialBook"},{"floor":20.0,"key":"Ring of Peace"},{"floor":20.0,"key":"ReplayTheSpireMod:Ring of Addiction"},{"floor":20.0,"key":"Chameleon Ring"},{"floor":20.0,"key":"Potion Belt"},{"floor":21.0,"key":"Ancient Tea Set"},{"floor":23.0,"key":"PunchingBag"},{"floor":25.0,"key":"Singing Bowl"},{"floor":26.0,"key":"Chaos"},{"floor":27.0,"key":"aspiration:MysteriousAuxiliaryCore"},{"floor":41.0,"key":"hubris:SlimyHat"},{"floor":45.0,"key":"PillsDrop"},{"floor":47.0,"key":"SalivaCoin"},{"floor":58.0,"key":"Kunai"},{"floor":61.0,"key":"InkBottle"}],"event_choices":[{"damage_healed":18.0,"max_hp_gain":0.0,"max_hp_loss":0.0,"gold_gain":0.0,"event_name":"Winding Halls","player_choice":"Writhe","floor":37.0,"gold_loss":0.0,"damage_taken":0.0,"cards_obtained":["Writhe"]},{"cards_removed":["Writhe","Amnesia"],"damage_healed":0.0,"max_hp_gain":0.0,"max_hp_loss":0.0,"gold_gain":0.0,"event_name":"Fountain of Cleansing","player_choice":"Removed Curses","floor":39.0,"gold_loss":0.0,"damage_taken":0.0},{"damage_healed":0.0,"max_hp_gain":0.0,"max_hp_loss":0.0,"gold_gain":75.0,"event_name":"betterThird:BetterGoop","player_choice":"Gold","floor":64.0,"gold_loss":0.0,"damage_taken":11.0},{"damage_healed":0.0,"max_hp_gain":0.0,"max_hp_loss":0.0,"gold_gain":0.0,"event_name":"conspire:Investor","player_choice":"Leave","floor":65.0,"gold_loss":0.0,"damage_taken":0.0}],"is_beta":false,"boss_relics":[{"not_picked":["aspiration:WatcherSkillbook","Ectoplasm"],"picked":"Snecko Eye"},{"not_picked":[]},{"not_picked":["TheAbacus","hubris:MedicalManual"],"picked":"NineVolt"},{"not_picked":[]},{"not_picked":["hubris:Potato","infinitespire:Eraser"],"picked":"Simple Rune"},{"not_picked":[]}],"items_purged_floors":[14,28,34,57],"is_endless":true,"potions_floor_spawned":[3,4,6,13,16,22,27,31,33,35,38,45,50,51,53,56,58,66],"killed_by":"Delirium","ascension_level":20}}