{"host":"naykp6d9ulahlwib","time":1609887267,"event":{"mods":["BaseMod","Highlight Path","Minty Spire (QoL Compilation)","Shop Mod","StSLib","The Cursed"],"gold_per_floor":[113,124,124,137,62,97,97,112,160,160,160,176,195,211,211,288,288,304,319,319,330,342,342,342,342,415,415,448,463,481,239,239,239,239],"floor_reached":33,"playtime":4519,"items_purged":["Strike_G","Strike_G"],"score":501,"play_id":"bbf550d9-8c86-4cea-a72d-d3f7211d3d49","local_time":"20210105165427","is_ascension_mode":true,"campfire_choices":[{"floor":7.0,"key":"REST"},{"data":"Neutralize","floor":11.0,"key":"SMITH"},{"data":"Footwork","floor":15.0,"key":"SMITH"},{"floor":23.0,"key":"REST"},{"data":"Footwork","floor":25.0,"key":"SMITH"},{"floor":27.0,"key":"REST"},{"floor":32.0,"key":"REST"}],"circlet_count":0,"master_deck":["AscendersBane","Strike_G","Strike_G","Defend_G","Defend_G","Defend_G","Defend_G","Defend_G","Survivor","Neutralize+1","After Image+1","Footwork+1","Dagger Spray","Dodge and Roll","Cloak And Dagger","Riddle With Holes","Blade Dance","Unload","Footwork+1","Noxious Fumes","RitualDagger","Dodge and Roll+1","Dodge and Roll","Storm of Steel","Apotheosis"],"relics":["Ring of the Serpent","The Courier","Akabeko","Meat on the Bone","Lantern"],"acts_visited":["Exordium","TheCity"],"potions_floor_usage":[33],"damage_taken":[{"damage":4.0,"enemies":"Small Slimes","floor":1.0,"turns":5.0},{"damage":1.0,"enemies":"Cultist","floor":2.0,"turns":5.0},{"damage":4.0,"enemies":"Jaw Worm","floor":4.0,"turns":7.0},{"damage":44.0,"enemies":"Gremlin Nob","floor":6.0,"turns":9.0},{"damage":8.0,"enemies":"Lots of Slimes","floor":8.0,"turns":5.0},{"damage":0.0,"enemies":"3 Louse","floor":12.0,"turns":2.0},{"damage":0.0,"enemies":"Blue Slaver","floor":13.0,"turns":6.0},{"damage":0.0,"enemies":"Red Slaver","floor":14.0,"turns":3.0},{"damage":54.0,"enemies":"Slime Boss","floor":16.0,"turns":22.0},{"damage":4.0,"enemies":"Chosen","floor":18.0,"turns":8.0},{"damage":13.0,"enemies":"Shell Parasite","floor":19.0,"turns":8.0},{"damage":4.0,"enemies":"Snake Plant","floor":21.0,"turns":6.0},{"damage":7.0,"enemies":"Chosen and Byrds","floor":22.0,"turns":9.0},{"damage":48.0,"enemies":"Slavers","floor":28.0,"turns":10.0},{"damage":4.0,"enemies":"Centurion and Healer","floor":29.0,"turns":8.0},{"damage":14.0,"enemies":"Snake Plant","floor":30.0,"turns":2.0},{"damage":56,"enemies":"Champ","floor":33,"turns":17}],"seed_played":"8463428962793379082","potions_obtained":[{"floor":2.0,"key":"Weak Potion"},{"floor":4.0,"key":"EssenceOfSteel"},{"floor":14.0,"key":"LiquidMemories"},{"floor":16.0,"key":"Strength Potion"},{"floor":19.0,"key":"GhostInAJar"},{"floor":22.0,"key":"AttackPotion"},{"floor":28.0,"key":"GamblersBrew"},{"floor":30.0,"key":"SmokeBomb"}],"is_trial":false,"path_per_floor":["M","M","?","M","$","E","R","M","T","?","R","M","M","M","R","B",null,"M","M","?","M","M","R","?","R","T","R","E","M","M","$","R","B"],"character_chosen":"THE_SILENT","items_purchased":["Apotheosis"],"campfire_rested":4,"item_purchase_floors":[31],"current_hp_per_floor":[55,54,54,50,50,6,25,17,17,66,66,66,66,66,66,12,53,49,36,30,26,19,38,38,38,38,57,21,29,27,27,46,0,0],"gold":239,"neow_bonus":"ONE_RANDOM_RARE_CARD","is_daily":false,"chose_seed":false,"campfire_upgraded":3,"win_rate":0.0,"timestamp":1609887267,"path_taken":["M","M","?","?","$","E","R","M","T","?","R","M","M","M","R","BOSS","M","?","?","M","M","R","?","R","T","R","E","M","M","$","R","BOSS"],"items_purchased_type":["Card"],"build_version":"2020-12-22","purchased_purges":2,"victory":false,"max_hp_per_floor":[66,66,66,66,66,66,66,66,66,66,66,66,66,66,66,66,66,66,66,66,66,66,66,66,66,66,66,66,66,66,66,66,66,66],"card_choices":[{"not_picked":["Dagger Throw","Masterful Stab"],"picked":"Footwork","floor":1.0},{"not_picked":["Poisoned Stab","Outmaneuver"],"picked":"Dagger Spray","floor":2.0},{"not_picked":["Backflip","Endless Agony"],"picked":"Dodge and Roll","floor":4.0},{"not_picked":["Well Laid Plans","Dagger Throw"],"picked":"Cloak And Dagger","floor":6.0},{"not_picked":["Flying Knee","Dagger Throw","Dagger Spray"],"picked":"SKIP","floor":8.0},{"not_picked":["A Thousand Cuts","Dodge and Roll","Well Laid Plans"],"picked":"SKIP","floor":12.0},{"not_picked":["Dagger Throw","Quick Slash"],"picked":"Riddle With Holes","floor":13.0},{"not_picked":["Slice","Dagger Spray"],"picked":"Blade Dance","floor":14.0},{"not_picked":["Grand Finale","Doppelganger"],"picked":"Unload","floor":16.0},{"not_picked":["Dodge and Roll+1","Expertise"],"picked":"Footwork","floor":18.0},{"not_picked":["Skewer","Slice"],"picked":"Noxious Fumes","floor":19.0},{"not_picked":["Dagger Throw","Sucker Punch"],"picked":"Dodge and Roll+1","floor":21.0},{"not_picked":["Quick Slash","Outmaneuver+1","Acrobatics"],"picked":"SKIP","floor":22.0},{"not_picked":["Acrobatics","Cloak And Dagger","Bane"],"picked":"SKIP","floor":28.0},{"not_picked":["Riddle With Holes","Dagger Spray"],"picked":"Dodge and Roll","floor":29.0},{"not_picked":["Outmaneuver","Riddle With Holes"],"picked":"Storm of Steel","floor":30.0}],"player_experience":1028076,"relics_obtained":[{"floor":6.0,"key":"The Courier"},{"floor":9.0,"key":"Akabeko"},{"floor":26.0,"key":"Meat on the Bone"},{"floor":28.0,"key":"Lantern"}],"event_choices":[{"cards_removed":["Strike_G"],"damage_healed":0.0,"max_hp_gain":0.0,"max_hp_loss":0.0,"gold_gain":0.0,"event_name":"Bonfire Elementals","player_choice":"Offered Basic","floor":3.0,"gold_loss":0.0,"damage_taken":0.0},{"damage_healed":49.0,"max_hp_gain":0.0,"max_hp_loss":0.0,"gold_gain":0.0,"event_name":"Wheel of Change","player_choice":"Full Heal","floor":10.0,"gold_loss":0.0,"damage_taken":0.0},{"damage_healed":0.0,"max_hp_gain":0.0,"max_hp_loss":0.0,"gold_gain":0.0,"event_name":"Nest","player_choice":"Joined the Cult","floor":20.0,"gold_loss":0.0,"damage_taken":6.0,"cards_obtained":["RitualDagger"]},{"damage_healed":0.0,"max_hp_gain":0.0,"max_hp_loss":0.0,"gold_gain":0.0,"event_name":"Accursed Blacksmith","player_choice":"Forge","floor":24.0,"gold_loss":0.0,"damage_taken":0.0,"cards_upgraded":["After Image"]}],"is_beta":false,"boss_relics":[{"not_picked":["SacredBark","Snecko Eye"],"picked":"Ring of the Serpent"}],"items_purged_floors":[5,31],"is_endless":false,"potions_floor_spawned":[2,4,14,16,19,22,28,30],"killed_by":"Champ","ascension_level":17}}