{"host":"os9owiyb0rak6c8n","time":1609874744,"event":{"mods":["AchievementEnabler","Astrologer","BaseMod","Beaked The Cultist","Better Third Choice","Block Reminder","Colored Map","Colored Powertips","Dio Mod","Minty Spire (QoL Compilation)","Robot Space Explorer","Spicy Shops","StSLib","The Death Knight","The Necromancer"],"gold_per_floor":[117,135,37,37,51,80,80,0,0,16,48,48,63,63,63,167,167,184,199,213,88,99,99,125,125,125,125,141,173,11,110,110,214,214,229,276,286,48,48,48],"floor_reached":39,"playtime":1714,"items_purged":["Enlightenment","Strike_G+1"],"score":686,"play_id":"5435754e-6aa9-41d4-81c3-a4c0a48fac52","local_time":"20210105202544","is_ascension_mode":true,"campfire_choices":[{"floor":7,"key":"REST"},{"floor":12,"key":"REST"},{"floor":15,"key":"REST"},{"floor":23,"key":"REST"},{"data":"Infinite Blades","floor":32,"key":"SMITH"}],"circlet_count":0,"master_deck":["AscendersBane","Strike_G+1","Strike_G+1","Strike_G+1","Strike_G+1","Defend_G+1","Defend_G+1","Defend_G+1","Defend_G+1","Defend_G+1","Survivor","Neutralize+1","Terror","Flechettes+1","Dagger Throw","Backflip","Flying Knee","Infinite Blades+1","Dagger Spray","Noxious Fumes","Adrenaline","PiercingWail","Leg Sweep+1","Cloak And Dagger+1","Dodge and Roll+1","Regret","Storm of Steel","Dash","Finisher","Footwork","Writhe"],"relics":["Ring of the Snake","Kunai","Shuriken","Oddly Smooth Stone","Eternal Feather","Black Star","Juzu Bracelet","Anchor","Whetstone","DeathKnight:SindragosasSkull","Ancient Tea Set","War Paint","Sozu","Gambling Chip","Bottled Tornado"],"acts_visited":["Exordium","TheCity","TheBeyond"],"potions_floor_usage":[6,16,20,22,29,36,37],"damage_taken":[{"damage":2,"enemies":"2 Louse","floor":1,"turns":2},{"damage":12,"enemies":"Small Slimes","floor":2,"turns":2},{"damage":6,"enemies":"Cultist","floor":5,"turns":3},{"damage":21,"enemies":"3 Sentries","floor":6,"turns":10},{"damage":1,"enemies":"2 Fungi Beasts","floor":10,"turns":3},{"damage":26,"enemies":"Lagavulin","floor":11,"turns":5},{"damage":10,"enemies":"Looter","floor":13,"turns":3},{"damage":12,"enemies":"The Guardian","floor":16,"turns":10},{"damage":0,"enemies":"3 Byrds","floor":18,"turns":5},{"damage":17,"enemies":"Shell Parasite","floor":19,"turns":6},{"damage":18,"enemies":"3 Cultists","floor":20,"turns":5},{"damage":40,"enemies":"Snake Plant","floor":22,"turns":7},{"damage":25,"enemies":"Gremlin Leader","floor":24,"turns":7},{"damage":2,"enemies":"Shelled Parasite and Fungi","floor":28,"turns":6},{"damage":28,"enemies":"Book of Stabbing","floor":29,"turns":8},{"damage":29,"enemies":"StardustCrusaders","floor":33,"turns":12},{"damage":3,"enemies":"3 Shapes","floor":35,"turns":5},{"damage":39,"enemies":"2 Orb Walkers","floor":36,"turns":5},{"damage":19,"enemies":"3 Darklings","floor":37,"turns":5},{"damage":14,"enemies":"Transient","floor":39,"turns":3}],"seed_played":"-1028566213954043330","potions_obtained":[{"floor":1,"key":"BlessingOfTheForge"},{"floor":2,"key":"Energy Potion"},{"floor":6,"key":"Fruit Juice"},{"floor":18,"key":"ColorlessPotion"},{"floor":24,"key":"EssenceOfSteel"},{"floor":28,"key":"Poison Potion"},{"floor":33,"key":"LiquidBronze"}],"is_trial":false,"path_per_floor":["M","M","$","?","M","E","R","?","T","M","E","R","M","?","R","B",null,"M","M","M","$","M","R","E","?","T","?","M","E","$","?","R","B",null,"M","?","M","$","M"],"character_chosen":"THE_SILENT","items_purchased":["Kunai","Cloak And Dagger","War Paint","Footwork","Bottled Tornado"],"campfire_rested":4,"item_purchase_floors":[3,21,30,38,38],"current_hp_per_floor":[61,49,49,49,43,22,43,49,49,48,22,56,46,39,73,61,72,72,55,37,37,2,41,16,16,16,75,73,45,45,45,60,31,64,61,22,3,3,0,0],"gold":48,"neow_bonus":"THREE_CARDS","is_daily":false,"chose_seed":false,"campfire_upgraded":1,"win_rate":0.0,"timestamp":1609874744,"path_taken":["M","M","$","?","M","E","R","?","T","M","E","R","M","?","R","BOSS","M","M","M","$","M","R","E","?","T","?","M","E","$","?","R","BOSS","M","?","M","$","M"],"items_purchased_type":["Relic","Card","Relic","Card","Relic"],"build_version":"2020-12-22","purchased_purges":2,"victory":false,"max_hp_per_floor":[70,70,70,70,70,70,70,76,76,76,76,76,76,76,76,76,76,76,76,76,76,81,81,81,81,81,75,75,75,75,75,75,75,75,75,75,75,75,75,75],"card_choices":[{"not_picked":["Prepared","Bane"],"picked":"Terror","floor":0},{"not_picked":["Backflip","Bane"],"picked":"Flechettes","floor":1},{"not_picked":["Deflect","Dagger Spray"],"picked":"Dagger Throw","floor":2},{"not_picked":["Setup","Dagger Throw"],"picked":"Backflip","floor":5},{"not_picked":["Bouncing Flask","Bane"],"picked":"Flying Knee","floor":6},{"not_picked":["Escape Plan","Dagger Throw"],"picked":"Infinite Blades","floor":10},{"not_picked":["Choke","Prepared"],"picked":"Dagger Spray","floor":11},{"not_picked":["Flechettes","A Thousand Cuts"],"picked":"Noxious Fumes","floor":13},{"not_picked":["Glass Knife","Wraith Form v2"],"picked":"Adrenaline","floor":16},{"not_picked":["Underhanded Strike","Skewer"],"picked":"PiercingWail","floor":18},{"not_picked":["Acrobatics","Masterful Stab"],"picked":"Leg Sweep+1","floor":19},{"not_picked":["Eviscerate","Bouncing Flask","Backflip"],"picked":"SKIP","floor":20},{"not_picked":["PiercingWail","All Out Attack+1"],"picked":"Dodge and Roll","floor":22},{"not_picked":["Endless Agony+1","Eviscerate","Tactician"],"picked":"SKIP","floor":24},{"not_picked":["Dagger Throw","Deflect","Backflip"],"picked":"SKIP","floor":28},{"not_picked":["Acrobatics","Slice","Dagger Throw"],"picked":"SKIP","floor":29},{"not_picked":["Die Die Die","A Thousand Cuts"],"picked":"Storm of Steel","floor":33},{"not_picked":["Escape Plan","Flechettes"],"picked":"Dash","floor":35},{"not_picked":["Dodge and Roll+1","Poisoned Stab"],"picked":"Finisher","floor":36},{"not_picked":["Dagger Throw+1","Quick Slash","Bane"],"picked":"SKIP","floor":37}],"player_experience":591024,"relics_obtained":[{"floor":6,"key":"Shuriken"},{"floor":9,"key":"Oddly Smooth Stone"},{"floor":11,"key":"Eternal Feather"},{"floor":24,"key":"Juzu Bracelet"},{"floor":24,"key":"Anchor"},{"floor":26,"key":"Whetstone"},{"floor":29,"key":"DeathKnight:SindragosasSkull"},{"floor":29,"key":"Ancient Tea Set"},{"floor":36,"key":"Gambling Chip"}],"event_choices":[{"damage_healed":0,"gold_gain":0,"player_choice":"Ignored","damage_taken":0,"max_hp_gain":0,"max_hp_loss":0,"event_name":"Golden Idol","floor":4,"gold_loss":0},{"damage_healed":0,"gold_gain":0,"player_choice":"RENOUNCE","damage_taken":80,"max_hp_gain":0,"max_hp_loss":0,"event_name":"betterThird:BetterSerpent","floor":8,"gold_loss":80,"cards_obtained":["Enlightenment"]},{"cards_removed":["Shame"],"damage_healed":0,"gold_gain":0,"player_choice":"Card Removal","damage_taken":7,"max_hp_gain":0,"max_hp_loss":0,"event_name":"Golden Wing","floor":14,"gold_loss":0},{"damage_healed":0,"gold_gain":0,"player_choice":"Simplicity","damage_taken":0,"max_hp_gain":0,"max_hp_loss":10,"event_name":"betterThird:BetterWriting","floor":25,"gold_loss":0},{"damage_healed":0,"gold_gain":99,"player_choice":"Steal","damage_taken":0,"max_hp_gain":0,"max_hp_loss":0,"event_name":"betterThird:BetterNest","floor":31,"gold_loss":0},{"damage_healed":0,"gold_gain":0,"player_choice":"Fight","damage_taken":0,"max_hp_gain":0,"max_hp_loss":0,"event_name":"Mysterious Sphere","floor":36,"gold_loss":0}],"is_beta":false,"boss_relics":[{"not_picked":["HoveringKite","Runic Dome"],"picked":"Black Star"},{"not_picked":["Ring of the Serpent","Runic Pyramid"],"picked":"Sozu"}],"items_purged_floors":[21,30],"is_endless":false,"potions_floor_spawned":[1,2,5,6,11,18,24,28,33,36,37],"killed_by":"Transient","ascension_level":12}}