{"host":"ktoxvvst1mwxww91","time":1609850517,"event":{"mods":["BaseMod","Hermit","Minty Spire (QoL Compilation)","StSLib","The Hierophant","The Mystic","The Necromancer"],"gold_per_floor":[118,118,61,79,79,105,115,150,175,100,110,110,130,158,158,232,232,245,55,55,55,74,74,92,92,92,118,135,135,135,10,10,10,10],"floor_reached":33,"playtime":1179,"items_purged":["Strike_B","Zap","Redo"],"score":570,"play_id":"9c56b48b-265e-47b5-b4f3-91fa5a56cb4d","local_time":"20210105134157","is_ascension_mode":true,"campfire_choices":[{"floor":12,"key":"REST"},{"data":"Capacitor","floor":15,"key":"SMITH"},{"data":"Ghostly","floor":23,"key":"SMITH"},{"data":"Ghostly","floor":25,"key":"SMITH"},{"data":"Redo","floor":32,"key":"SMITH"}],"circlet_count":0,"master_deck":["AscendersBane","Strike_B","Strike_B","Strike_B","Defend_B","Defend_B","Defend_B","Defend_B","Go for the Eyes","Cold Snap","Beam Cell+1","Go for the Eyes","Self Repair","Cold Snap","Hologram","Redo+1","Capacitor+1","Seek","Cold Snap","Self Repair","Ghostly+1","Ghostly+1","Ghostly","Conserve Battery+1","Streamline","FTL+1","Conserve Battery","Chill"],"relics":["FrozenCore","NeowsBlessing","PreservedInsect","Dream Catcher","Eternal Feather","Pen Nib","Boot","Unceasing Top","Matryoshka","Potion Belt","StrikeDummy"],"acts_visited":["Exordium","TheCity"],"potions_floor_usage":[8,8,11,13,14,24],"damage_taken":[{"damage":0.0,"enemies":"2 Louse","floor":1.0,"turns":1.0},{"damage":0.0,"enemies":"Cultist","floor":4.0,"turns":1.0},{"damage":0.0,"enemies":"Gremlin Nob","floor":6.0,"turns":1.0},{"damage":3.0,"enemies":"Small Slimes","floor":7.0,"turns":2.0},{"damage":11,"enemies":"Lagavulin","floor":8,"turns":5},{"damage":0,"enemies":"Blue Slaver","floor":11,"turns":3},{"damage":21,"enemies":"Exordium Thugs","floor":13,"turns":5},{"damage":12,"enemies":"3 Sentries","floor":14,"turns":7},{"damage":26,"enemies":"Hexaghost","floor":16,"turns":13},{"damage":11,"enemies":"Spheric Guardian","floor":18,"turns":9},{"damage":8,"enemies":"Chosen","floor":22,"turns":9},{"damage":22,"enemies":"Snecko","floor":24,"turns":17},{"damage":24,"enemies":"Book of Stabbing","floor":27,"turns":9},{"damage":20,"enemies":"Centurion and Healer","floor":28,"turns":14},{"damage":48,"enemies":"Collector","floor":33,"turns":6}],"seed_played":"-6986863687440144565","potions_obtained":[{"floor":1.0,"key":"Energy Potion"},{"floor":4.0,"key":"AttackPotion"},{"floor":8,"key":"Fire Potion"},{"floor":11,"key":"Block Potion"},{"floor":13,"key":"Weak Potion"},{"floor":22,"key":"PotionOfCapacity"}],"is_trial":false,"path_per_floor":["M","?","$","M","?","E","M","E","T","$","M","R","M","E","R","B",null,"M","$","?","?","M","R","M","R","T","E","M","T","?","$","R","B"],"character_chosen":"DEFECT","items_purchased":["Cold Snap","Self Repair"],"campfire_rested":1,"item_purchase_floors":[3,19],"current_hp_per_floor":[64,29,29,29,29,29,26,22,22,22,29,59,38,33,45,26,60,56,56,35,35,34,35,27,35,35,25,19,19,19,19,34,0,0],"gold":10,"neow_bonus":"THREE_ENEMY_KILL","is_daily":false,"chose_seed":false,"campfire_upgraded":4,"win_rate":0.0,"timestamp":1609850517,"path_taken":["M","?","$","M","?","E","M","E","T","$","M","R","?","E","R","BOSS","M","$","?","?","M","R","M","R","T","E","?","?","?","$","R","BOSS"],"items_purchased_type":["Card","Card"],"build_version":"2020-12-22","purchased_purges":3,"victory":false,"max_hp_per_floor":[71,71,71,71,71,71,71,71,71,71,71,71,71,71,71,71,71,71,71,35,35,35,35,35,35,35,35,35,35,35,35,35,35,35],"card_choices":[{"not_picked":["Defragment","Turbo"],"picked":"Go for the Eyes","floor":1.0},{"not_picked":["Reprogram","Fusion"],"picked":"Beam Cell","floor":4.0},{"not_picked":["Fusion","Consume"],"picked":"Go for the Eyes","floor":6.0},{"not_picked":["Chaos","Barrage"],"picked":"Self Repair","floor":7.0},{"not_picked":["Scrape","Leap"],"picked":"Cold Snap","floor":8},{"not_picked":["Heatsinks","Streamline"],"picked":"Hologram","floor":11},{"not_picked":["Fusion","Rip and Tear"],"picked":"Redo","floor":12},{"not_picked":["Steam","Barrage"],"picked":"Redo","floor":13},{"not_picked":["Streamline","Steam"],"picked":"Capacitor","floor":14},{"not_picked":["Fission","Thunder Strike"],"picked":"Seek","floor":16},{"not_picked":["Go for the Eyes","Compile Driver"],"picked":"Cold Snap","floor":18},{"not_picked":["Sweeping Beam","Hologram+1"],"picked":"Conserve Battery+1","floor":22},{"not_picked":["Scrape","Go for the Eyes"],"picked":"Streamline","floor":24},{"not_picked":["Thunder Strike","Cold Snap"],"picked":"FTL+1","floor":27},{"not_picked":["Barrage","Lockon"],"picked":"Conserve Battery","floor":28}],"player_experience":967971,"relics_obtained":[{"floor":6.0,"key":"Dream Catcher"},{"floor":8,"key":"Eternal Feather"},{"floor":9,"key":"Pen Nib"},{"floor":14,"key":"Boot"},{"floor":26,"key":"Unceasing Top"},{"floor":27,"key":"Matryoshka"},{"floor":29,"key":"Potion Belt"},{"floor":29,"key":"StrikeDummy"}],"event_choices":[{"damage_healed":0.0,"max_hp_gain":0.0,"max_hp_loss":0.0,"gold_gain":0.0,"event_name":"Scrap Ooze","player_choice":"Success","floor":2.0,"gold_loss":0.0,"damage_taken":35.0,"relics_obtained":["PreservedInsect"]},{"damage_healed":0.0,"max_hp_gain":0.0,"max_hp_loss":0.0,"gold_gain":0.0,"event_name":"Upgrade Shrine","player_choice":"Upgraded","floor":5.0,"gold_loss":0.0,"damage_taken":0.0,"cards_upgraded":["Beam Cell"]},{"damage_healed":0,"gold_gain":0,"player_choice":"Became a Ghost","damage_taken":0,"max_hp_gain":0,"max_hp_loss":36,"event_name":"Ghosts","floor":20,"gold_loss":0,"cards_obtained":["Ghostly","Ghostly","Ghostly"]},{"damage_healed":0,"gold_gain":0,"player_choice":"Ignored","damage_taken":0,"max_hp_gain":0,"max_hp_loss":0,"event_name":"Vampires","floor":21,"gold_loss":0},{"damage_healed":0,"gold_gain":0,"cards_transformed":["Dualcast"],"player_choice":"Transformed","damage_taken":0,"max_hp_gain":0,"max_hp_loss":0,"event_name":"Transmorgrifier","floor":30,"gold_loss":0,"cards_obtained":["Chill"]}],"is_beta":false,"boss_relics":[{"not_picked":["Cursed Key","Runic Dome"],"picked":"FrozenCore"}],"items_purged_floors":[10,19,31],"is_endless":false,"potions_floor_spawned":[1,4,8,11,13,22],"killed_by":"Collector","ascension_level":17}}