{"host":"nc31xc38ptxi6d4c","time":1609815044,"event":{"mods":["BaseMod","Curses Come First","Evolution","Minty Spire (QoL Compilation)","StSLib"],"gold_per_floor":[119,131,4,19,19,52,77,133,145,175,362,374,386,419,431,443,443],"floor_reached":16,"playtime":505,"items_purged":[],"score":112,"play_id":"51c7e08a-6578-4e62-88ae-023e7ff22579","local_time":"20210104205044","is_ascension_mode":false,"campfire_choices":[{"floor":12,"key":"REST"},{"data":"Rampage","floor":15,"key":"SMITH"}],"circlet_count":0,"master_deck":["Strike_R","Strike_R","Strike_R","Strike_R","Strike_R","Defend_R","Defend_R","Defend_R","Defend_R","Bash","Headbutt","Heavy Blade","Inflame","Cleave","Uppercut","Rampage+1","Flex","Anger","Doubt","Pain","Heavy Blade"],"relics":["Burning Blood","EVO:Axolotl","NeowsBlessing","Golden Idol","MawBank","MealTicket","Ornamental Fan","WarpedTongs"],"acts_visited":["Exordium"],"potions_floor_usage":[10,16,16],"damage_taken":[{"damage":0,"enemies":"2 Louse","floor":1,"turns":1},{"damage":0,"enemies":"Jaw Worm","floor":2,"turns":1},{"damage":0,"enemies":"Small Slimes","floor":4,"turns":1},{"damage":6,"enemies":"Gremlin Nob","floor":6,"turns":3},{"damage":15,"enemies":"Exordium Thugs","floor":7,"turns":4},{"damage":40,"enemies":"3 Sentries","floor":8,"turns":5},{"damage":2,"enemies":"3 Louse","floor":10,"turns":3},{"damage":2,"enemies":"2 Fungi Beasts","floor":14,"turns":3},{"damage":49,"enemies":"The Guardian","floor":16,"turns":7}],"seed_played":"412081067468491408","potions_obtained":[{"floor":2,"key":"ElixirPotion"},{"floor":7,"key":"Energy Potion"},{"floor":14,"key":"DistilledChaos"}],"is_trial":false,"path_per_floor":["M","M","$","M","?","E","M","E","T","M","?","R","?","M","R","B"],"character_chosen":"IRONCLAD","items_purchased":["Inflame","Cleave"],"campfire_rested":1,"item_purchase_floors":[3,3],"current_hp_per_floor":[80,80,80,80,60,60,51,17,17,21,21,45,45,49,49,0,0],"gold":443,"neow_bonus":"THREE_ENEMY_KILL","is_daily":false,"chose_seed":false,"campfire_upgraded":1,"win_rate":0.0,"timestamp":1609815044,"path_taken":["M","M","$","M","?","E","M","E","T","M","?","R","?","M","R","BOSS"],"items_purchased_type":["Card","Card"],"build_version":"2020-12-22","purchased_purges":0,"victory":false,"max_hp_per_floor":[80,80,80,80,80,80,80,80,80,80,80,80,80,80,80,80,80],"card_choices":[{"not_picked":["Sword Boomerang","Body Slam"],"picked":"Headbutt","floor":1},{"not_picked":["Flex","Entrench"],"picked":"Heavy Blade","floor":2},{"not_picked":["Warcry","Twin Strike"],"picked":"Uppercut","floor":4},{"not_picked":["Intimidate","Shockwave"],"picked":"Rampage","floor":6},{"not_picked":["Twin Strike","Spot Weakness"],"picked":"Flex","floor":7},{"not_picked":["Exhume","Iron Wave"],"picked":"Anger","floor":8},{"not_picked":["Warcry","Burning Pact","Dual Wield"],"picked":"SKIP","floor":10},{"not_picked":["Body Slam","Armaments"],"picked":"Heavy Blade","floor":14}],"player_experience":123670,"relics_obtained":[{"floor":6,"key":"MawBank"},{"floor":8,"key":"MealTicket"},{"floor":9,"key":"Ornamental Fan"}],"event_choices":[{"damage_healed":0,"gold_gain":0,"player_choice":"Take Damage","damage_taken":20,"relics_obtained":["Golden Idol"],"max_hp_gain":0,"max_hp_loss":0,"event_name":"Golden Idol","floor":5,"gold_loss":0},{"damage_healed":0,"gold_gain":175,"player_choice":"AGREE","damage_taken":0,"max_hp_gain":0,"max_hp_loss":0,"event_name":"Liars Game","floor":11,"gold_loss":0,"cards_obtained":["Doubt"]},{"damage_healed":0,"gold_gain":0,"player_choice":"Rummage","damage_taken":0,"relics_obtained":["WarpedTongs"],"max_hp_gain":0,"max_hp_loss":0,"event_name":"Accursed Blacksmith","floor":13,"gold_loss":0,"cards_obtained":["Pain"]}],"is_beta":false,"boss_relics":[],"items_purged_floors":[],"is_endless":false,"potions_floor_spawned":[2,7,14],"killed_by":"The Guardian","ascension_level":0}}