{"host":"cmyud3of70k6t1eo","time":1609806809,"event":{"mods":["BaseMod","Clawfect","Colored Map","Conspire","Disable Question Mark Monsters","Energized Spire","Evolution","GungeonMod","Hyrulean Relics","Infinite Spire","Minty Spire (QoL Compilation)","Quick Restart","SCP261 Mod","Shop Mod","StSLib","UnlockEverythingMod"],"gold_per_floor":[209,4,4,23,23,23,23,54,54,54,66,66,80,80,80,179,229,241,56,56,56,69,69,69],"floor_reached":23,"playtime":879,"items_purged":[],"score":212,"play_id":"a5fcc813-4b2e-46f7-9aa9-251aa5f27696","local_time":"20210104193329","is_ascension_mode":false,"campfire_choices":[{"data":"Clawfect:ScrapingClaw","floor":6,"key":"SMITH"},{"floor":10,"key":"REST"},{"floor":15,"key":"REST"}],"circlet_count":0,"master_deck":["Gash","Gash","Gash","Gash","Gash","Defend_B","Defend_B","Defend_B","Defend_B","Rebound","White Noise","Clawfect:ScrapingClaw+1","Flash of Steel+1","Gash","Clawfect:ClawForTheEyes","Gash","Clawfect:ClawForTheEyes","Creative AI","Clawfect:ClawpileDriver","Clawfect:Clawline","Clawfect:ClawAndGloom","Decay","Clawfect:ClawingBeam"],"relics":["Clawfect:DRClaw","EVO:Axolotl","Centennial Puzzle","Dead Branch","Tiny House","Nunchaku"],"acts_visited":["Exordium","TheCity"],"potions_floor_usage":[16,16,16,23,23],"damage_taken":[{"damage":10,"enemies":"Small Slimes","floor":1,"turns":4},{"damage":7,"enemies":"2 Louse","floor":4,"turns":2},{"damage":28,"enemies":"Gremlin Nob","floor":8,"turns":4},{"damage":8,"enemies":"Jaw Worm","floor":11,"turns":3},{"damage":16,"enemies":"Large Slime","floor":13,"turns":3},{"damage":60,"enemies":"The Guardian","floor":16,"turns":6},{"damage":23,"enemies":"2 Thieves","floor":18,"turns":4},{"damage":12,"enemies":"3 Byrds","floor":22,"turns":4},{"damage":56,"enemies":"Slavers","floor":23,"turns":3}],"seed_played":"-2863249561083122264","potions_obtained":[{"floor":8,"key":"Energy Potion"},{"floor":11,"key":"EssenceOfSteel"},{"floor":13,"key":"Ancient Potion"},{"floor":17,"key":"SCP261:DietGhostPotion"},{"floor":22,"key":"Explosive Potion"}],"is_trial":false,"path_per_floor":["M","$","?","M","?","R","?","E","T","R","M","?","M","?","R","B",null,"M","$","?","?","M","E"],"character_chosen":"DEFECT","items_purchased":["White Noise","Clawfect:ScrapingClaw","Flash of Steel","Nunchaku","Clawfect:ClawAndGloom"],"campfire_rested":2,"item_purchase_floors":[2,2,2,19,19],"current_hp_per_floor":[65,65,65,58,75,75,75,47,47,69,61,61,45,45,67,7,80,57,57,57,57,45,0,0],"gold":69,"neow_bonus":"HUNDRED_GOLD","is_daily":false,"chose_seed":false,"campfire_upgraded":1,"win_rate":0.0,"timestamp":1609806809,"path_taken":["M","$","?","M","?","R","?","E","T","R","?","?","?","?","R","BOSS","M","$","?","?","M","E"],"items_purchased_type":["Card","Card","Card","Relic","Card"],"build_version":"2020-12-22","purchased_purges":0,"victory":false,"max_hp_per_floor":[75,75,75,75,75,75,75,75,75,75,75,75,75,75,75,75,80,80,80,80,80,80,80,80],"card_choices":[{"not_picked":["Double Energy","Glacier"],"picked":"Rebound","floor":1},{"not_picked":["Auto Shields","Clawfect:Clawter"],"picked":"Gash","floor":4},{"not_picked":["Clawfect:ClawAndTear","Stack"],"picked":"Clawfect:ClawForTheEyes","floor":8},{"not_picked":["Clawfect:ClawingBeam","Reprogram"],"picked":"Gash","floor":11},{"not_picked":["conspire:Rain","Sunder"],"picked":"Clawfect:ClawForTheEyes","floor":13},{"not_picked":["Amplify","Seek"],"picked":"Creative AI","floor":16},{"not_picked":["Hello World","Defragment"],"picked":"Clawfect:ClawpileDriver","floor":17},{"not_picked":["Redo+1","conspire:Rain"],"picked":"Clawfect:Clawline","floor":18},{"not_picked":["Redo","Conserve Battery"],"picked":"Clawfect:ClawingBeam","floor":22}],"player_experience":155791,"relics_obtained":[{"floor":8,"key":"Centennial Puzzle"},{"floor":9,"key":"Dead Branch"}],"event_choices":[{"damage_healed":25,"gold_gain":0,"player_choice":"Banana","damage_taken":0,"max_hp_gain":0,"max_hp_loss":0,"event_name":"Big Fish","floor":5,"gold_loss":0},{"damage_healed":0,"gold_gain":0,"player_choice":"Ignored","damage_taken":0,"max_hp_gain":0,"max_hp_loss":0,"event_name":"Golden Idol","floor":7,"gold_loss":0},{"cards_removed":["Defend_B"],"damage_healed":0,"gold_gain":0,"player_choice":"Card Removal","damage_taken":0,"max_hp_gain":0,"max_hp_loss":0,"event_name":"Wheel of Change","floor":12,"gold_loss":0},{"damage_healed":0,"gold_gain":0,"player_choice":"Ignored","damage_taken":0,"max_hp_gain":0,"max_hp_loss":0,"event_name":"Liars Game","floor":14,"gold_loss":0},{"damage_healed":0,"gold_gain":0,"player_choice":"Ignored","damage_taken":0,"max_hp_gain":0,"max_hp_loss":0,"event_name":"Vampires","floor":20,"gold_loss":0},{"damage_healed":0,"gold_gain":0,"player_choice":"Smashed Altar","damage_taken":0,"max_hp_gain":0,"max_hp_loss":0,"event_name":"Forgotten Altar","floor":21,"gold_loss":0,"cards_obtained":["Decay"]}],"is_beta":false,"boss_relics":[{"not_picked":["SlaversCollar","Astrolabe"],"picked":"Tiny House"}],"items_purged_floors":[],"is_endless":false,"potions_floor_spawned":[8,11,13,22],"killed_by":"Slavers","ascension_level":0}}