{"host":"7t8rqoeeopyy0nh0","time":1609832620,"event":{"mods":["AchievementEnabler","BaseMod","Better Third Choice","BetterRewards","Colored Map","Colored Powertips","Conspire","Downfall","Hubris","Infinite Spire","Minty Spire (QoL Compilation)","Permanent Neow","Quick Restart","Rare Cards Sparkle","Replay The Spire","StSLib","The Jungle","The Servant 0.9.4"],"gold_per_floor":[111,22,22,54,68,68,97,97,171,199,26,26,38,38,38,112,112,127,127,203,219,87,87,87],"floor_reached":23,"playtime":684,"items_purged":["Strike_R"],"score":380,"play_id":"b6fb3839-6a87-495f-a4b3-7e8c9c588edc","local_time":"20210105024340","is_ascension_mode":true,"campfire_choices":[{"floor":6,"key":"REST"},{"floor":8,"key":"REST"},{"floor":12,"key":"REST"},{"floor":15,"key":"REST"}],"circlet_count":0,"master_deck":["AscendersBane","Strike_R","Strike_R+1","Strike_R+1","Strike_R","Defend_R","Defend_R","Defend_R","Defend_R","Bash","Iron Wave","Metallicize","True Grit","infinitespire:OneForAll","Cleave","conspire:Charge+1","Armaments","Demon Form","Pommel Strike","Feed","Sword Boomerang"],"relics":["Fusion Hammer","hubris:Towel","Gremlin Food","hubris:SphereOfDissonance","Question Card","conspire:TreasureMap","ReplayTheSpireMod:DimensionalGlitch","MutagenicStrength","Ornamental Fan"],"acts_visited":["Exordium","TheCity"],"potions_floor_usage":[7,10,16,21],"damage_taken":[{"damage":6,"enemies":"Cultist","floor":1,"turns":3},{"damage":2,"enemies":"conspire:RoseBush","floor":5,"turns":4},{"damage":27,"enemies":"3 Sentries","floor":7,"turns":16},{"damage":15,"enemies":"Lagavulin","floor":10,"turns":5},{"damage":0,"enemies":"2 Louse","floor":13,"turns":1},{"damage":67,"enemies":"Slime Boss","floor":16,"turns":10},{"damage":10,"enemies":"Shell Parasite","floor":18,"turns":5},{"damage":17,"enemies":"3 Byrds","floor":21,"turns":5},{"damage":31,"enemies":"Snake Plant","floor":23,"turns":3}],"seed_played":"-5932458931623412800","potions_obtained":[{"floor":1,"key":"Elixir"},{"floor":4,"key":"Swift Potion"},{"floor":4,"key":"Adrenaline Potion"},{"floor":10,"key":"LiquidBronze"},{"floor":18,"key":"HeartOfIron"}],"is_trial":false,"path_per_floor":["M","$","?","?","M","R","E","R","T","E","$","R","M","$","R","B",null,"M","?","T","M","$","M"],"character_chosen":"IRONCLAD","items_purchased":["Metallicize","conspire:TreasureMap","Sword Boomerang"],"campfire_rested":4,"item_purchase_floors":[2,11,22],"current_hp_per_floor":[62,62,62,32,30,52,25,47,47,32,32,54,54,54,75,8,58,48,48,48,31,31,0,0],"gold":87,"neow_bonus":"BOSS_RELIC","is_daily":false,"chose_seed":false,"campfire_upgraded":0,"win_rate":0.0,"timestamp":1609832620,"path_taken":["M","?","?","?","M","R","E","R","T","E","$","R","M","?","R","BOSS","M","?","?","M","$","M"],"items_purchased_type":["Card","Relic","Card"],"build_version":"2020-12-22","purchased_purges":1,"victory":false,"max_hp_per_floor":[75,75,75,75,75,75,75,75,75,75,75,75,75,75,75,75,75,75,75,75,75,75,75,75],"card_choices":[{"not_picked":["Abandon","Warcry"],"picked":"Iron Wave","floor":1},{"not_picked":["Sentinel","Flex"],"picked":"True Grit","floor":4},{"not_picked":["Thunderclap","True Grit"],"picked":"infinitespire:OneForAll","floor":5},{"not_picked":["hubris:ReadiedAction","Entrench"],"picked":"Cleave","floor":7},{"not_picked":["Warcry","Dual Wield"],"picked":"conspire:Charge","floor":10},{"not_picked":["Wild Strike","Demonic Infusion","Clash"],"picked":"Armaments","floor":13},{"not_picked":["Replay:Many Hands","Double Tap","Berserk"],"picked":"Demon Form","floor":16},{"not_picked":["Power Through","ReplayTheSpireMod:LeadingStrike","Havoc"],"picked":"Pommel Strike","floor":18},{"not_picked":["Shrug It Off+1","True Grit","ReplayTheSpireMod:Strike From Hell"],"picked":"Feed","floor":21}],"player_experience":387247,"relics_obtained":[{"floor":7,"key":"Gremlin Food"},{"floor":9,"key":"hubris:SphereOfDissonance"},{"floor":10,"key":"Question Card"},{"floor":20,"key":"Ornamental Fan"}],"event_choices":[{"damage_healed":0,"gold_gain":0,"player_choice":"Inject Mutagens","damage_taken":0,"relics_obtained":["MutagenicStrength"],"max_hp_gain":0,"max_hp_loss":0,"event_name":"Drug Dealer","floor":19,"gold_loss":0}],"is_beta":false,"boss_relics":[{"not_picked":["Ring of Chaos","Ooze Armor"],"picked":"ReplayTheSpireMod:DimensionalGlitch"}],"items_purged_floors":[22],"is_endless":false,"potions_floor_spawned":[1,10,18],"killed_by":"Snake Plant","ascension_level":19}}