{"host":"i1h39d0gfh5c6uxl","time":1609835233,"event":{"mods":["AchievementEnabler","BaseMod","Colored Map","Colored Powertips","Highlight Path","Minty Spire (QoL Compilation)"],"gold_per_floor":[119,119,130,146,158,187,199,251,290,302,323,358,408,446,458,470,470],"floor_reached":16,"playtime":571,"items_purged":[],"score":244,"play_id":"df418e88-eed0-4918-9c48-456576dbdd8a","local_time":"20210105162713","is_ascension_mode":true,"campfire_choices":[{"floor":11,"key":"REST"},{"floor":15,"key":"REST"}],"circlet_count":0,"master_deck":["AscendersBane","Strike_R","Strike_R","Strike_R","Strike_R","Strike_R","Defend_R","Defend_R","Defend_R","Defend_R","Bash+1","Pommel Strike","Hemokinesis","Clothesline","Armaments","Shockwave","True Grit","Pummel","Immolate","Cleave","Pommel Strike"],"relics":["Burning Blood","Charon\u0027s Ashes","MawBank","CeramicFish","Dream Catcher","Strawberry"],"acts_visited":["Exordium"],"potions_floor_usage":[6,6,13],"damage_taken":[{"damage":2,"enemies":"Cultist","floor":1,"turns":4},{"damage":9,"enemies":"Jaw Worm","floor":3,"turns":4},{"damage":4,"enemies":"2 Louse","floor":4,"turns":2},{"damage":15,"enemies":"Blue Slaver","floor":5,"turns":4},{"damage":29,"enemies":"3 Sentries","floor":6,"turns":5},{"damage":31,"enemies":"Gremlin Nob","floor":8,"turns":4},{"damage":15,"enemies":"2 Fungi Beasts","floor":12,"turns":3},{"damage":17,"enemies":"Lagavulin","floor":13,"turns":5},{"damage":12,"enemies":"Large Slime","floor":14,"turns":4},{"damage":42,"enemies":"Hexaghost","floor":16,"turns":9}],"seed_played":"1544482103423753566","potions_obtained":[{"floor":1,"key":"Regen Potion"},{"floor":5,"key":"ElixirPotion"},{"floor":6,"key":"SpeedPotion"}],"is_trial":false,"path_per_floor":["M","?","M","M","M","E","?","E","T","$","R","M","E","M","R","B"],"character_chosen":"IRONCLAD","items_purchased":[],"campfire_rested":2,"item_purchase_floors":[],"current_hp_per_floor":[72,72,69,71,62,44,37,12,12,12,34,25,21,15,39,0,0],"gold":470,"neow_bonus":"ONE_RARE_RELIC","is_daily":false,"chose_seed":false,"campfire_upgraded":0,"win_rate":0.0,"timestamp":1609835233,"path_taken":["M","?","?","M","M","E","?","E","T","?","R","M","E","M","R","BOSS"],"items_purchased_type":[],"build_version":"2020-12-22","purchased_purges":0,"victory":false,"max_hp_per_floor":[75,75,75,75,75,75,75,75,75,75,75,75,82,82,82,82,82],"card_choices":[{"not_picked":["Perfected Strike","True Grit"],"picked":"Pommel Strike","floor":1},{"not_picked":["Combust","Blood for Blood"],"picked":"Hemokinesis","floor":3},{"not_picked":["Warcry","Shrug It Off"],"picked":"Clothesline","floor":4},{"not_picked":["Body Slam","Twin Strike"],"picked":"Armaments","floor":5},{"not_picked":["Thunderclap","Carnage"],"picked":"Shockwave","floor":6},{"not_picked":["Blood for Blood","Warcry"],"picked":"True Grit","floor":8},{"not_picked":["Infernal Blade","Wild Strike"],"picked":"Pummel","floor":11},{"not_picked":["Rampage","Havoc"],"picked":"Immolate","floor":12},{"not_picked":["Twin Strike","Clothesline"],"picked":"Cleave","floor":13},{"not_picked":["Clothesline","Shockwave"],"picked":"Pommel Strike","floor":14}],"player_experience":1302922,"relics_obtained":[{"floor":6,"key":"MawBank"},{"floor":8,"key":"CeramicFish"},{"floor":9,"key":"Dream Catcher"},{"floor":13,"key":"Strawberry"}],"event_choices":[{"damage_healed":0,"gold_gain":0,"player_choice":"Forge","damage_taken":0,"max_hp_gain":0,"max_hp_loss":0,"event_name":"Accursed Blacksmith","floor":2,"gold_loss":0,"cards_upgraded":["Bash"]},{"cards_removed":["Doubt"],"damage_healed":0,"gold_gain":0,"player_choice":"Card Removal","damage_taken":7,"max_hp_gain":0,"max_hp_loss":0,"event_name":"Golden Wing","floor":7,"gold_loss":0}],"is_beta":false,"boss_relics":[],"items_purged_floors":[],"is_endless":false,"potions_floor_spawned":[1,5,6],"killed_by":"Hexaghost","ascension_level":20}}