{"host":"emut9mh212kd9b86","time":1609836634,"event":{"mods":["ATMod(°¢èªMod)","Act Like it!","BaseMod","Better Vampires","Gensokyo","KomeijiMod","Minty Spire (QoL Compilation)","MostiFishMod","Shop Mod","Spicy Shops","StSLib","TestMod","noobMod","¡¾ÒÅÎï¿¨ÅÆ¡¿REMEMod"],"gold_per_floor":[13,31,46,56,75,100,100,118,118,518,547,547,262,274,274,345,345,607,180,130,130,10,26,54,19,19,53,64,64,74,100,100,174,174,193,193,143,160,160,193,193,222,222,562,562,601,601,620,620,632],"floor_reached":51,"playtime":2628,"items_purged":["Strike_Komeiji","Strike_Komeiji"],"score":1851,"play_id":"977121dd-190e-4b92-b4ee-1e44df64a18f","local_time":"20210105165034","is_ascension_mode":true,"campfire_choices":[{"data":"HalloweenModCandy","floor":7.0,"key":"SMITH"},{"data":"Dash_Komeiji","floor":12.0,"key":"SMITH"},{"data":"MostiFishMod:NewArrival","floor":15.0,"key":"SMITH"},{"data":"HalloweenModTrick","floor":29.0,"key":"SMITH"},{"data":"HalloweenModTrick","floor":32.0,"key":"SMITH"},{"data":"HalloweenModTrick","floor":45,"key":"SMITH"},{"data":"Defend_Komeiji","floor":47,"key":"SMITH"},{"data":"Defend_Komeiji","floor":49,"key":"SMITH"}],"circlet_count":0,"master_deck":["Strike_Komeiji","Strike_Komeiji","Defend_Komeiji+1","Defend_Komeiji+1","Dash_Komeiji+1","MostiFishMod:NewArrival+1","HalloweenModTrick+1","HalloweenModTrick+1","HalloweenModTrick","HalloweenModTrick","HalloweenModCandy+1","HalloweenModTrick+1","HalloweenModTrick","Gensokyo:Shovel","HalloweenModTrick","HalloweenModTrick","HalloweenModTrick","HalloweenModCandy+1","HalloweenModTrick+1","HalloweenModTrick","HalloweenModTrick+1","HalloweenModTrick","HalloweenModTrick+1","HalloweenModTrick","HalloweenModTrick","HalloweenModTrick","HalloweenModTrick+1","HalloweenModTrick","HalloweenModTrick","HalloweenModTrick+1"],"relics":["KomeijisEye","SpellCardsRule","MusicBox","ice","DaveBox","AT_ATBox","REME_ComplimentaryCards","HalloweenModHalloween","Blue Candle","FeatherPendant","SynthV:TestCard","Centennial Puzzle","ImprovedEquipment","ShirouKen","Dodecahedron","ShadowXiaoBlade","Matryoshka","MerchantsRug","Gensokyo:DemonMask","Vajra","Omamori","AT_SilvercatRing","Du-Vu Doll","AT_SpeedBoots","AT_RabadonDeathcap","testmod-SaigiyounoYou","AT_SunfireAegis","testmod-TurbochargingSystem","Meat on the Bone","testmod-Acrobat","Sundial","Old Coin","StrikeDummy"],"acts_visited":["Exordium","Gensokyo:Gensokyo","Gensokyo:Gensokyoer"],"potions_floor_usage":[48,50],"damage_taken":[{"damage":0.0,"enemies":"Gensokyo:2_Kodama","floor":1.0,"turns":2.0},{"damage":0.0,"enemies":"Gensokyo:3_Fairies","floor":2.0,"turns":2.0},{"damage":0.0,"enemies":"Gensokyo:Gryphon","floor":3.0,"turns":1.0},{"damage":2.0,"enemies":"Gensokyo:5_Fairies","floor":4.0,"turns":2.0},{"damage":12.0,"enemies":"Gensokyo:CorruptedTreant","floor":5.0,"turns":2.0},{"damage":16.0,"enemies":"Gensokyo:Aya","floor":6.0,"turns":3.0},{"damage":0.0,"enemies":"Gensokyo:2_Rabbits","floor":8.0,"turns":1.0},{"damage":2.0,"enemies":"Gensokyo:Cirno","floor":11.0,"turns":4.0},{"damage":12.0,"enemies":"Gensokyo:Python_and_Kodama","floor":14.0,"turns":3.0},{"damage":2.0,"enemies":"Gensokyo:Reimu","floor":16.0,"turns":2.0},{"damage":21.0,"enemies":"Gensokyo:3_Dogs","floor":18.0,"turns":2.0},{"damage":0.0,"enemies":"Gensokyo:CosmicMonolith","floor":23.0,"turns":1.0},{"damage":35.0,"enemies":"Gensokyo:Tenshi","floor":24.0,"turns":4.0},{"damage":0.0,"enemies":"Gensokyo:Koishi","floor":27.0,"turns":1.0},{"damage":0.0,"enemies":"Gensokyo:Swordslinger","floor":28.0,"turns":1.0},{"damage":0.0,"enemies":"Gensokyo:Chomper_and_Gloop","floor":30.0,"turns":2.0},{"damage":19.0,"enemies":"Gensokyo:Tenshi","floor":31.0,"turns":2.0},{"damage":0.0,"enemies":"Gensokyo:Eternal_Rivals","floor":33.0,"turns":2.0},{"damage":0,"enemies":"Gensokyo:AncientGuardian","floor":35,"turns":1},{"damage":0,"enemies":"Gensokyo:3_Bats","floor":38,"turns":1},{"damage":0,"enemies":"Gensokyo:Doremy","floor":40,"turns":2},{"damage":0,"enemies":"Gensokyo:Kasen","floor":42,"turns":1},{"damage":38,"enemies":"Gensokyo:Marisa","floor":44,"turns":2},{"damage":20,"enemies":"Gensokyo:Doremy","floor":46,"turns":4},{"damage":20,"enemies":"Gensokyo:Sharpion","floor":48,"turns":3},{"damage":0,"enemies":"Gensokyo:Scarlet_Devils","floor":50,"turns":3}],"seed_played":"7253558489611837581","potions_obtained":[{"floor":3.0,"key":"Ancient Potion"},{"floor":11.0,"key":"AttackPotion"},{"floor":27.0,"key":"Ancient Potion"},{"floor":28.0,"key":"EssenceOfSteel"},{"floor":38,"key":"JyouchiReiPotion"},{"floor":40,"key":"CalmPotion"},{"floor":48,"key":"AttackPotion"}],"is_trial":false,"path_per_floor":["M","M","M","M","M","E","R","M","T","?","E","R","COS","M","R","B",null,"M","$","?","?","?","M","E","$","T","E","M","R","M","E","R","B",null,"M","?","$","M","?","E","?","E","T","E","R","E","R","M","R","B",null],"character_chosen":"KomeijiSatori","items_purchased":["Matryoshka","MerchantsRug","Vajra"],"campfire_rested":0,"item_purchase_floors":[19,19,25],"current_hp_per_floor":[45,45,45,43,31,15,15,23,23,23,29,29,29,25,25,31,45,24,24,31,31,31,31,12,12,12,20,20,20,20,9,9,57,57,57,57,57,57,57,57,57,57,57,29,29,39,39,36,36,57],"gold":632,"neow_bonus":"REMOVE_TWO","is_daily":false,"chose_seed":false,"campfire_upgraded":8,"win_rate":0.0,"timestamp":1609836634,"path_taken":["M","M","M","?","M","E","R","M","T","?","E","R","COS","M","R","BOSS","M","$","?","?","?","M","E","$","T","E","?","R","M","E","R","BOSS","M","?","?","?","?","E","?","E","T","E","R","E","R","?","R","BOSS"],"items_purchased_type":["Relic","Relic","Relic"],"build_version":"2020-12-22","purchased_purges":2,"victory":true,"max_hp_per_floor":[50,50,50,50,50,50,50,50,50,50,50,50,50,50,50,50,50,50,50,57,57,57,57,57,57,57,57,57,57,57,57,57,57,57,57,57,57,57,57,57,57,57,57,57,57,57,57,57,57,57],"card_choices":[{"not_picked":["HalloweenModGhostCostume","HalloweenModCandy"],"picked":"HalloweenModTrick","floor":1.0},{"not_picked":["HalloweenModTrick","HalloweenModCandy","HalloweenModGhostCostume","HalloweenModGhostCostume"],"picked":"HalloweenModTrick","floor":2.0},{"not_picked":["HalloweenModTrick","HalloweenModGhostCostume","HalloweenModCandy","HalloweenModGhostCostume"],"picked":"HalloweenModTrick","floor":3.0},{"not_picked":["HalloweenModGhostCostume","HalloweenModCandy","HalloweenModTrick","HalloweenModCandy"],"picked":"HalloweenModTrick","floor":4.0},{"not_picked":["HalloweenModTrick","HalloweenModGhostCostume","HalloweenModCandy","HalloweenModGhostCostume"],"picked":"HalloweenModTrick","floor":5.0},{"not_picked":["HalloweenModTrick","HalloweenModCandy","HalloweenModGhostCostume","HalloweenModGhostCostume"],"picked":"HalloweenModCandy","floor":6.0},{"not_picked":["HalloweenModCandy","HalloweenModGhostCostume","HalloweenModCandy","HalloweenModGhostCostume"],"picked":"HalloweenModTrick","floor":8.0},{"not_picked":["HalloweenModCandy","HalloweenModGhostCostume","HalloweenModGhostCostume","HalloweenModTrick"],"picked":"HalloweenModTrick","floor":11.0},{"not_picked":["HalloweenModCandy","HalloweenModGhostCostume","HalloweenModCandy","HalloweenModTrick"],"picked":"HalloweenModTrick","floor":14.0},{"not_picked":["HalloweenModTrick","HalloweenModGhostCostume","HalloweenModCandy","HalloweenModTrick"],"picked":"HalloweenModTrick","floor":16.0},{"not_picked":["HalloweenModGhostCostume","HalloweenModTrick","HalloweenModCandy","HalloweenModGhostCostume"],"picked":"HalloweenModTrick","floor":18.0},{"not_picked":["HalloweenModGhostCostume","HalloweenModTrick","HalloweenModGhostCostume","HalloweenModGhostCostume"],"picked":"HalloweenModCandy+1","floor":23.0},{"not_picked":["HalloweenModGhostCostume","HalloweenModCandy","HalloweenModCandy","HalloweenModTrick"],"picked":"HalloweenModTrick","floor":24.0},{"not_picked":["HalloweenModCandy","HalloweenModGhostCostume","HalloweenModTrick","HalloweenModCandy"],"picked":"HalloweenModTrick","floor":27.0},{"not_picked":["HalloweenModTrick","HalloweenModGhostCostume","HalloweenModCandy","HalloweenModCandy"],"picked":"HalloweenModTrick","floor":28.0},{"not_picked":["HalloweenModGhostCostume","HalloweenModCandy","HalloweenModTrick","HalloweenModGhostCostume"],"picked":"HalloweenModTrick","floor":30.0},{"not_picked":["HalloweenModCandy","HalloweenModGhostCostume","HalloweenModCandy","HalloweenModGhostCostume"],"picked":"HalloweenModTrick","floor":31.0},{"not_picked":["HalloweenModCandy","HalloweenModTrick","HalloweenModGhostCostume","HalloweenModGhostCostume"],"picked":"HalloweenModTrick","floor":33.0},{"not_picked":["HalloweenModCandy","HalloweenModTrick","HalloweenModGhostCostume","HalloweenModCandy"],"picked":"HalloweenModTrick","floor":35},{"not_picked":["HalloweenModGhostCostume","HalloweenModCandy+1","HalloweenModGhostCostume","HalloweenModGhostCostume"],"picked":"HalloweenModTrick","floor":38},{"not_picked":["HalloweenModCandy","HalloweenModGhostCostume","HalloweenModTrick","HalloweenModCandy+1"],"picked":"HalloweenModTrick+1","floor":40},{"not_picked":["HalloweenModCandy","HalloweenModGhostCostume+1","HalloweenModGhostCostume+1","HalloweenModCandy+1"],"picked":"HalloweenModTrick","floor":42},{"not_picked":["HalloweenModGhostCostume","HalloweenModTrick","HalloweenModCandy","HalloweenModGhostCostume+1","HalloweenModTrick"],"picked":"SKIP","floor":44},{"not_picked":["HalloweenModGhostCostume+1","HalloweenModCandy","HalloweenModGhostCostume+1","HalloweenModTrick"],"picked":"HalloweenModTrick","floor":46},{"not_picked":["HalloweenModCandy","HalloweenModGhostCostume","HalloweenModTrick","HalloweenModCandy"],"picked":"HalloweenModTrick+1","floor":48}],"player_experience":380575,"relics_obtained":[{"floor":1.0,"key":"SynthV:TestCard"},{"floor":6.0,"key":"Centennial Puzzle"},{"floor":9.0,"key":"ImprovedEquipment"},{"floor":11.0,"key":"ShirouKen"},{"floor":24.0,"key":"Orichalcum"},{"floor":26.0,"key":"Omamori"},{"floor":26.0,"key":"AT_SilvercatRing"},{"floor":27.0,"key":"AT_SpeedBoots"},{"floor":31.0,"key":"AT_RabadonDeathcap"},{"floor":40,"key":"AT_SunfireAegis"},{"floor":42,"key":"Meat on the Bone"},{"floor":43,"key":"testmod-Acrobat"},{"floor":43,"key":"Sundial"},{"floor":44,"key":"Old Coin"},{"floor":46,"key":"StrikeDummy"}],"event_choices":[{"damage_healed":0.0,"max_hp_gain":0.0,"max_hp_loss":0.0,"gold_gain":400.0,"event_name":"¶÷ÂåË¹µÄÅÌ×Ó","player_choice":"Sell","floor":10.0,"relics_lost":["testmod-TestBox"],"gold_loss":0.0,"damage_taken":0.0}],"is_beta":false,"boss_relics":[{"not_picked":["testmod-StringDisintegrator","testmod-BloodSacrificeSpiritualization"],"picked":"ShadowXiaoBlade"},{"not_picked":["ExusiaiGun","BloodWine"],"picked":"testmod-SaigiyounoYou"}],"items_purged_floors":[19,37],"is_endless":false,"potions_floor_spawned":[3,11,16,18,27,28,33,38,40,44,48],"ascension_level":14}}