{"host":"28p8ce41sjwa6lzf","time":1609875670,"event":{"mods":["BaseMod","Colored Map","Colored Powertips","Highlight Path","Minty Spire (QoL Compilation)","Permanent Neow","Quick Restart","Random Character Button","Rare Cards Sparkle","Relic Stats","StSLib","Unceasing Turn Reminder"],"gold_per_floor":[119,130,144,158,83,118,22,22,22,47,47,80,93,104,104,181,181,192,59,78,78,88,88,102,132,132,151,151,165,192,192,192,271,271,271,546,561,406,425,425,240,48,48,68,78,109,109,129,129,129,129,129,129,4,38,38],"floor_reached":57,"playtime":6189,"items_purged":["Strike_G"],"score":2717,"play_id":"09fbacda-4fe7-4687-9329-96de6c80f81c","local_time":"20210105134110","is_ascension_mode":true,"campfire_choices":[{"floor":11.0,"key":"REST"},{"floor":15.0,"key":"REST"},{"data":"Die Die Die","floor":23.0,"key":"SMITH"},{"floor":28.0,"key":"REST"},{"floor":32.0,"key":"REST"},{"floor":40.0,"key":"REST"},{"floor":47.0,"key":"RECALL"},{"floor":49.0,"key":"REST"},{"data":"Footwork","floor":53.0,"key":"SMITH"}],"circlet_count":0,"master_deck":["AscendersBane","Strike_G","Strike_G","Strike_G","Defend_G","Defend_G","Defend_G","Defend_G","Defend_G","Survivor","Neutralize+1","Die Die Die+1","Prepared+1","Underhanded Strike+1","Deadly Poison","Blade Dance","Venomology+1","Panacea+1","Catalyst+1","Backflip+1","Calculated Gamble+1","Deflect+1","Venomology+1","Crippling Poison+1","Catalyst+1","Acrobatics+1","Cloak And Dagger+1","Die Die Die+1","Outmaneuver+1","Reflex+1","Reflex+1","Backflip+1","Corpse Explosion+1","Footwork+1","Bouncing Flask+1","Footwork+1","Deflect+1","Outmaneuver+1","Deadly Poison+1","PiercingWail+1","Outmaneuver+1","Dark Shackles+1","Dodge and Roll+1","Dodge and Roll+1"],"relics":["Ring of the Snake","Toxic Egg 2","StrikeDummy","Darkstone Periapt","Omamori","Runic Pyramid","HornCleat","Centennial Puzzle","Nilry\u0027s Codex","SlaversCollar","Potion Belt","Oddly Smooth Stone","Whetstone","Pantograph","Bottled Lightning"],"acts_visited":["Exordium","TheCity","TheBeyond","TheEnding"],"potions_floor_usage":[56,56,56,56,56,56,56,56,56],"damage_taken":[{"damage":5.0,"enemies":"2 Louse","floor":1.0,"turns":3.0},{"damage":0.0,"enemies":"Small Slimes","floor":2.0,"turns":2.0},{"damage":1.0,"enemies":"Cultist","floor":3.0,"turns":4.0},{"damage":0.0,"enemies":"Exordium Wildlife","floor":4.0,"turns":4.0},{"damage":23.0,"enemies":"Lagavulin","floor":6.0,"turns":6.0},{"damage":12.0,"enemies":"3 Sentries","floor":10.0,"turns":6.0},{"damage":8.0,"enemies":"Lagavulin","floor":12.0,"turns":4.0},{"damage":6.0,"enemies":"Red Slaver","floor":13.0,"turns":2.0},{"damage":4.0,"enemies":"Blue Slaver","floor":14.0,"turns":2.0},{"damage":1.0,"enemies":"Slime Boss","floor":16.0,"turns":6.0},{"damage":0.0,"enemies":"3 Byrds","floor":18.0,"turns":4.0},{"damage":0.0,"enemies":"Spheric Guardian","floor":20.0,"turns":3.0},{"damage":0.0,"enemies":"Chosen and Byrds","floor":22.0,"turns":5.0},{"damage":27.0,"enemies":"Shelled Parasite and Fungi","floor":24.0,"turns":3.0},{"damage":13.0,"enemies":"Gremlin Leader","floor":25.0,"turns":3.0},{"damage":0.0,"enemies":"Sentry and Sphere","floor":27.0,"turns":3.0},{"damage":8.0,"enemies":"Snake Plant","floor":29.0,"turns":4.0},{"damage":0.0,"enemies":"Book of Stabbing","floor":30.0,"turns":3.0},{"damage":18.0,"enemies":"Automaton","floor":33.0,"turns":6.0},{"damage":0.0,"enemies":"3 Shapes","floor":35.0,"turns":2.0},{"damage":8.0,"enemies":"3 Darklings","floor":37.0,"turns":5.0},{"damage":9.0,"enemies":"Writhing Mass","floor":39.0,"turns":3.0},{"damage":0.0,"enemies":"Maw","floor":44.0,"turns":4.0},{"damage":7.0,"enemies":"Jaw Worm Horde","floor":45.0,"turns":4.0},{"damage":1.0,"enemies":"Reptomancer","floor":46.0,"turns":3.0},{"damage":16.0,"enemies":"Writhing Mass","floor":48.0,"turns":4.0},{"damage":41.0,"enemies":"Time Eater","floor":50.0,"turns":7.0},{"damage":27.0,"enemies":"Awakened One","floor":51.0,"turns":12.0},{"damage":6.0,"enemies":"Shield and Spear","floor":55.0,"turns":5.0},{"damage":52,"enemies":"The Heart","floor":56,"turns":10}],"seed_played":"-4431627758481438202","potions_obtained":[{"floor":4.0,"key":"Swift Potion"},{"floor":6.0,"key":"Block Potion"},{"floor":10.0,"key":"Explosive Potion"},{"floor":13.0,"key":"AttackPotion"},{"floor":16.0,"key":"DistilledChaos"},{"floor":22.0,"key":"Explosive Potion"},{"floor":25.0,"key":"LiquidBronze"},{"floor":27.0,"key":"Weak Potion"},{"floor":30.0,"key":"Dexterity Potion"},{"floor":39.0,"key":"Block Potion"},{"floor":44.0,"key":"Ancient Potion"},{"floor":48.0,"key":"BlessingOfTheForge"},{"floor":55.0,"key":"DistilledChaos"}],"is_trial":false,"path_per_floor":["M","M","M","M","?","E","$","?","T","E","R","E","M","M","R","B",null,"M","$","M","?","M","R","M","E","T","M","R","M","E","?","R","B",null,"M","?","M","$","M","R","$","$","T","M","M","E","R","M","R","B","B",null,"R","$","E","B",null],"character_chosen":"THE_SILENT","items_purchased":["Panacea+1","Catalyst+1","Acrobatics+1","Bouncing Flask+1","Potion Belt","Deflect+1","Oddly Smooth Stone","Outmaneuver+1","Dark Shackles+1","Dodge and Roll+1"],"campfire_rested":6,"item_purchase_floors":[7,19,19,38,41,41,42,42,54,54],"current_hp_per_floor":[54,54,53,53,53,30,30,30,30,18,37,29,23,19,38,37,59,59,59,59,59,59,59,32,19,19,19,38,30,30,9,28,10,52,52,52,44,44,35,54,54,54,54,54,47,46,46,30,49,25,23,55,55,55,49,66],"gold":38,"neow_bonus":"ONE_RANDOM_RARE_CARD","is_daily":false,"chose_seed":false,"campfire_upgraded":2,"win_rate":0.0,"timestamp":1609875670,"path_taken":["M","M","M","M","?","E","$","?","T","E","R","E","M","?","R","BOSS","M","$","M","?","?","R","M","E","T","M","R","M","E","?","R","BOSS","M","?","M","$","M","R","?","$","T","M","M","E","R","M","R","BOSS","BOSS","R","$","E","BOSS"],"items_purchased_type":["Card","Card","Card","Card","Relic","Card","Relic","Card","Card","Card"],"build_version":"2020-12-22","purchased_purges":1,"victory":true,"max_hp_per_floor":[66,66,66,66,66,66,66,66,66,66,66,66,66,66,66,66,66,66,66,66,66,66,66,66,66,66,66,66,66,66,66,66,66,66,66,66,66,66,66,66,66,66,66,66,66,66,66,66,66,66,66,66,66,66,66,66],"relic_stats":{"Darkstone Periapt":0,"Centennial Puzzle":[30],"counters":[30,132],"Pantograph":59,"Whetstone":["Underhanded Strike","Neutralize"],"obtain_stats":[{"Darkstone Periapt":10,"Potion Belt":41,"Nilry\u0027s Codex":31,"Oddly Smooth Stone":42,"Omamori":12,"Whetstone":43,"SlaversCollar":34,"Centennial Puzzle":30,"HornCleat":25,"Pantograph":46,"Bottled Lightning":55,"Toxic Egg 2":6,"StrikeDummy":9,"Ring of the Snake":0,"Runic Pyramid":17},{"Darkstone Periapt":6,"Potion Belt":22,"Nilry\u0027s Codex":18,"Oddly Smooth Stone":22,"Omamori":7,"Whetstone":22,"SlaversCollar":19,"Centennial Puzzle":18,"HornCleat":15,"Pantograph":25,"Bottled Lightning":29,"Toxic Egg 2":5,"StrikeDummy":5,"Ring of the Snake":0,"Runic Pyramid":10},{"Darkstone Periapt":25,"Potion Belt":83,"Nilry\u0027s Codex":67,"Oddly Smooth Stone":83,"Omamori":29,"Whetstone":83,"SlaversCollar":73,"Centennial Puzzle":67,"HornCleat":57,"Pantograph":94,"Bottled Lightning":122,"Toxic Egg 2":19,"StrikeDummy":19,"Ring of the Snake":0,"Runic Pyramid":39}],"Ring of the Snake":[60]},"card_choices":[{"not_picked":["Bane","Poisoned Stab"],"picked":"Prepared","floor":1.0},{"not_picked":["Calculated Gamble","Prepared"],"picked":"Underhanded Strike","floor":2.0},{"not_picked":["Dodge and Roll","Cloak And Dagger"],"picked":"Deadly Poison","floor":3.0},{"not_picked":["Dagger Spray","Sucker Punch"],"picked":"Blade Dance","floor":4.0},{"not_picked":["Dash","Reflex+1"],"picked":"Venomology+1","floor":6.0},{"not_picked":["Backstab","Heel Hook"],"picked":"Catalyst+1","floor":10.0},{"not_picked":["Noxious Fumes","Outmaneuver+1"],"picked":"Backflip+1","floor":12.0},{"not_picked":["Deflect+1","PiercingWail+1"],"picked":"Calculated Gamble+1","floor":13.0},{"not_picked":["Masterful Stab","Endless Agony"],"picked":"Deflect+1","floor":14.0},{"not_picked":["Unload","Phantasmal Killer+1"],"picked":"Venomology+1","floor":16.0},{"not_picked":["Eviscerate+1","Expertise+1"],"picked":"Crippling Poison+1","floor":18.0},{"not_picked":["Blade Dance+1","Dodge and Roll+1"],"picked":"Cloak And Dagger+1","floor":20.0},{"not_picked":["Acrobatics+1","Finisher"],"picked":"Die Die Die","floor":22.0},{"not_picked":["Slice","Quick Slash"],"picked":"Outmaneuver+1","floor":24.0},{"not_picked":["Dodge and Roll+1","Deflect+1"],"picked":"Reflex+1","floor":25.0},{"not_picked":["All Out Attack","Acrobatics+1"],"picked":"Reflex+1","floor":27.0},{"not_picked":["Dagger Spray","Acrobatics+1"],"picked":"Backflip+1","floor":29.0},{"not_picked":["All Out Attack","Endless Agony","Backstab"],"picked":"SKIP","floor":30.0},{"not_picked":["A Thousand Cuts","Phantasmal Killer+1"],"picked":"Corpse Explosion+1","floor":33.0},{"not_picked":["Slice","Quick Slash"],"picked":"Footwork+1","floor":37.0},{"not_picked":["Backstab","Prepared+1"],"picked":"Footwork","floor":39.0},{"not_picked":["Endless Agony","Blade Dance+1"],"picked":"Deadly Poison+1","floor":44.0},{"not_picked":["Quick Slash","Choke","Flying Knee"],"picked":"SKIP","floor":45.0},{"not_picked":["All Out Attack","Poisoned Stab"],"picked":"PiercingWail+1","floor":46.0},{"not_picked":["Dagger Throw","Quick Slash"],"picked":"Outmaneuver+1","floor":48.0},{"not_picked":["Bullet Time+1","Backstab"],"picked":"Dodge and Roll+1","floor":55.0}],"player_experience":1082285,"relics_obtained":[{"floor":6.0,"key":"Toxic Egg 2"},{"floor":9.0,"key":"StrikeDummy"},{"floor":10.0,"key":"Darkstone Periapt"},{"floor":12.0,"key":"Omamori"},{"floor":25.0,"key":"HornCleat"},{"floor":30.0,"key":"Centennial Puzzle"},{"floor":31.0,"key":"Nilry\u0027s Codex"},{"floor":43.0,"key":"Whetstone"},{"floor":46.0,"key":"Pantograph"},{"floor":55.0,"key":"Bottled Lightning"}],"event_choices":[{"cards_removed":["Strike_G"],"damage_healed":0.0,"max_hp_gain":0.0,"max_hp_loss":0.0,"gold_gain":0.0,"event_name":"The Cleric","player_choice":"Card Removal","floor":5.0,"gold_loss":75.0,"damage_taken":0.0},{"damage_healed":0.0,"max_hp_gain":0.0,"max_hp_loss":0.0,"gold_gain":0.0,"event_name":"Upgrade Shrine","player_choice":"Upgraded","floor":8.0,"gold_loss":0.0,"damage_taken":0.0,"cards_upgraded":["Die Die Die"]},{"damage_healed":0.0,"max_hp_gain":0.0,"max_hp_loss":0.0,"gold_gain":0.0,"event_name":"Accursed Blacksmith","player_choice":"Forge","floor":21.0,"gold_loss":0.0,"damage_taken":0.0,"cards_upgraded":["Prepared"]},{"damage_healed":0.0,"max_hp_gain":0.0,"max_hp_loss":0.0,"gold_gain":0.0,"event_name":"Cursed Tome","player_choice":"Obtained Book","floor":31.0,"gold_loss":0.0,"damage_taken":21.0},{"damage_healed":0.0,"max_hp_gain":0.0,"max_hp_loss":0.0,"gold_gain":275.0,"event_name":"Golden Shrine","player_choice":"Desecrate","floor":36.0,"gold_loss":0.0,"damage_taken":0.0,"cards_obtained":["Regret"]}],"is_beta":false,"boss_relics":[{"not_picked":["Philosopher\u0027s Stone","Astrolabe"],"picked":"Runic Pyramid"},{"not_picked":["Sozu","Ring of the Serpent"],"picked":"SlaversCollar"}],"items_purged_floors":[38],"is_endless":false,"potions_floor_spawned":[4,6,10,13,16,22,25,27,30,39,44,48,55],"ascension_level":20}}