{"host":"xlrfj7mv1s7y09pf","time":1609811503,"event":{"mods":["BaseMod","Minty Spire (QoL Compilation)","Rare Cards Sparkle"],"gold_per_floor":[112,112,132,132,146,146,158,158,158,158,193,203,203,222,222,295,295,313,325,336,336,350,350,61,78,78,3,23,23,40,55,55,129,129,147,147,167,167,167],"floor_reached":38,"playtime":3575,"items_purged":[],"score":630,"play_id":"009c265f-1acb-49f3-afd8-a8b06c5f4542","local_time":"20210104205143","is_ascension_mode":true,"campfire_choices":[{"data":"Body Slam","floor":6,"key":"SMITH"},{"data":"Rupture","floor":8,"key":"SMITH"},{"floor":13,"key":"REST"},{"data":"Immolate","floor":15,"key":"SMITH"},{"floor":23,"key":"REST"},{"floor":32,"key":"REST"}],"circlet_count":0,"master_deck":["AscendersBane","Strike_R","Strike_R","Strike_R","Strike_R","Defend_R","Defend_R","Defend_R","Defend_R","Bash","Body Slam+1","Anger","Immolate+1","Shrug It Off","Rupture+1","Entrench","Rage","Rampage","Barricade","Body Slam+1","Shrug It Off","Metallicize+1","Flame Barrier","Dual Wield","Impervious","Whirlwind+1"],"relics":["Burning Blood","FossilizedHelix","Incense Burner","Kunai","Mark of Pain","Ice Cream","Ornamental Fan","SlaversCollar","Shovel"],"acts_visited":["Exordium","TheCity","TheBeyond"],"potions_floor_usage":[12,16,28,32,37],"damage_taken":[{"damage":7,"enemies":"Small Slimes","floor":1,"turns":3},{"damage":0,"enemies":"Cultist","floor":3,"turns":3},{"damage":0,"enemies":"2 Louse","floor":5,"turns":1},{"damage":4,"enemies":"Red Slaver","floor":7,"turns":3},{"damage":14,"enemies":"3 Sentries","floor":11,"turns":7},{"damage":19,"enemies":"Exordium Thugs","floor":12,"turns":6},{"damage":3,"enemies":"Exordium Wildlife","floor":14,"turns":4},{"damage":3,"enemies":"Slime Boss","floor":16,"turns":9},{"damage":11,"enemies":"2 Thieves","floor":18,"turns":3},{"damage":12,"enemies":"Spheric Guardian","floor":19,"turns":5},{"damage":53,"enemies":"Snake Plant","floor":20,"turns":6},{"damage":20,"enemies":"Centurion and Healer","floor":22,"turns":8},{"damage":20,"enemies":"Sentry and Sphere","floor":25,"turns":6},{"damage":13,"enemies":"Cultist and Chosen","floor":28,"turns":7},{"damage":0,"enemies":"Snecko","floor":30,"turns":7},{"damage":20,"enemies":"Centurion and Healer","floor":31,"turns":6},{"damage":12,"enemies":"Automaton","floor":33,"turns":13},{"damage":10,"enemies":"Orb Walker","floor":35,"turns":4},{"damage":26,"enemies":"3 Shapes","floor":37,"turns":9}],"seed_played":"-2744117888358396794","potions_obtained":[{"floor":7,"key":"GamblersBrew"},{"floor":12,"key":"FairyPotion"},{"floor":14,"key":"BlessingOfTheForge"},{"floor":20,"key":"Energy Potion"},{"floor":28,"key":"BloodPotion"},{"floor":30,"key":"GamblersBrew"},{"floor":31,"key":"BloodPotion"},{"floor":33,"key":"ColorlessPotion"}],"is_trial":false,"path_per_floor":["M","?","M","?","M","R","M","R","T","?","E","M","R","M","R","B",null,"M","M","M","?","M","R","$","M","T","?","M","?","M","M","R","B",null,"M","T","M","M"],"character_chosen":"IRONCLAD","items_purchased":["Ice Cream"],"campfire_rested":3,"item_purchase_floors":[24],"current_hp_per_floor":[79,54,60,60,66,66,68,68,68,68,60,47,73,76,76,79,86,81,75,28,28,14,40,40,26,26,26,36,36,42,28,71,65,82,78,78,58,0,0],"gold":167,"neow_bonus":"TEN_PERCENT_HP_BONUS","is_daily":false,"chose_seed":false,"campfire_upgraded":3,"win_rate":0.0,"timestamp":1609811503,"path_taken":["M","?","M","?","?","R","M","R","T","?","E","M","R","M","R","BOSS","M","M","M","?","M","R","?","?","T","?","M","?","M","M","R","BOSS","M","?","?","?"],"items_purchased_type":["Relic"],"build_version":"2020-12-22","purchased_purges":0,"victory":false,"max_hp_per_floor":[88,88,88,88,88,88,88,88,88,88,88,88,88,88,88,88,88,88,88,88,88,88,88,88,88,88,88,88,88,88,88,88,88,88,88,88,88,88,88],"card_choices":[{"not_picked":["Sword Boomerang","Havoc"],"picked":"Body Slam","floor":1},{"not_picked":["Evolve","Flex"],"picked":"Anger","floor":3},{"not_picked":["Wild Strike","Heavy Blade"],"picked":"Shrug It Off","floor":5},{"not_picked":["Hemokinesis","Heavy Blade"],"picked":"Rupture","floor":7},{"not_picked":["Iron Wave","Clash"],"picked":"Entrench","floor":11},{"not_picked":["Cleave","Battle Trance"],"picked":"Rage","floor":12},{"not_picked":["Dropkick","Brutality"],"picked":"Rampage","floor":14},{"not_picked":["Offering","Exhume"],"picked":"Barricade","floor":16},{"not_picked":["Sword Boomerang","True Grit","Infernal Blade"],"picked":"SKIP","floor":18},{"not_picked":["Infernal Blade","Battle Trance","Havoc"],"picked":"SKIP","floor":19},{"not_picked":["Headbutt","Pommel Strike+1"],"picked":"Body Slam+1","floor":20},{"not_picked":["Sever Soul+1","Hemokinesis"],"picked":"Shrug It Off","floor":22},{"not_picked":["Rupture","Warcry","Pommel Strike"],"picked":"SKIP","floor":25},{"not_picked":["Blood for Blood","Clothesline"],"picked":"Metallicize+1","floor":28},{"not_picked":["True Grit","Armaments+1","Pommel Strike"],"picked":"SKIP","floor":30},{"not_picked":["Shrug It Off","Heavy Blade"],"picked":"Dual Wield","floor":31},{"not_picked":["Immolate","Juggernaut"],"picked":"Impervious","floor":33},{"not_picked":["Armaments","Bloodletting+1"],"picked":"Whirlwind+1","floor":35},{"not_picked":["Body Slam","Flex","Havoc"],"picked":"SKIP","floor":37}],"player_experience":278190,"relics_obtained":[{"floor":9,"key":"Incense Burner"},{"floor":11,"key":"Kunai"},{"floor":26,"key":"Ornamental Fan"},{"floor":36,"key":"Shovel"}],"event_choices":[{"damage_healed":0,"gold_gain":0,"player_choice":"Success","damage_taken":25,"relics_obtained":["FossilizedHelix"],"max_hp_gain":0,"max_hp_loss":0,"event_name":"Scrap Ooze","floor":2,"gold_loss":0},{"damage_healed":0,"gold_gain":0,"cards_transformed":["Strike_R"],"player_choice":"Transformed","damage_taken":0,"max_hp_gain":0,"max_hp_loss":0,"event_name":"Transmorgrifier","floor":4,"gold_loss":0,"cards_obtained":["Immolate"]},{"damage_healed":0,"gold_gain":0,"player_choice":"1 cards matched","damage_taken":0,"max_hp_gain":0,"max_hp_loss":0,"event_name":"Match and Keep!","floor":10,"gold_loss":0,"cards_obtained":["Clumsy"]},{"damage_healed":0,"gold_gain":0,"player_choice":"Got Potions","damage_taken":0,"max_hp_gain":0,"max_hp_loss":0,"event_name":"Lab","floor":21,"gold_loss":0},{"cards_removed":["Clumsy"],"damage_healed":0,"gold_gain":0,"player_choice":"Gave Gold","damage_taken":0,"max_hp_gain":0,"max_hp_loss":0,"event_name":"Beggar","floor":27,"gold_loss":75},{"damage_healed":0,"gold_gain":0,"player_choice":"1 cards matched","damage_taken":0,"max_hp_gain":0,"max_hp_loss":0,"event_name":"Match and Keep!","floor":29,"gold_loss":0,"cards_obtained":["Flame Barrier"]}],"is_beta":false,"boss_relics":[{"not_picked":["Sozu","Astrolabe"],"picked":"Mark of Pain"},{"not_picked":["Pandora\u0027s Box","SacredBark"],"picked":"SlaversCollar"}],"items_purged_floors":[],"is_endless":false,"potions_floor_spawned":[7,12,14,20,28,30,31,33,35],"killed_by":"Sphere and 2 Shapes","ascension_level":13}}