{"host":"d9m9v0h6vo0edadb","time":1609833181,"event":{"mods":["BaseMod","Hermit","Keyboard Shortcuts","Minty Spire (QoL Compilation)","StSLib","SuperFastMode","The Cursed"],"gold_per_floor":[111,261,111,130,150,178,178,188,188,188,188,223,240,240,240,240,240],"floor_reached":16,"playtime":244,"items_purged":["Doubt"],"score":220,"play_id":"928221e9-0b5e-4a8d-99b1-74c13a5e2f7e","local_time":"20210105165301","is_ascension_mode":true,"campfire_choices":[{"data":"After Image","floor":7.0,"key":"SMITH"},{"data":"Glass Knife","floor":10.0,"key":"SMITH"},{"data":"Blade Dance","floor":15,"key":"SMITH"}],"circlet_count":0,"master_deck":["AscendersBane","Strike_G","Strike_G","Strike_G","Strike_G","Defend_G","Defend_G","Defend_G","Defend_G","Defend_G","Survivor","Neutralize","Glass Knife+1","Blade Dance+1","Well Laid Plans","After Image+1","Blade Dance","Endless Agony","Flechettes"],"relics":["Ring of the Snake","Bottled Lightning","Prayer Wheel","Bird Faced Urn"],"acts_visited":["Exordium"],"potions_floor_usage":[],"damage_taken":[{"damage":0.0,"enemies":"2 Louse","floor":1.0,"turns":3.0},{"damage":16.0,"enemies":"Small Slimes","floor":4.0,"turns":3.0},{"damage":2.0,"enemies":"Jaw Worm","floor":5.0,"turns":5.0},{"damage":11.0,"enemies":"Gremlin Nob","floor":6.0,"turns":3.0},{"damage":7.0,"enemies":"Gremlin Gang","floor":8.0,"turns":6.0},{"damage":10.0,"enemies":"Lagavulin","floor":12.0,"turns":7.0},{"damage":1,"enemies":"Blue Slaver","floor":13,"turns":4},{"damage":35,"enemies":"Hexaghost","floor":16,"turns":10}],"seed_played":"-113435157361186240","potions_obtained":[{"floor":5.0,"key":"SteroidPotion"},{"floor":6.0,"key":"Ancient Potion"},{"floor":8.0,"key":"Fire Potion"}],"is_trial":false,"path_per_floor":["M","?","$","M","M","E","R","M","T","R","?","E","M","?","R","B"],"character_chosen":"THE_SILENT","items_purchased":["Well Laid Plans"],"campfire_rested":0,"item_purchase_floors":[3],"current_hp_per_floor":[59,59,59,43,41,30,30,23,23,23,16,6,9,31,31,0,0],"gold":240,"neow_bonus":"ONE_RANDOM_RARE_CARD","is_daily":false,"chose_seed":false,"campfire_upgraded":3,"win_rate":0.0,"timestamp":1609833181,"path_taken":["M","?","$","M","M","E","R","M","T","R","?","E","M","?","R","BOSS"],"items_purchased_type":["Card"],"build_version":"2020-12-22","purchased_purges":1,"victory":false,"max_hp_per_floor":[66,66,66,66,66,66,66,66,66,66,66,66,66,66,66,66,66],"card_choices":[{"not_picked":["Quick Slash","Masterful Stab"],"picked":"Blade Dance","floor":1.0},{"not_picked":["Underhanded Strike","Outmaneuver","Setup"],"picked":"SKIP","floor":4.0},{"not_picked":["Setup","Calculated Gamble","Outmaneuver"],"picked":"SKIP","floor":5.0},{"not_picked":["Deflect","Underhanded Strike"],"picked":"After Image","floor":6.0},{"not_picked":["Prepared","Masterful Stab"],"picked":"Blade Dance","floor":8.0},{"not_picked":["Masterful Stab","Underhanded Strike"],"picked":"Endless Agony","floor":12.0},{"not_picked":["Endless Agony","All Out Attack","Heel Hook"],"picked":"SKIP","floor":13},{"not_picked":["Dagger Throw","Backflip","Flechettes"],"picked":"SKIP","floor":13},{"not_picked":["Dagger Throw","Backflip"],"picked":"Flechettes","floor":13},{"not_picked":["Endless Agony","All Out Attack","Heel Hook"],"picked":"SKIP","floor":13}],"player_experience":952118,"relics_obtained":[{"floor":6.0,"key":"Bottled Lightning"},{"floor":9.0,"key":"Prayer Wheel"},{"floor":12.0,"key":"Bird Faced Urn"}],"event_choices":[{"damage_healed":0.0,"max_hp_gain":0.0,"max_hp_loss":0.0,"gold_gain":150.0,"event_name":"Liars Game","player_choice":"AGREE","floor":2.0,"gold_loss":0.0,"damage_taken":0.0,"cards_obtained":["Doubt"]},{"cards_removed":["Strike_G"],"damage_healed":0.0,"max_hp_gain":0.0,"max_hp_loss":0.0,"gold_gain":0.0,"event_name":"Golden Wing","player_choice":"Card Removal","floor":11.0,"gold_loss":0.0,"damage_taken":7.0},{"damage_healed":22,"gold_gain":0,"player_choice":"Banana","damage_taken":0,"max_hp_gain":0,"max_hp_loss":0,"event_name":"Big Fish","floor":14,"gold_loss":0}],"is_beta":false,"boss_relics":[],"items_purged_floors":[3],"is_endless":false,"potions_floor_spawned":[5,6,8],"killed_by":"Hexaghost","ascension_level":20}}