{"host":"e1pm3b7xpcm97e5w","time":1609866539,"event":{"mods":["BaseMod","Better Skull","Googly Eyes","Minty Spire (QoL Compilation)","Relic Stats","Shop Mod","Spicy Shops","StSLib"],"gold_per_floor":[118,118,35,35,45,45,76,76,76,94,112,147,147,72,72,72,72],"floor_reached":16,"playtime":1166,"items_purged":["Strike_R"],"score":239,"play_id":"61c7e590-4db4-4dd3-9ab3-7fd416fa067d","local_time":"20210105120859","is_ascension_mode":true,"campfire_choices":[{"data":"Bash","floor":6,"key":"SMITH"},{"data":"True Grit","floor":8,"key":"SMITH"},{"data":"Dark Embrace","floor":13,"key":"SMITH"},{"data":"Dark Embrace","floor":15,"key":"SMITH"}],"circlet_count":0,"master_deck":["AscendersBane","Strike_R+1","Strike_R","Strike_R","Defend_R","Defend_R","Defend_R","Defend_R","Bash+1","Corruption+1","True Grit+1","Dark Embrace+1","Dark Embrace+1","Feel No Pain","Rampage","Feel No Pain","Intimidate"],"relics":["Burning Blood","Anchor","Ginger","Omamori"],"acts_visited":["Exordium"],"potions_floor_usage":[],"damage_taken":[{"damage":9,"enemies":"Jaw Worm","floor":1,"turns":5},{"damage":0,"enemies":"Small Slimes","floor":5,"turns":5},{"damage":23,"enemies":"3 Sentries","floor":7,"turns":9},{"damage":5,"enemies":"Cultist","floor":10,"turns":4},{"damage":12,"enemies":"Red Slaver","floor":11,"turns":6},{"damage":0,"enemies":"Lagavulin","floor":12,"turns":8},{"damage":32,"enemies":"The Guardian","floor":16,"turns":8}],"seed_played":"8754019909479324337","potions_obtained":[{"floor":7,"key":"ColorlessPotion"},{"floor":11,"key":"CultistPotion"},{"floor":12,"key":"LiquidMemories"}],"is_trial":false,"path_per_floor":["M","?","$","?","M","R","E","R","T","M","M","E","R","$","R","B"],"character_chosen":"IRONCLAD","items_purchased":["Dark Embrace"],"campfire_rested":0,"item_purchase_floors":[3],"current_hp_per_floor":[65,42,42,42,48,48,31,31,31,32,26,32,32,32,32,0,0],"gold":72,"neow_bonus":"ONE_RANDOM_RARE_CARD","is_daily":false,"chose_seed":false,"campfire_upgraded":4,"win_rate":0.0,"timestamp":1609866539,"path_taken":["M","?","$","?","M","R","E","R","T","M","?","E","R","?","R","BOSS"],"items_purchased_type":["Card"],"build_version":"2020-12-22","purchased_purges":1,"victory":false,"max_hp_per_floor":[75,75,75,75,75,75,75,75,75,75,75,75,75,75,75,75,75],"relic_stats":{"counters":[7,45],"Ginger":[2],"obtain_stats":[{"Anchor":7,"Omamori":12,"Ginger":9,"Burning Blood":0},{"Anchor":3,"Omamori":6,"Ginger":3,"Burning Blood":0},{"Anchor":19,"Omamori":37,"Ginger":19,"Burning Blood":0}],"Burning Blood":36},"card_choices":[{"not_picked":["Clothesline","Power Through"],"picked":"True Grit","floor":1},{"not_picked":["Sever Soul","Perfected Strike"],"picked":"Feel No Pain","floor":5},{"not_picked":["Cleave","Havoc"],"picked":"Rampage","floor":7},{"not_picked":["Clash","Bloodletting"],"picked":"Feel No Pain","floor":10},{"not_picked":["Sword Boomerang","Spot Weakness"],"picked":"Intimidate","floor":11},{"not_picked":["Iron Wave","Wild Strike","Whirlwind"],"picked":"SKIP","floor":12}],"player_experience":504804,"relics_obtained":[{"floor":7,"key":"Anchor"},{"floor":9,"key":"Ginger"},{"floor":12,"key":"Omamori"}],"event_choices":[{"damage_healed":0,"gold_gain":0,"player_choice":"Entered Light","damage_taken":23,"max_hp_gain":0,"max_hp_loss":0,"event_name":"Shining Light","floor":2,"gold_loss":0,"cards_upgraded":["Corruption","Strike_R"]},{"damage_healed":0,"gold_gain":0,"cards_transformed":["Strike_R"],"player_choice":"Transformed","damage_taken":0,"max_hp_gain":0,"max_hp_loss":0,"event_name":"Transmorgrifier","floor":4,"gold_loss":0,"cards_obtained":["Dark Embrace"]}],"is_beta":false,"boss_relics":[],"items_purged_floors":[14],"is_endless":false,"potions_floor_spawned":[7,11,12],"killed_by":"The Guardian","ascension_level":16}}