{"host":"Ceyx","time":1609874238,"event":{"mods":["BaseMod","Beaked The Cultist","BetterRewards","Conspire","Downfall","Hermit","Lobotomy","Minty Spire (QoL Compilation)","Shop Mod","StSLib","The Jungle","The Poker Player"],"gold_per_floor":[99,116,116,127,127,139,139,139,169,186,186,204,214,252,264,364,364,364,364,364,364,364,364,364,364,364,364,349,349,349,349,349,349,349,349,349,44,44,44,29,29,29,29,29,29,29,29,29,29,29],"floor_reached":51,"playtime":4270,"items_purged":[],"score":805,"play_id":"5baf0c55-913e-4014-9106-87db5daf0b2b","local_time":"20210106021718","is_ascension_mode":false,"campfire_choices":[{"data":"Slimebound:Split","floor":1.0,"key":"SMITH"},{"floor":18.0,"key":"RECALL"},{"floor":27.0,"key":"REST"},{"data":"Slimebound:SplitLeeching","floor":29.0,"key":"SMITH"},{"data":"Slimebound:SplitBruiser","floor":35,"key":"SMITH"},{"data":"Slimebound:SplitLeeching","floor":43,"key":"SMITH"}],"circlet_count":0,"master_deck":["Slimebound:Strike_Slimebound","Slimebound:Strike_Slimebound","Slimebound:Tackle","Slimebound:Defend_Slimebound","Slimebound:Defend_Slimebound","Slimebound:Defend_Slimebound","Slimebound:Split+1","Slimebound:CorrosiveSpit","Slimebound:SplitBruiser","Slimebound:RollThrough","Slimebound:SplitLeeching+1","Slimebound:Repurpose","Slimebound:Nibble","Slimebound:SplitBruiser","Slimebound:SplitMire","Slimebound:RollThrough","Slimebound:Nibble","Slimebound:WasteNot","J.A.X.","Slimebound:SamplingLick","Slimebound:Teamwork","Slimebound:LevelUp","Slimebound:LeechEnergy","Slimebound:SplitMire+1","Slimebound:RollThrough+1","Slimebound:LeadByExample","Slimebound:SplitMire","Slimebound:SpikyOuterGoop","Slimebound:SplitAcid","Slimebound:SplitBruiser+1","Slimebound:SplitMire+1","Slimebound:WasteNot","Slimebound:MegaLick+1","Slimebound:Nibble","Slimebound:SplitLeeching+1","Slimebound:SplitAcid+1","Slimebound:RainOfGoop+1","Slimebound:SamplingLick+1","Slimebound:SplitLeeching+1","Slimebound:SplitLeeching","Slimebound:MegaLick","Slimebound:SplitMire+1","Slimebound:SplitAcid","Slimebound:LeechEnergy","Slimebound:TongueLash","Slimebound:MassRepurpose","Slimebound:SplitAcid+1","Slimebound:SpikyOuterGoop+1"],"relics":["Slimebound:AbsorbEndCombat","Ornamental Fan","Eternal Feather","HornCleat","downfall:Hecktoplasm","MutagenicStrength","conspire:BottledYoYo","Shuriken","downfall:HeartBlessingRed","Prayer Wheel","beaked:ShinyBauble","conspire:SlowCooker","Akabeko","Vajra","Strawberry","downfall:HeartBlessingBlue"],"acts_visited":["Exordium","TheCity","TheBeyond"],"potions_floor_usage":[31,33,33,46,47,49,50],"damage_taken":[{"damage":13.0,"enemies":"Small Slimes","floor":2.0,"turns":4.0},{"damage":18.0,"enemies":"Jaw Worm","floor":4.0,"turns":3.0},{"damage":13.0,"enemies":"Cultist","floor":6.0,"turns":3.0},{"damage":27.0,"enemies":"Gremlin Nob","floor":9.0,"turns":4.0},{"damage":16.0,"enemies":"Large Slime","floor":10.0,"turns":5.0},{"damage":28.0,"enemies":"Blue Slaver","floor":12.0,"turns":4.0},{"damage":28.0,"enemies":"Red Slaver","floor":13.0,"turns":2.0},{"damage":39.0,"enemies":"conspire:MimicChest","floor":14.0,"turns":5.0},{"damage":8.0,"enemies":"Blue Slaver","floor":15.0,"turns":3.0},{"damage":86.0,"enemies":"downfall:Defect","floor":16.0,"turns":7.0},{"damage":52.0,"enemies":"downfall:Augmenter","floor":19.0,"turns":5.0},{"damage":31.0,"enemies":"Spheric Guardian","floor":21.0,"turns":3.0},{"damage":13.0,"enemies":"3 Byrds","floor":22.0,"turns":3.0},{"damage":37.0,"enemies":"3 Cultists","floor":23.0,"turns":4.0},{"damage":29.0,"enemies":"Cultist and Chosen","floor":25.0,"turns":3.0},{"damage":70.0,"enemies":"Book of Stabbing","floor":26.0,"turns":5.0},{"damage":43.0,"enemies":"downfall:FleeingMerchant","floor":28.0,"turns":4.0},{"damage":20.0,"enemies":"downfall:Ironclad","floor":30.0,"turns":4.0},{"damage":34,"enemies":"Snecko","floor":31,"turns":4},{"damage":45,"enemies":"Centurion and Healer","floor":32,"turns":3},{"damage":59,"enemies":"downfall:Silent","floor":33,"turns":6},{"damage":27,"enemies":"Orb Walker","floor":36,"turns":3},{"damage":28,"enemies":"downfall:FleeingMerchant","floor":37,"turns":4},{"damage":60,"enemies":"3 Darklings","floor":38,"turns":4},{"damage":38,"enemies":"downfall:FleeingMerchant","floor":40,"turns":4},{"damage":29,"enemies":"Reptomancer","floor":42,"turns":3},{"damage":82,"enemies":"Maw","floor":44,"turns":3},{"damage":100,"enemies":"Transient","floor":46,"turns":5},{"damage":37,"enemies":"Sphere and 2 Shapes","floor":47,"turns":3},{"damage":31,"enemies":"Jaw Worm Horde","floor":48,"turns":3},{"damage":43,"enemies":"4 Shapes","floor":49,"turns":4},{"damage":95,"enemies":"downfall:Ironclad","floor":50,"turns":8}],"seed_played":"-2431450528224167874","potions_obtained":[{"floor":2.0,"key":"ColorlessPotion"},{"floor":9.0,"key":"FairyPotion"},{"floor":10.0,"key":"ColorlessPotion"},{"floor":13.0,"key":"Ancient Potion"},{"floor":16.0,"key":"Swift Potion"},{"floor":20.0,"key":"Slimebound:SpawnSlimePotion"},{"floor":20.0,"key":"DuplicationPotion"},{"floor":31,"key":"Slimebound:ThreeZeroPotion"},{"floor":38,"key":"Explosive Potion"},{"floor":42,"key":"Slimebound:SpawnSlimePotion"},{"floor":46,"key":"SteroidPotion"},{"floor":48,"key":"Explosive Potion"}],"is_trial":false,"path_per_floor":["R","M","?","M","?","M","T","?","E","M","?","M","M","?","M","B",null,"R","?","?","M","M","M","T","M","E","R","$","R","?","M","M","B",null,"R","M","$","M","?","?","T","E","R","M","?","M","M","M","M","B",null],"character_chosen":"SLIMEBOUND","items_purchased":["Akabeko","Vajra"],"campfire_rested":1,"item_purchase_floors":[37,37],"current_hp_per_floor":[66,63,68,66,66,69,69,69,60,66,66,58,54,45,51,29,71,71,57,57,58,61,56,56,61,23,59,64,71,71,53,52,39,71,71,62,69,45,45,45,45,53,84,86,86,48,47,42,39,34],"gold":29,"neow_bonus":"TEN_PERCENT_HP_BONUS","is_daily":false,"chose_seed":false,"campfire_upgraded":4,"win_rate":0.0,"timestamp":1609874238,"path_taken":["R","M","?","M","?","?","T","?","E","M","?","M","M","?","M","BOSS","R","?","?","?","M","M","T","M","E","R","$","R","?","M","M","BOSS","R","M","$","M","?","?","T","E","R","M","?","M","M","M","M","BOSS"],"items_purchased_type":["Relic","Relic"],"build_version":"2020-12-18","purchased_purges":0,"victory":true,"max_hp_per_floor":[66,66,71,71,71,71,71,71,71,71,71,71,71,71,71,71,71,71,71,71,71,71,71,71,71,71,71,71,71,71,71,71,71,71,71,71,71,71,71,71,71,78,88,88,88,88,88,88,88,88],"card_choices":[{"not_picked":["Slimebound:ProtectTheBoss","Slimebound:ViciousTackle"],"picked":"Slimebound:SplitBruiser","floor":2.0},{"not_picked":["Slimebound:SlimeSpikes","Slimebound:SplitLeeching"],"picked":"Slimebound:RollThrough","floor":4.0},{"not_picked":["Slimebound:BestDefense","Slimebound:Schlurp"],"picked":"Slimebound:SplitLeeching","floor":6.0},{"not_picked":["Slimebound:LeechingTouch","Slimebound:LeadByExample"],"picked":"Slimebound:Repurpose","floor":9.0},{"not_picked":["Slimebound:PressTheAttack","Slimebound:SplitMire"],"picked":"Slimebound:Nibble","floor":10.0},{"not_picked":["Slimebound:FlameTackle","Slimebound:GrowthPunch"],"picked":"Slimebound:SplitBruiser","floor":12.0},{"not_picked":["Slimebound:SamplingLick","Slimebound:AcidTongue"],"picked":"Slimebound:SplitMire","floor":13.0},{"not_picked":["Slimebound:ComboTackle","Slimebound:SlimeSpikes"],"picked":"Slimebound:RollThrough","floor":14.0},{"not_picked":["Slimebound:GoopSpray","Slimebound:SamplingLick"],"picked":"Slimebound:Nibble","floor":15.0},{"not_picked":["Slimebound:MassRepurpose","Slimebound:DouseInSlime"],"picked":"Slimebound:WasteNot","floor":16.0},{"not_picked":[],"picked":"J.A.X.","floor":19.0},{"not_picked":["Slimebound:ViciousTackle","Slimebound:ComboTackle"],"picked":"Slimebound:SamplingLick","floor":19.0},{"not_picked":["Slimebound:MassRepurpose","Slimebound:RollThrough"],"picked":"Slimebound:LeechEnergy","floor":21.0},{"not_picked":["Slimebound:LeechEnergy+1","Slimebound:SplitBruiser"],"picked":"Slimebound:SplitMire+1","floor":22.0},{"not_picked":["Slimebound:ComboTackle","Slimebound:PressTheAttack"],"picked":"Slimebound:RollThrough+1","floor":23.0},{"not_picked":["Slimebound:FlameTackle","Slimebound:LeechingTouch","Slimebound:LeechEnergy"],"picked":"SKIP","floor":25.0},{"not_picked":["Slimebound:Dissolve","Slimebound:SlimeSpikes"],"picked":"Slimebound:LeadByExample","floor":26.0},{"not_picked":["Slimebound:HauntingLick","Slimebound:MassFeed","Slimebound:SlimeSpikes"],"picked":"SKIP","floor":28.0},{"not_picked":["Slimebound:SamplingLick+1","Slimebound:LeechingTouch"],"picked":"Slimebound:SplitMire","floor":30.0},{"not_picked":["Slimebound:GrowthPunch+1","Slimebound:LeechEnergy"],"picked":"Slimebound:SpikyOuterGoop","floor":31},{"not_picked":["Slimebound:RollThrough","Slimebound:Gluttony"],"picked":"Slimebound:SplitAcid","floor":31},{"not_picked":["Slimebound:SamplingLick","Slimebound:LivingWall+1"],"picked":"Slimebound:SplitBruiser","floor":32},{"not_picked":["Slimebound:SplitAcid","Slimebound:RollThrough"],"picked":"Slimebound:SplitMire+1","floor":32},{"not_picked":["Slimebound:SlimeSlap","Slimebound:RallyTheTroops"],"picked":"Slimebound:WasteNot","floor":33},{"not_picked":["Slimebound:BestDefense","Slimebound:LeechingTouch"],"picked":"Slimebound:MegaLick+1","floor":36},{"not_picked":["Slimebound:Dissolve+1","Slimebound:SlimeSpikes+1"],"picked":"Slimebound:Nibble","floor":36},{"not_picked":["Slimebound:Schlurp+1","Slimebound:ViciousTackle"],"picked":"Slimebound:SplitLeeching+1","floor":37},{"not_picked":["Slimebound:SamplingLick","Slimebound:GoopTackle"],"picked":"Slimebound:SplitAcid+1","floor":38},{"not_picked":["Slimebound:GrowthPunch","Slimebound:Grow"],"picked":"Slimebound:RainOfGoop+1","floor":38},{"not_picked":["Slimebound:Grow+1","Slimebound:Schlurp"],"picked":"Slimebound:SamplingLick+1","floor":40},{"not_picked":["Slimebound:DouseInSlime","Slimebound:SlimeSpikes"],"picked":"Slimebound:SplitLeeching","floor":42},{"not_picked":["Slimebound:PressTheAttack","Slimebound:LivingWall"],"picked":"Slimebound:SplitLeeching","floor":44},{"not_picked":["Slimebound:SlimeBarrage","Slimebound:LeechingTouch"],"picked":"Slimebound:MegaLick","floor":44},{"not_picked":["Slimebound:ComboTackle+1","Slimebound:LeechEnergy+1"],"picked":"Slimebound:SplitMire+1","floor":46},{"not_picked":["Slimebound:DisruptingSlam+1","Slimebound:GrowthPunch"],"picked":"Slimebound:SplitAcid","floor":46},{"not_picked":["Slimebound:AcidTongue","Slimebound:SlimeBarrage"],"picked":"Slimebound:LeechEnergy","floor":47},{"not_picked":["Slimebound:ItLooksTasty+1","Slimebound:SlimeSpikes+1"],"picked":"Slimebound:TongueLash","floor":47},{"not_picked":["Slimebound:SamplingLick","Slimebound:Schlurp+1"],"picked":"Slimebound:MassRepurpose","floor":48},{"not_picked":["Slimebound:ForwardTackle+1","Slimebound:LeechingTouch+1","Slimebound:PressTheAttack+1"],"picked":"SKIP","floor":48},{"not_picked":["Slimebound:DisruptingSlam","Slimebound:RollThrough"],"picked":"Slimebound:SplitAcid+1","floor":49},{"not_picked":["Slimebound:FlameTackle","Slimebound:SlimeTap+1"],"picked":"Slimebound:SpikyOuterGoop+1","floor":49}],"player_experience":532953,"relics_obtained":[{"floor":7.0,"key":"Ornamental Fan"},{"floor":9.0,"key":"Eternal Feather"},{"floor":14.0,"key":"HornCleat"},{"floor":19.0,"key":"MutagenicStrength"},{"floor":24.0,"key":"conspire:BottledYoYo"},{"floor":26.0,"key":"Shuriken"},{"floor":30.0,"key":"Prayer Wheel"},{"floor":30.0,"key":"beaked:ShinyBauble"},{"floor":42,"key":"Strawberry"}],"event_choices":[{"damage_healed":0.0,"max_hp_gain":5.0,"max_hp_loss":0.0,"gold_gain":0.0,"event_name":"Big Fish","player_choice":"Donut","floor":3.0,"gold_loss":0.0,"damage_taken":0.0},{"damage_healed":0.0,"max_hp_gain":0.0,"max_hp_loss":0.0,"gold_gain":0.0,"event_name":"NoteForYourself","player_choice":"Ignored","floor":5.0,"gold_loss":0.0,"damage_taken":0.0},{"damage_healed":0.0,"max_hp_gain":0.0,"max_hp_loss":0.0,"gold_gain":0.0,"event_name":"Lab","player_choice":"Got Potions","floor":20.0,"gold_loss":0.0,"damage_taken":0.0},{"damage_healed":0,"gold_gain":0,"player_choice":"Leave","damage_taken":0,"max_hp_gain":0,"max_hp_loss":0,"event_name":"conspire:Investor","floor":45,"gold_loss":0}],"is_beta":true,"boss_relics":[{"not_picked":["beaked:MawFillet","Velvet Choker"],"picked":"downfall:Hecktoplasm"},{"not_picked":["Pandora\u0027s Box","Snecko Eye"],"picked":"conspire:SlowCooker"}],"items_purged_floors":[],"is_endless":false,"potions_floor_spawned":[2,9,10,13,16,22,25,31,32,38,42,44,46,48],"ascension_level":0}}