{"host":"uflv0e3ja7hvnij7","time":1609805351,"event":{"mods":["Aspiration","BaseMod","Better Altar","Better Match","Better Note","Better Sensory Stone","Better Skull","Better Third Choice","Conspire","Hubris","Infinite Spire","Minty Spire (QoL Compilation)","Permanent Neow","Replay The Spire","Shop Mod","StSLib"],"gold_per_floor":[111,59,70,70,86,120,120,11,87,114,114,127,160,170,170,268,268,278,292,292,312,412,442,442,517,571,584,433,433,447,447],"floor_reached":30,"playtime":1370,"items_purged":["Strike_P","Strike_P","ReachHeaven"],"score":456,"play_id":"36b90338-b942-4ce7-b1d4-613a3ebff949","local_time":"20210104190911","is_ascension_mode":true,"campfire_choices":[{"data":"Eruption","floor":7,"key":"SMITH"},{"data":"Vigilance","floor":11,"key":"SMITH"},{"data":"Bludgeon","floor":15,"key":"SMITH"},{"data":"Study","floor":24,"key":"SMITH"},{"data":"SpiritShield","floor":29,"key":"SMITH"}],"circlet_count":0,"master_deck":["Strike_P","Defend_P","Defend_P","Defend_P","Defend_P","Eruption+1","Vigilance+1","FlurryOfBlows","FlurryOfBlows","DeusExMachina","FlurryOfBlows","SandsOfTime","FlurryOfBlows+1","Study+1","Bludgeon+1","SpiritShield+1","CarveReality","ThirdEye+1","Replay:Hum+1"],"relics":["PureWater","aspiration:Nostalgia","Replay:M_SmolderingBlood","Torii","aspiration:SeaSaltIceCream","aspiration:Nostalgia","infinitespire:DarkRift","conspire:DeflatedDodgeball","Juzu Bracelet","conspire:RunicOctahedron","hubris:TenFootPole","Black Star","Replay:Baseball","hubris:MysteriousPyramids","aspiration:TomeofQuesting"],"acts_visited":["Exordium","TheCity"],"potions_floor_usage":[5,19,23],"damage_taken":[{"damage":0,"enemies":"2 Louse","floor":1,"turns":2},{"damage":0,"enemies":"Small Slimes","floor":3,"turns":2},{"damage":0,"enemies":"Jaw Worm","floor":5,"turns":2},{"damage":20,"enemies":"Lagavulin","floor":6,"turns":5},{"damage":3,"enemies":"3 Sentries","floor":10,"turns":6},{"damage":12,"enemies":"Large Slime","floor":12,"turns":4},{"damage":0,"enemies":"Gremlin Nob","floor":13,"turns":2},{"damage":0,"enemies":"Red Slaver","floor":14,"turns":1},{"damage":0,"enemies":"Slime Boss","floor":16,"turns":3},{"damage":0,"enemies":"Spheric Guardian","floor":18,"turns":2},{"damage":12,"enemies":"2 Thieves","floor":19,"turns":2},{"damage":0,"enemies":"Centurion and Healer","floor":21,"turns":2},{"damage":6,"enemies":"Nightmare","floor":23,"turns":4},{"damage":0,"enemies":"Shelled Parasite and Fungi","floor":27,"turns":2},{"damage":0,"enemies":"3 Cultists","floor":30,"turns":3}],"seed_played":"-6109365807579075030","potions_obtained":[{"floor":3,"key":"BottledMiracle"},{"floor":5,"key":"Fruit Juice"},{"floor":10,"key":"Regen Potion"},{"floor":14,"key":"BottledMiracle"},{"floor":27,"key":"SpeedPotion"}],"is_trial":false,"path_per_floor":["M","$","M","?","M","E","R","$","T","E","R","M","E","M","R","B",null,"M","M","AVR","M","?","NM","R","?","T","M","$","R","M"],"character_chosen":"WATCHER","items_purchased":["FlurryOfBlows","FlurryOfBlows+1","Replay:Hum+1"],"campfire_rested":0,"item_purchase_floors":[2,8,28],"current_hp_per_floor":[72,72,72,72,77,57,57,57,57,54,54,42,42,42,42,42,68,68,56,56,56,56,50,50,47,47,47,47,47,47,47],"gold":447,"neow_bonus":"NOSTALGIA","is_daily":false,"chose_seed":false,"campfire_upgraded":5,"win_rate":0.0,"timestamp":1609805351,"path_taken":["M","$","M","?","M","E","R","$","T","E","R","M","E","M","R","BOSS","M","M","AVR","M","?","NM","R","?","T","M","$","R","M"],"items_purchased_type":["Card","Card","Card"],"build_version":"2020-12-22","purchased_purges":3,"victory":false,"max_hp_per_floor":[72,72,72,72,77,77,77,77,77,77,77,77,77,77,77,77,77,77,77,77,77,77,77,77,77,77,77,77,77,77,77],"card_choices":[{"not_picked":["ClearTheMind","Crescendo"],"picked":"FlurryOfBlows","floor":1},{"not_picked":["ThirdEye","CrushJoints"],"picked":"DeusExMachina","floor":3},{"not_picked":["Protect","Carnage"],"picked":"FlurryOfBlows","floor":5},{"not_picked":["SashWhip","Replay:DivineShield"],"picked":"SandsOfTime","floor":6},{"not_picked":["Nirvana","SandsOfTime"],"picked":"ReachHeaven","floor":10},{"not_picked":["FlyingSleeves","ForeignInfluence"],"picked":"Study","floor":12},{"not_picked":["Evaluate","EmptyFist"],"picked":"Bludgeon","floor":13},{"not_picked":["CrushJoints","EmptyMind","Replay:AtTheReady"],"picked":"SKIP","floor":14},{"not_picked":["Devotion","Replay:AllIn"],"picked":"SpiritShield","floor":16},{"not_picked":["Halt","CrushJoints+1"],"picked":"CarveReality","floor":18},{"not_picked":["FollowUp","Protect"],"picked":"ThirdEye+1","floor":19},{"not_picked":["Replay:DivineShield","Weave","FollowUp"],"picked":"SKIP","floor":21},{"not_picked":["Replay:Battleflow","Replay:BluntJabs","SandsOfTime+1"],"picked":"SKIP","floor":23},{"not_picked":["Fasting2","ThirdEye","Brilliance"],"picked":"SKIP","floor":27}],"player_experience":485346,"relics_obtained":[{"floor":6,"key":"Torii"},{"floor":9,"key":"aspiration:SeaSaltIceCream"},{"floor":10,"key":"conspire:DeflatedDodgeball"},{"floor":13,"key":"Juzu Bracelet"},{"floor":23,"key":"Replay:Baseball"},{"floor":23,"key":"hubris:MysteriousPyramids"},{"floor":26,"key":"aspiration:TomeofQuesting"}],"event_choices":[{"cards_removed":["Strike_P"],"damage_healed":0,"gold_gain":0,"player_choice":"Forget","damage_taken":0,"max_hp_gain":0,"max_hp_loss":0,"event_name":"Living Wall","floor":4,"gold_loss":0},{"damage_healed":0,"gold_gain":100,"player_choice":"Pray","damage_taken":0,"max_hp_gain":0,"max_hp_loss":0,"event_name":"Golden Shrine","floor":22,"gold_loss":0},{"damage_healed":0,"gold_gain":75,"player_choice":"Touch","damage_taken":7,"max_hp_gain":0,"max_hp_loss":0,"event_name":"FaceTrader","floor":25,"gold_loss":0}],"is_beta":false,"boss_relics":[{"not_picked":["Abe\u0027s Treasure","Tiny House"],"picked":"conspire:RunicOctahedron"}],"items_purged_floors":[8,20,28],"is_endless":true,"potions_floor_spawned":[3,5,10,14,16,18,27],"killed_by":"3 Cultists","ascension_level":5}}