{"host":"202rh853cfmsp27s","time":1609836121,"event":{"mods":["2.2 Compatiblity","AchievementEnabler","BaseMod","Bestiary","Better Altar","Better Match","Better Note","Better Sensory Stone","Better Skull","Better Third Choice","Better Vampires","BetterRewards","Colored Map","Colored Powertips","Curses Come First","DeckTracker","Displayed Cursed Tome","Downfall","Evolution","GifTheSpireLib","Gold Saver","Googly Eyes","Gremlin Mod","Hermit","Highlight Path","Infinite Spire","Minty Spire (QoL Compilation)","Permanent Neow","Random Character Button","Rare Cards Sparkle","Relic Stats","Replay The Spire","Robot Space Explorer","Shade Mod","Spicy Shops","StSLib","The Animator","The Bug Knight","The Caster","The Wild Card","Transform Curses","Unceasing Turn Reminder","??????REMEMod"],"gold_per_floor":[112,132,151,151,151,169,169,187,221,241,241,42,42,57,104,207,207,57,81,97,97,7,7,59,91,91,120,131,16,16,31,47,147,147,147,166,166,166,180,180,180,211,233,291,291,636,561,591,630,640,640,694,159,159,193],"floor_reached":56,"playtime":4236,"items_purged":["Slimebound:Strike_Slimebound","ReplayTheSpireMod:Splinters"],"score":1315,"play_id":"d0ba4637-2f14-4cd2-bed0-3ebd335990b6","local_time":"20210105014201","is_ascension_mode":true,"campfire_choices":[{"floor":1.0,"key":"RECALL"},{"data":"Slimebound:SlimeBarrage","floor":13.0,"key":"SMITH"},{"data":"Slimebound:WasteNot","floor":18.0,"key":"SMITH"},{"data":"Slimebound:SplitAcid","floor":23.0,"key":"SMITH"},{"data":"Slimebound:LeadByExample","floor":26.0,"key":"SMITH"},{"data":"Slimebound:DuplicatedForm","floor":35.0,"key":"SMITH"},{"data":"Slimebound:ForwardTackle","floor":40.0,"key":"SMITH"},{"data":"Thinking Ahead","floor":47,"key":"SMITH"},{"data":"expansioncontent:CaCaw","floor":54,"key":"SMITH"}],"circlet_count":0,"master_deck":["Slimebound:Tackle","Slimebound:Defend_Slimebound+1","Slimebound:Defend_Slimebound+1","Slimebound:Defend_Slimebound","Slimebound:Defend_Slimebound","Slimebound:Split","Finesse+1","Thinking Ahead+1","Slimebound:PressTheAttack","Slimebound:PressTheAttack","Slimebound:SamplingLick","Slimebound:ForwardTackle+1","Slimebound:SplitAcid+1","Slimebound:SplitMire","Slimebound:SlimeBarrage+1","Slimebound:Prepare","Slimebound:ServeAndProtect","Slimebound:WasteNot+1","Slimebound:Nibble","Slimebound:SplitLeeching+1","Necronomicurse","Slimebound:SplitBruiser+1","Slimebound:LeadByExample+1","Slimebound:SlimeSpikes","infinitespire:Fortify","Slimebound:SplitAcid","Slimebound:SlimeSpikes","Slimebound:DuplicatedForm+1","ReplayTheSpireMod:??????????????????????+1","Slimebound:SamplingLick+1","Slimebound:ForwardTackle","Slimebound:Prepare","expansioncontent:CaCaw+1"],"relics":["Slimebound:AbsorbEndCombat","EVO:Axolotl","REME_ComplimentaryCards","Sundial","Snack Pack","Slimebound:SelfDamagePreventRelic","Runic Pyramid","downfall:HeartBlessingRed","downfall:HeartBlessingGreen","Thread and Needle","Necronomicon","War Paint","Peace Pipe","Pen Nib","Bird Faced Urn","Ring of Chaos","ChewingGum","infinitespire:Midas Blood","infinitespire:CursedDice","PreservedInsect","downfall:HeartBlessingBlue","infinitespire:Bottled Soul","ReplayFunnel","Bronze Scales"],"acts_visited":["Exordium","TheCity","TheBeyond","TheEnding"],"potions_floor_usage":[55,55,55],"damage_taken":[{"damage":4.0,"enemies":"2 Louse","floor":2.0,"turns":3.0},{"damage":10.0,"enemies":"Jaw Worm","floor":3.0,"turns":3.0},{"damage":7.0,"enemies":"Cultist","floor":6.0,"turns":3.0},{"damage":6.0,"enemies":"Blue Slaver","floor":8.0,"turns":3.0},{"damage":19.0,"enemies":"Lagavulin","floor":9.0,"turns":7.0},{"damage":22.0,"enemies":"Exordium Thugs","floor":10.0,"turns":3.0},{"damage":13.0,"enemies":"downfall:FleeingMerchant","floor":12.0,"turns":4.0},{"damage":14.0,"enemies":"3 Louse","floor":14.0,"turns":2.0},{"damage":17.0,"enemies":"Exordium Wildlife","floor":15.0,"turns":2.0},{"damage":66.0,"enemies":"downfall:Silent","floor":16.0,"turns":7.0},{"damage":14.0,"enemies":"3 Byrds","floor":20.0,"turns":3.0},{"damage":23.0,"enemies":"downfall:FleeingMerchant","floor":22.0,"turns":4.0},{"damage":29.0,"enemies":"REME_1_Revenger","floor":25.0,"turns":4.0},{"damage":23.0,"enemies":"Replay:Snechameleon","floor":27.0,"turns":5.0},{"damage":12.0,"enemies":"Spheric Guardian","floor":28.0,"turns":3.0},{"damage":23.0,"enemies":"downfall:FleeingMerchant","floor":29.0,"turns":4.0},{"damage":9.0,"enemies":"3 Cultists","floor":31.0,"turns":4.0},{"damage":8.0,"enemies":"Chosen and Byrds","floor":32.0,"turns":3.0},{"damage":20.0,"enemies":"downfall:Ironclad","floor":33.0,"turns":8.0},{"damage":32.0,"enemies":"Orb Walker","floor":36.0,"turns":4.0},{"damage":8.0,"enemies":"3 Shapes","floor":39.0,"turns":3.0},{"damage":53.0,"enemies":"R_Hoarder","floor":42.0,"turns":6.0},{"damage":18.0,"enemies":"Sphere and 2 Shapes","floor":43.0,"turns":3.0},{"damage":27.0,"enemies":"Mind Bloom Boss Battle","floor":44.0,"turns":4.0},{"damage":0.0,"enemies":"downfall:FleeingMerchant","floor":46.0,"turns":1.0},{"damage":29,"enemies":"Jaw Worm Horde","floor":48,"turns":3},{"damage":56,"enemies":"Writhing Mass","floor":49,"turns":4},{"damage":31,"enemies":"downfall:Defect","floor":50,"turns":6},{"damage":111,"enemies":"downfall:CharBossMerchant","floor":52,"turns":9},{"damage":103,"enemies":"downfall:NeowBoss","floor":55,"turns":19}],"seed_played":"-674087306344605297","potions_obtained":[{"floor":3.0,"key":"AttackPotion"},{"floor":6.0,"key":"Explosive Potion"},{"floor":14.0,"key":"REME_GoldPotion"},{"floor":15.0,"key":"LifebloodPotion"},{"floor":16.0,"key":"PowerPotion"},{"floor":25.0,"key":"Ancient Potion"},{"floor":31.0,"key":"Slimebound:SlimyTonguePotion"}],"is_trial":false,"path_per_floor":["R","M","M","?","?","M","T","M","E","M","?","$","R","M","M","B",null,"R","?","M","?","$","R","T","E","R","E","M","$","AVR","M","M","B",null,"R","M","?","?","M","R","T","E","M","?","?","$","R","M","M","B",null,"E","$","R","B",null],"character_chosen":"SLIMEBOUND","items_purchased":["Slimebound:SlimeBarrage","Slimebound:SelfDamagePreventRelic","ReplayFunnel","expansioncontent:CaCaw","Bronze Scales","CultistPotion"],"campfire_rested":0,"item_purchase_floors":[12,12,53,53,53,53],"current_hp_per_floor":[60,60,58,58,58,60,60,60,60,54,54,60,60,60,60,40,60,60,60,60,44,55,55,55,39,39,36,38,39,39,42,50,58,60,60,60,45,45,49,49,49,52,46,60,60,60,70,67,66,70,70,56,56,56,69],"gold":193,"neow_bonus":"RANDOM_COLORLESS","is_daily":false,"chose_seed":false,"campfire_upgraded":8,"win_rate":0.0,"timestamp":1609836121,"path_taken":["R","M","M","?","?","M","T","?","E","M","?","?","R","M","M","BOSS","R","?","M","?","$","R","T","E","R","E","M","?","AVR","M","M","BOSS","R","M","?","?","?","R","T","E","M","?","?","?","R","?","M","BOSS","E","$","R","BOSS"],"items_purchased_type":["Card","Relic","Relic","Card","Relic","Potion"],"build_version":"2020-12-22","purchased_purges":2,"victory":true,"max_hp_per_floor":[60,60,60,60,60,60,60,60,60,60,60,60,60,60,60,60,60,60,60,60,60,60,60,60,60,60,60,60,60,60,60,60,60,60,60,60,60,60,60,60,60,60,60,60,60,60,70,70,70,70,70,70,70,70,70],"relic_stats":{"Peace Pipe":0,"counters":[30,135],"Sundial":[10],"Bird Faced Urn":[26],"Bronze Scales":[57],"Pen Nib":[13],"PreservedInsect":100,"Necronomicon":[45],"War Paint":["Slimebound:Defend_Slimebound","Slimebound:Defend_Slimebound"],"obtain_stats":[{"ReplayFunnel":53,"Slimebound:SelfDamagePreventRelic":12,"downfall:HeartBlessingRed":18,"infinitespire:CursedDice":44,"downfall:HeartBlessingGreen":18,"Thread and Needle":19,"Pen Nib":27,"Ring of Chaos":30,"PreservedInsect":46,"EVO:Axolotl":0,"War Paint":24,"Peace Pipe":25,"Sundial":7,"downfall:HeartBlessingBlue":47,"infinitespire:Bottled Soul":52,"Bird Faced Urn":30,"Bronze Scales":53,"ChewingGum":34,"Slimebound:AbsorbEndCombat":0,"Snack Pack":9,"Necronomicon":21,"REME_ComplimentaryCards":0,"Runic Pyramid":17,"infinitespire:Midas Blood":42},{"ReplayFunnel":29,"Slimebound:SelfDamagePreventRelic":7,"downfall:HeartBlessingRed":10,"infinitespire:CursedDice":24,"downfall:HeartBlessingGreen":10,"Thread and Needle":10,"Pen Nib":14,"Ring of Chaos":16,"PreservedInsect":25,"EVO:Axolotl":0,"War Paint":12,"Peace Pipe":13,"Sundial":3,"downfall:HeartBlessingBlue":25,"infinitespire:Bottled Soul":29,"Bird Faced Urn":16,"Bronze Scales":29,"ChewingGum":19,"Slimebound:AbsorbEndCombat":0,"Snack Pack":5,"Necronomicon":11,"REME_ComplimentaryCards":0,"Runic Pyramid":10,"infinitespire:Midas Blood":22},{"ReplayFunnel":116,"Slimebound:SelfDamagePreventRelic":26,"downfall:HeartBlessingRed":37,"infinitespire:CursedDice":93,"downfall:HeartBlessingGreen":37,"Thread and Needle":37,"Pen Nib":51,"Ring of Chaos":58,"PreservedInsect":94,"EVO:Axolotl":0,"War Paint":43,"Peace Pipe":46,"Sundial":9,"downfall:HeartBlessingBlue":94,"infinitespire:Bottled Soul":116,"Bird Faced Urn":58,"Bronze Scales":116,"ChewingGum":73,"Slimebound:AbsorbEndCombat":0,"Snack Pack":19,"Necronomicon":39,"REME_ComplimentaryCards":0,"Runic Pyramid":37,"infinitespire:Midas Blood":86}]},"card_choices":[{"not_picked":["expansioncontent:SuperHexaguard","Impatience"],"picked":"Finesse","floor":0.0},{"not_picked":["Slimebound:LivingWall","Slimebound:GoopTackle"],"picked":"Slimebound:PressTheAttack","floor":2.0},{"not_picked":["Slimebound:ViciousTackle","Slimebound:MegaLick"],"picked":"Slimebound:PressTheAttack","floor":3.0},{"not_picked":["Slimebound:Prepare","Slimebound:ComboTackle"],"picked":"Slimebound:SamplingLick","floor":6.0},{"not_picked":["Slimebound:MegaLick","Slimebound:GrowthPunch"],"picked":"Slimebound:ForwardTackle","floor":8.0},{"not_picked":["Slimebound:PressTheAttack","Slimebound:SlimeTap"],"picked":"Slimebound:SplitAcid","floor":9.0},{"not_picked":["Slimebound:GoopSpray","Slimebound:ComboTackle"],"picked":"Slimebound:SplitMire","floor":10.0},{"not_picked":["Slimebound:PressTheAttack","Slimebound:DisruptingSlam","Slimebound:ViciousTackle"],"picked":"SKIP","floor":12.0},{"not_picked":["Slimebound:LeechEnergy","Slimebound:GrowthPunch"],"picked":"Slimebound:Prepare","floor":14.0},{"not_picked":["Slimebound:ViciousTackle","Slimebound:SlimeSpikes"],"picked":"Slimebound:ServeAndProtect","floor":15.0},{"not_picked":["Slimebound:LeechLife","Slimebound:SlimeSlap"],"picked":"Slimebound:WasteNot","floor":16.0},{"not_picked":["Slimebound:Grow+1","Slimebound:SamplingLick+1"],"picked":"Slimebound:Nibble","floor":19.0},{"not_picked":["Slimebound:DivideAndConquer","Slimebound:LeechingTouch"],"picked":"Slimebound:SplitLeeching+1","floor":20.0},{"not_picked":["Slimebound:Schlurp","Slimebound:BestDefense"],"picked":"Slimebound:SplitBruiser+1","floor":22.0},{"not_picked":["Slimebound:SplitAcid","Slimebound:LeechingTouch"],"picked":"Slimebound:LeadByExample","floor":25.0},{"not_picked":["Slimebound:GrowthPunch","Slimebound:DivideAndConquer+1","Slimebound:LivingWall"],"picked":"SKIP","floor":27.0},{"not_picked":["Slimebound:SplitMire","Slimebound:DivideAndConquer+1"],"picked":"Slimebound:SlimeSpikes","floor":28.0},{"not_picked":["Slimebound:GoopSpray","Slimebound:SplitAcid","Slimebound:SplitMire"],"picked":"SKIP","floor":29.0},{"not_picked":["Slimebound:RollThrough","Slimebound:GrowthPunch"],"picked":"Slimebound:SplitAcid","floor":31.0},{"not_picked":["Slimebound:Grow","Slimebound:FinishingTackle+1"],"picked":"Slimebound:SlimeSpikes","floor":32.0},{"not_picked":["Slimebound:Overexert","Slimebound:LeechLife"],"picked":"Slimebound:DuplicatedForm","floor":33.0},{"not_picked":["Slimebound:PressTheAttack","Slimebound:GoopTackle","Slimebound:SplitBruiser"],"picked":"SKIP","floor":36.0},{"not_picked":["ReplayTheSpireMod:Book of Names","ReplayTheSpireMod:Black Plague"],"picked":"ReplayTheSpireMod:??????????????????????","floor":37.0},{"not_picked":["Slimebound:SplitLeeching+1","Slimebound:GrowthPunch","Slimebound:ViciousTackle"],"picked":"SKIP","floor":39.0},{"not_picked":["Slimebound:SlimeSpikes+1","Slimebound:LeechLife","Slimebound:FinishingTackle"],"picked":"SKIP","floor":42.0},{"not_picked":["Slimebound:Nibble","Slimebound:SamplingLick","Slimebound:RollThrough+1"],"picked":"SKIP","floor":43.0},{"not_picked":["Slimebound:LeechEnergy","Slimebound:Chomp+1"],"picked":"Slimebound:SamplingLick+1","floor":44.0},{"not_picked":["Slimebound:ServeAndProtect+1","Slimebound:FlameTackle+1","Slimebound:LeechingTouch+1"],"picked":"SKIP","floor":48},{"not_picked":["Slimebound:LeechingTouch","Slimebound:SamplingLick+1"],"picked":"Slimebound:ForwardTackle","floor":49},{"not_picked":["Slimebound:ViciousTackle","Slimebound:ServeAndProtect+1"],"picked":"Slimebound:Prepare","floor":52}],"player_experience":200064,"relics_obtained":[{"floor":7.0,"key":"Sundial"},{"floor":9.0,"key":"Snack Pack"},{"floor":19.0,"key":"Thread and Needle"},{"floor":21.0,"key":"Necronomicon"},{"floor":24.0,"key":"War Paint"},{"floor":25.0,"key":"Peace Pipe"},{"floor":27.0,"key":"Pen Nib"},{"floor":42.0,"key":"infinitespire:Midas Blood"},{"floor":44.0,"key":"infinitespire:CursedDice"},{"floor":46,"key":"PreservedInsect"},{"floor":52,"key":"infinitespire:Bottled Soul"}],"event_choices":[{"cards_removed":["Slimebound:Strike_Slimebound"],"damage_healed":0.0,"max_hp_gain":0.0,"max_hp_loss":0.0,"gold_gain":0.0,"event_name":"Purifier","player_choice":"Purged","floor":5.0,"gold_loss":0.0,"damage_taken":0.0},{"damage_healed":0.0,"max_hp_gain":0.0,"max_hp_loss":0.0,"gold_gain":0.0,"event_name":"Upgrade Shrine","player_choice":"Upgraded","floor":38.0,"gold_loss":0.0,"damage_taken":0.0,"cards_upgraded":["ReplayTheSpireMod:??????????????????????"]},{"cards_removed":["Slimebound:CorrosiveSpit"],"damage_healed":0.0,"max_hp_gain":0.0,"max_hp_loss":0.0,"gold_gain":0.0,"event_name":"Falling","player_choice":"Removed Skill","floor":45.0,"gold_loss":0.0,"damage_taken":0.0}],"is_beta":false,"boss_relics":[{"not_picked":["Velvet Choker","REME_LowDesire"],"picked":"Runic Pyramid"},{"not_picked":["Replay:Bronze Core","SacredBark"],"picked":"ChewingGum"}],"items_purged_floors":[22,29],"is_endless":false,"potions_floor_spawned":[3,6,14,15,16,25,31,32,42,49],"ascension_level":1}}