{"host":"yecadp3kwkksam5a","time":1609869579,"event":{"mods":["BaseMod","Minty Spire (QoL Compilation)","Replay The Spire","StSLib","The Jungle"],"gold_per_floor":[433,471,514,550,600,624,676,700,800,749,808,848,899,938,962,1065,1089,1130,1154,1191,1215,1239,1298,1322,1365,1389,1443,1487,1531,1555,1604,1628,1733,1807,1850,1874,508,518,535,569,569,585,612,645,547,564,596,613,613,613,613,613,613,104,136,136],"floor_reached":57,"playtime":1377,"items_purged":[],"score":3398,"play_id":"68e68168-3981-4feb-9b42-2f4020f04660","local_time":"20210106025939","is_ascension_mode":true,"campfire_choices":[{"floor":6.0,"key":"RECALL"},{"data":"Acrobatics","floor":8.0,"key":"SMITH"},{"data":"Tactician+1","floor":15.0,"key":"PURGE"},{"data":"Panache+1","floor":24,"key":"PURGE"},{"data":"Footwork+1","floor":32,"key":"PURGE"},{"floor":41,"key":"REST"},{"data":"Blur+1","floor":49,"key":"PURGE"},{"data":"Prepared+1","floor":53,"key":"PURGE"}],"circlet_count":0,"master_deck":["Calculated Gamble+1","Acrobatics+1","Reflex+1","Grand Finale+1","Grand Finale+1"],"relics":["Ring of the Snake","Torii","Vajra","MawBank","Lantern","Pen Nib","Shuriken","SlaversCollar","Nilry\u0027s Codex","Regal Pillow","Turnip","Peace Pipe","Meat on the Bone","Old Coin","Art of War","Sozu","Prayer Wheel","Ancient Tea Set","Whetstone","Bronze Scales","Pantograph","Potion Belt","Sundial","Ancient Tea Set","Runic Pyramid","Ornamental Fan","Red Mask","Singing Bowl","Snake Skull","Centennial Puzzle","Pantograph","White Beast Statue","Black Star","TheAbacus","Tough Bandages","MawBank","Smiling Mask","Whetstone","Toy Ornithopter","Bag of Marbles","Molten Egg 2","Boot","Orichalcum","Whetstone","Shuriken","The Courier","Pocketwatch","Counterbalance","Boot","Vampiric Spirits","SlaversCollar","theJungle:BirthdayCakeSlice","CeramicFish","ReplayTheSpireMod:Ninjato","Meat on the Bone","Regal Pillow","Pondfish Scales","Thread and Needle","Potion Belt","Tiny House","Replay:Rubber Ducky","Replay:Baseball","Pen Nib","Replay:Bottled Steam","Blue Candle","Incense Burner","Orichalcum","Happy Flower","Oddly Smooth Stone","Ancient Tea Set","Blood Vial","Replay:Accelerometer","Lantern","Toy Ornithopter","Darkstone Periapt","Replay:Towering Pillar of Hats","Centennial Puzzle","Gremlin Food","Bronze Scales","TungstenRod"],"acts_visited":["Exordium","theJungle:Jungle","TheBeyond","TheEnding"],"potions_floor_usage":[],"damage_taken":[{"damage":0.0,"enemies":"Cultist","floor":1.0,"turns":1.0},{"damage":0.0,"enemies":"Small Slimes","floor":2.0,"turns":1.0},{"damage":0.0,"enemies":"Jaw Worm","floor":3.0,"turns":1.0},{"damage":0.0,"enemies":"Exordium Thugs","floor":4.0,"turns":1.0},{"damage":0.0,"enemies":"Gremlin Nob","floor":7.0,"turns":1.0},{"damage":0.0,"enemies":"Lagavulin","floor":11.0,"turns":1.0},{"damage":0.0,"enemies":"2 Fungi Beasts","floor":12.0,"turns":1.0},{"damage":0.0,"enemies":"3 Sentries","floor":13.0,"turns":1.0},{"damage":0.0,"enemies":"3 Louse","floor":14.0,"turns":1.0},{"damage":0.0,"enemies":"Slime Boss","floor":16.0,"turns":1.0},{"damage":0.0,"enemies":"theJungle:MUSHROOMGANG","floor":18.0,"turns":1.0},{"damage":0.0,"enemies":"theJungle:GiantWrat","floor":20.0,"turns":1.0},{"damage":0,"enemies":"theJungle:Cassacara","floor":23,"turns":1},{"damage":0,"enemies":"theJungle:2_Flameangoes","floor":25,"turns":1},{"damage":0,"enemies":"theJungle:MamaSnecko","floor":27,"turns":1},{"damage":0,"enemies":"theJungle:Snecko_Cultist_And_Trap","floor":28,"turns":1},{"damage":0,"enemies":"theJungle:Lyon","floor":29,"turns":1},{"damage":0,"enemies":"theJungle:2_Phrogs","floor":31,"turns":1},{"damage":0,"enemies":"theJungle:TotemBoss","floor":33,"turns":1},{"damage":0,"enemies":"3 Darklings","floor":35,"turns":1},{"damage":0,"enemies":"Orb Walker","floor":38,"turns":1},{"damage":0,"enemies":"Transient","floor":39,"turns":1},{"damage":0,"enemies":"R_Hoarder","floor":40,"turns":1},{"damage":0,"enemies":"Jaw Worm Horde","floor":42,"turns":1},{"damage":0,"enemies":"Reptomancer","floor":44,"turns":1},{"damage":0,"enemies":"Spire Growth","floor":46,"turns":1},{"damage":0,"enemies":"R_Hoarder","floor":47,"turns":1},{"damage":0,"enemies":"Writhing Mass","floor":48,"turns":1},{"damage":0,"enemies":"Awakened One","floor":50,"turns":2},{"damage":0,"enemies":"Replay:Hell Engine","floor":51,"turns":1},{"damage":0,"enemies":"Shield and Spear","floor":55,"turns":1},{"damage":1,"enemies":"The Heart","floor":56,"turns":4}],"seed_played":"973734202128637200","potions_obtained":[],"is_trial":false,"path_per_floor":["M","M","M","M","T","R","E","R","T","?","E","M","E","M","R","B",null,"M","?","M","?","?","E","R","M","T","E","M","M","?","E","R","B",null,"M","?","$","M","M","E","R","M","T","E","?","M","E","M","R","B","B",null,"R","$","E","B",null],"character_chosen":"THE_SILENT","items_purchased":["Replay:Rubber Ducky","Replay:Baseball","Pen Nib","Replay:Bottled Steam","Blue Candle","Incense Burner","Orichalcum","Happy Flower","Oddly Smooth Stone","Replay:Towering Pillar of Hats","Centennial Puzzle","Gremlin Food"],"campfire_rested":1,"item_purchase_floors":[37,37,37,37,37,37,37,37,37,54,54,54],"current_hp_per_floor":[103,105,109,113,113,113,115,115,115,115,117,121,123,127,127,129,129,133,133,137,137,142,144,144,148,148,150,154,158,158,160,160,160,167,171,171,171,175,179,181,181,185,185,187,187,191,193,197,197,197,197,197,197,197,199,198],"gold":136,"neow_bonus":"RANDOM_COLORLESS","is_daily":false,"chose_seed":false,"campfire_upgraded":1,"win_rate":0.0,"timestamp":1609869579,"path_taken":["M","M","M","M","?","R","E","R","T","?","E","M","E","M","R","BOSS","M","?","M","?","?","E","R","M","T","E","M","M","?","E","R","BOSS","M","?","$","M","M","E","R","?","T","E","?","M","E","M","R","BOSS","BOSS","R","$","E","BOSS"],"items_purchased_type":["Relic","Relic","Relic","Relic","Relic","Relic","Relic","Relic","Relic","Relic","Relic","Relic"],"build_version":"2020-12-22","purchased_purges":0,"victory":true,"max_hp_per_floor":[103,105,109,113,113,113,115,115,115,115,117,121,123,127,127,129,129,133,133,137,137,142,144,144,148,148,150,154,158,158,160,160,160,167,171,171,171,175,179,181,181,185,185,187,187,191,193,197,197,197,197,197,197,197,199,199],"card_choices":[{"not_picked":["Purity","Replay:BasicMightCard","PanicButton"],"picked":"Singing Bowl","floor":0.0},{"not_picked":["Blade Dance","Finisher+1","Backflip"],"picked":"Singing Bowl","floor":1.0},{"not_picked":["Flying Knee+1","Outmaneuver","Eviscerate+1"],"picked":"Singing Bowl","floor":1.0},{"not_picked":["Underhanded Strike+1","Cloak And Dagger"],"picked":"Grand Finale+1","floor":2.0},{"not_picked":["ReplayTheSpireMod:Scrap Shanks","Fluid Movement","Predator+1"],"picked":"Singing Bowl","floor":2.0},{"not_picked":["Calculated Gamble","Dagger Spray+1","Underhanded Strike+1"],"picked":"Singing Bowl","floor":3.0},{"not_picked":["Blur","Bane+1","Terror"],"picked":"Singing Bowl","floor":3.0},{"not_picked":["All Out Attack+1","Cloak And Dagger","Doppelganger"],"picked":"Singing Bowl","floor":4.0},{"not_picked":["Heel Hook+1","Crippling Poison","Distraction"],"picked":"Singing Bowl","floor":4.0},{"not_picked":["Dagger Throw+1","Sucker Punch+1","Deadly Poison"],"picked":"Singing Bowl","floor":7.0},{"not_picked":["Flying Knee+1","Hidden Blade","Riddle With Holes+1"],"picked":"Singing Bowl","floor":11.0},{"not_picked":["Bouncing Flask","Toxin Wave","PiercingWail"],"picked":"Singing Bowl","floor":12.0},{"not_picked":["Outmaneuver","Hidden Blade","ReplayTheSpireMod:Speed Training"],"picked":"Singing Bowl","floor":12.0},{"not_picked":["Toxin Wave","Choke+1","Dash+1"],"picked":"Singing Bowl","floor":13.0},{"not_picked":["Deadly Poison","Prepared","Slice+1"],"picked":"Singing Bowl","floor":14.0},{"not_picked":["Hidden Blade","Underhanded Strike+1","Deadly Poison"],"picked":"Singing Bowl","floor":14.0},{"not_picked":["Unload+1","Poison Darts","Corpse Explosion"],"picked":"Singing Bowl","floor":16.0},{"not_picked":["Infinite Blades","Tactician","Leg Sweep"],"picked":"Singing Bowl","floor":18.0},{"not_picked":["Masterful Stab+1","Dodge and Roll","Backstab+1"],"picked":"Singing Bowl","floor":18.0},{"not_picked":["Replay:Poison Smokescreen","Flying Knee+1","Escape Plan"],"picked":"Singing Bowl","floor":20},{"not_picked":["ReplayTheSpireMod:Exploit Weakness","Blade Dance","Well Laid Plans"],"picked":"Singing Bowl","floor":20},{"not_picked":["Concentrate","Backstab+1","Quick Slash+1"],"picked":"Singing Bowl","floor":23},{"not_picked":["ReplayTheSpireMod:Tripwire","Blade Dance","Setup"],"picked":"Singing Bowl","floor":25},{"not_picked":["Prepared","ReplayTheSpireMod:Scrap Shanks","ReplayTheSpireMod:From All Sides+1"],"picked":"Singing Bowl","floor":25},{"not_picked":["ReplayTheSpireMod:Necrosis","Footwork","Dodge and Roll"],"picked":"Singing Bowl","floor":27},{"not_picked":["Toxin Wave","Hidden Blade+1","Masterful Stab+1"],"picked":"Singing Bowl","floor":28},{"not_picked":["Tactician","Dagger Spray+1","Dodge and Roll"],"picked":"Singing Bowl","floor":28},{"not_picked":["Blade Dance","ReplayTheSpireMod:Speed Training","Cloak And Dagger"],"picked":"Singing Bowl","floor":29},{"not_picked":["Heel Hook+1","Cloak And Dagger","Finisher+1"],"picked":"Singing Bowl","floor":29},{"not_picked":["Slice+1","Quick Slash+1","Catalyst"],"picked":"Singing Bowl","floor":31},{"not_picked":["Phantasmal Killer","Venomology"],"picked":"Grand Finale+1","floor":33},{"not_picked":["Prepared","Hidden Blade","Backflip"],"picked":"Singing Bowl","floor":34},{"not_picked":["Deflect","Underhanded Strike+1","Outmaneuver"],"picked":"Singing Bowl","floor":35},{"not_picked":["Flying Knee+1","Slice+1","PiercingWail+1"],"picked":"Singing Bowl","floor":35},{"not_picked":["Dagger Spray+1","Underhanded Strike+1","Blade Dance"],"picked":"Singing Bowl","floor":38},{"not_picked":["Sucker Punch+1","Deflect","Acrobatics"],"picked":"Singing Bowl","floor":38},{"not_picked":["Dagger Throw+1","Outmaneuver","Bane+1"],"picked":"Singing Bowl","floor":39},{"not_picked":["Predator+1","Die Die Die+1","Finisher+1"],"picked":"Singing Bowl","floor":39},{"not_picked":["Hidden Blade","Concentrate","Dagger Spray+1"],"picked":"Singing Bowl","floor":40},{"not_picked":["Flying Knee+1","Underhanded Strike+1","Setup"],"picked":"Singing Bowl","floor":42},{"not_picked":["Backflip+1","Quick Slash+1","Deflect+1"],"picked":"Singing Bowl","floor":42},{"not_picked":["Hidden Blade+1","Atom Bomb+1","Setup"],"picked":"Singing Bowl","floor":44},{"not_picked":["Dodge and Roll","Outmaneuver+1","Reflex+1"],"picked":"Singing Bowl","floor":46},{"not_picked":["Infinite Blades","Hidden Blade","Concentrate"],"picked":"Singing Bowl","floor":46},{"not_picked":["Expertise","Fluid Movement","Deadly Poison"],"picked":"Singing Bowl","floor":47},{"not_picked":["Deflect+1","Poisoned Stab+1","Sucker Punch+1"],"picked":"Singing Bowl","floor":48},{"not_picked":["Poisoned Stab+1","Backstab+1","Sucker Punch+1"],"picked":"Singing Bowl","floor":48},{"not_picked":["ReplayTheSpireMod:From All Sides+1","Underhanded Strike+1","Sucker Punch+1"],"picked":"Singing Bowl","floor":55}],"player_experience":390386,"relics_obtained":[{"floor":7.0,"key":"Whetstone"},{"floor":7.0,"key":"Shuriken"},{"floor":9.0,"key":"The Courier"},{"floor":11.0,"key":"Pocketwatch"},{"floor":11.0,"key":"Counterbalance"},{"floor":13.0,"key":"Boot"},{"floor":13.0,"key":"Vampiric Spirits"},{"floor":23,"key":"CeramicFish"},{"floor":23,"key":"ReplayTheSpireMod:Ninjato"},{"floor":26,"key":"Meat on the Bone"},{"floor":27,"key":"Regal Pillow"},{"floor":27,"key":"Pondfish Scales"},{"floor":31,"key":"Thread and Needle"},{"floor":31,"key":"Potion Belt"},{"floor":40,"key":"Ancient Tea Set"},{"floor":43,"key":"Blood Vial"},{"floor":44,"key":"Replay:Accelerometer"},{"floor":44,"key":"Lantern"},{"floor":47,"key":"Darkstone Periapt"},{"floor":55,"key":"Bronze Scales"},{"floor":55,"key":"TungstenRod"}],"event_choices":[{"cards_removed":["Eviscerate"],"damage_healed":0.0,"max_hp_gain":0.0,"max_hp_loss":0.0,"gold_gain":0.0,"event_name":"The Cleric","player_choice":"Card Removal","floor":10.0,"gold_loss":75.0,"damage_taken":0.0},{"damage_healed":0.0,"max_hp_gain":0.0,"max_hp_loss":0.0,"gold_gain":0.0,"event_name":"Accursed Blacksmith","player_choice":"Ignored","floor":19.0,"gold_loss":0.0,"damage_taken":0.0},{"damage_healed":0,"gold_gain":0,"player_choice":"Ignored","damage_taken":0,"max_hp_gain":0,"max_hp_loss":0,"event_name":"Duplicator","floor":36,"gold_loss":0},{"damage_healed":0,"gold_gain":0,"player_choice":"Paid Gold","damage_taken":0,"relics_obtained":["Toy Ornithopter"],"max_hp_gain":0,"max_hp_loss":0,"event_name":"WeMeetAgain","floor":45,"gold_loss":98}],"is_beta":false,"boss_relics":[{"not_picked":["Replay:Drink Me","ReplayTheSpireMod:DimensionalGlitch"],"picked":"SlaversCollar"},{"not_picked":["Painkiller Herb","Snecko Scales"],"picked":"Tiny House"}],"items_purged_floors":[],"is_endless":false,"potions_floor_spawned":[1,2,3,4,7,11,12,14,16,18,20,23,25,27,28,29,31,33,35,38,39,40,42,44,46,47,48,55],"ascension_level":20}}