{"host":"gx7yyrn1gkym3qpb","time":1609821246,"event":{"mods":["AchievementEnabler","BaseMod","Better Altar","Better Match","Better Note","Better Sensory Stone","Better Skull","Better Third Choice","Highlight Path","Minty Spire (QoL Compilation)","Permanent Neow","Quick Restart","StSLib","Unceasing Turn Reminder"],"gold_per_floor":[109,109,122,122,140,165,165,197,221,221,234,244,259,284,284,362,362,372,386,311,330,630,663,663,663,663,663,713,743,215,225,225,296,296,309,385,402,420,52,52,82,82,107,132,144,144,175,195,195,195,195,195,37,65,65],"floor_reached":56,"playtime":2830,"items_purged":["Strike_R","Decay","Decay","Decay"],"score":2091,"play_id":"b0e1f496-0e0d-4a3a-a3f2-61850a21c20b","local_time":"20210104233406","is_ascension_mode":true,"campfire_choices":[{"data":"Hemokinesis","floor":7,"key":"SMITH"},{"data":"Bash","floor":15,"key":"SMITH"},{"data":"Immolate","floor":24,"key":"SMITH"},{"data":"Pommel Strike","floor":27,"key":"SMITH"},{"data":"Battle Trance","floor":32,"key":"SMITH"},{"data":"Limit Break","floor":40,"key":"SMITH"},{"data":"Flex","floor":42,"key":"SMITH"},{"floor":49,"key":"RECALL"},{"data":"Disarm","floor":52,"key":"SMITH"}],"circlet_count":0,"master_deck":["AscendersBane","Strike_R+1","Strike_R","Strike_R","Strike_R+1","Defend_R+1","Defend_R+1","Defend_R+1","Bash+1","Reaper","Perfected Strike","Hemokinesis+1","Ghostly Armor","Feel No Pain","Immolate+1","Pommel Strike+1","Reaper","True Grit+1","Thunderclap+1","Clumsy","Echo Form","Disarm+1","Battle Trance+1","Limit Break+1","Flex+1","Reaper","Spot Weakness+1","Limit Break+1"],"relics":["Burning Blood","Pocketwatch","Charon\u0027s Ashes","Magic Flower","Tiny Chest","Dream Catcher","Cursed Key","Old Coin","Happy Flower","War Paint","Bag of Preparation","ClockworkSouvenir","Bronze Scales","Runic Pyramid","Matryoshka","Membership Card","Self Forming Clay","HornCleat","Whetstone","Prayer Wheel","Shuriken","DollysMirror","Bag of Marbles"],"acts_visited":["Exordium","TheCity","TheBeyond","TheEnding"],"potions_floor_usage":[6,6,16,23,55,55],"damage_taken":[{"damage":10,"enemies":"Cultist","floor":1,"turns":5},{"damage":12,"enemies":"Jaw Worm","floor":3,"turns":3},{"damage":0,"enemies":"2 Louse","floor":5,"turns":3},{"damage":23,"enemies":"Lagavulin","floor":6,"turns":6},{"damage":10,"enemies":"Gremlin Nob","floor":8,"turns":3},{"damage":1,"enemies":"2 Fungi Beasts","floor":11,"turns":3},{"damage":10,"enemies":"Gremlin Gang","floor":12,"turns":3},{"damage":20,"enemies":"Large Slime","floor":13,"turns":5},{"damage":7,"enemies":"3 Sentries","floor":14,"turns":5},{"damage":28,"enemies":"The Guardian","floor":16,"turns":12},{"damage":13,"enemies":"2 Thieves","floor":18,"turns":3},{"damage":10,"enemies":"Shell Parasite","floor":19,"turns":5},{"damage":12,"enemies":"3 Cultists","floor":21,"turns":3},{"damage":45,"enemies":"Gremlin Leader","floor":23,"turns":6},{"damage":76,"enemies":"Slavers","floor":29,"turns":5},{"damage":4,"enemies":"Shelled Parasite and Fungi","floor":31,"turns":6},{"damage":38,"enemies":"Automaton","floor":33,"turns":7},{"damage":3,"enemies":"Orb Walker","floor":35,"turns":3},{"damage":16,"enemies":"3 Shapes","floor":37,"turns":3},{"damage":48,"enemies":"Transient","floor":38,"turns":5},{"damage":11,"enemies":"Reptomancer","floor":41,"turns":5},{"damage":25,"enemies":"Giant Head","floor":44,"turns":6},{"damage":13,"enemies":"Writhing Mass","floor":45,"turns":7},{"damage":97,"enemies":"Nemesis","floor":47,"turns":7},{"damage":27,"enemies":"Jaw Worm Horde","floor":48,"turns":3},{"damage":74,"enemies":"Time Eater","floor":50,"turns":8},{"damage":81,"enemies":"Shield and Spear","floor":54,"turns":4},{"damage":94,"enemies":"The Heart","floor":55,"turns":6}],"seed_played":"4288045394437995691","potions_obtained":[{"floor":1,"key":"EntropicBrew"},{"floor":11,"key":"Regen Potion"},{"floor":13,"key":"FearPotion"},{"floor":21,"key":"EssenceOfSteel"},{"floor":31,"key":"FearPotion"},{"floor":35,"key":"PowerPotion"}],"is_trial":false,"path_per_floor":["M","T","M","?","M","E","R","E","T","?","M","M","M","E","R","B",null,"M","M","$","M","T","E","R","?","T","R","?","E","$","M","R","B",null,"M","T","M","M","$","R","E","R","T","E","M","?","E","M","R","B",null,"R","$","E","B",null],"character_chosen":"IRONCLAD","items_purchased":["ClockworkSouvenir","Bronze Scales","Battle Trance","Membership Card","Self Forming Clay","DollysMirror"],"campfire_rested":0,"item_purchase_floors":[30,30,30,39,39,53],"current_hp_per_floor":[68,68,66,43,52,41,41,37,37,37,51,68,66,75,75,65,73,75,75,75,75,75,75,75,75,75,75,75,50,50,61,61,44,67,75,75,75,57,57,57,75,75,75,75,75,75,75,75,75,64,72,72,72,75,75],"gold":65,"neow_bonus":"ONE_RANDOM_RARE_CARD","is_daily":false,"chose_seed":false,"campfire_upgraded":8,"win_rate":0.0,"timestamp":1609821246,"path_taken":["M","?","M","?","M","E","R","E","T","?","M","?","M","E","R","BOSS","M","M","?","M","?","E","R","?","T","R","?","E","$","?","R","BOSS","M","?","M","M","$","R","E","R","T","E","M","?","E","M","R","BOSS","R","$","E","BOSS"],"items_purchased_type":["Relic","Relic","Card","Relic","Relic","Relic"],"build_version":"2020-12-22","purchased_purges":4,"victory":true,"max_hp_per_floor":[75,75,75,75,75,75,75,75,75,75,75,75,75,75,75,75,75,75,75,75,75,75,75,75,75,75,75,75,75,75,75,75,75,75,75,75,75,75,75,75,75,75,75,75,75,75,75,75,75,75,75,75,75,75,75],"card_choices":[{"not_picked":["Bloodletting","Shrug It Off"],"picked":"Perfected Strike","floor":1},{"not_picked":["Wild Strike","Headbutt"],"picked":"Hemokinesis","floor":3},{"not_picked":["True Grit","Sword Boomerang"],"picked":"Ghostly Armor","floor":5},{"not_picked":["Flame Barrier","Combust"],"picked":"Feel No Pain","floor":6},{"not_picked":["Sever Soul","Clothesline"],"picked":"Immolate","floor":8},{"not_picked":["Heavy Blade","Perfected Strike","Combust"],"picked":"SKIP","floor":11},{"not_picked":["Havoc","Wild Strike","Searing Blow"],"picked":"SKIP","floor":12},{"not_picked":["Clothesline","True Grit","Iron Wave"],"picked":"SKIP","floor":13},{"not_picked":["Berserk","Entrench"],"picked":"Pommel Strike","floor":14},{"not_picked":["Exhume","Berserk"],"picked":"Reaper","floor":16},{"not_picked":["Armaments","Headbutt"],"picked":"True Grit","floor":18},{"not_picked":["Exhume","Sword Boomerang"],"picked":"Thunderclap+1","floor":19},{"not_picked":["Wild Strike","Armaments","Anger"],"picked":"SKIP","floor":21},{"not_picked":["Anger","Warcry","Clash"],"picked":"SKIP","floor":23},{"not_picked":["Feel No Pain","Sword Boomerang+1"],"picked":"Disarm","floor":29},{"not_picked":["Perfected Strike","Warcry","True Grit+1"],"picked":"SKIP","floor":31},{"not_picked":["Reaper","Exhume"],"picked":"Limit Break","floor":33},{"not_picked":["Wild Strike","Sword Boomerang","Perfected Strike"],"picked":"SKIP","floor":35},{"not_picked":["Perfected Strike","Cleave","Metallicize"],"picked":"SKIP","floor":37},{"not_picked":["Intimidate","Clash"],"picked":"Flex","floor":38},{"not_picked":["Seeing Red","Burning Pact"],"picked":"Reaper","floor":41},{"not_picked":["Entrench+1","Clash+1","Bloodletting"],"picked":"SKIP","floor":44},{"not_picked":["Iron Wave","Intimidate"],"picked":"Spot Weakness+1","floor":45},{"not_picked":["Intimidate+1","Warcry","Anger"],"picked":"SKIP","floor":45},{"not_picked":["Spot Weakness","Clash","Sever Soul"],"picked":"SKIP","floor":47},{"not_picked":["Whirlwind","Heavy Blade","Perfected Strike+1"],"picked":"SKIP","floor":48},{"not_picked":["Thunderclap","Clash","Body Slam"],"picked":"SKIP","floor":48},{"not_picked":["Brutality","Offering","Exhume"],"picked":"SKIP","floor":54}],"player_experience":390121,"relics_obtained":[{"floor":2,"key":"Pocketwatch"},{"floor":6,"key":"Charon\u0027s Ashes"},{"floor":8,"key":"Magic Flower"},{"floor":9,"key":"Tiny Chest"},{"floor":14,"key":"Dream Catcher"},{"floor":22,"key":"Old Coin"},{"floor":23,"key":"Happy Flower"},{"floor":26,"key":"War Paint"},{"floor":29,"key":"Bag of Preparation"},{"floor":36,"key":"Matryoshka"},{"floor":41,"key":"HornCleat"},{"floor":43,"key":"Whetstone"},{"floor":44,"key":"Prayer Wheel"},{"floor":47,"key":"Shuriken"},{"floor":54,"key":"Bag of Marbles"}],"event_choices":[{"damage_healed":66,"gold_gain":0,"player_choice":"Upgrade","damage_taken":23,"max_hp_gain":0,"max_hp_loss":75,"event_name":"betterThird:BetterShining","floor":4,"gold_loss":0,"cards_upgraded":["Defend_R","Defend_R"]},{"cards_removed":["Defend_R"],"damage_healed":0,"gold_gain":0,"player_choice":"Offered Basic","damage_taken":0,"max_hp_gain":0,"max_hp_loss":0,"event_name":"Bonfire Elementals","floor":10,"gold_loss":0},{"cards_removed":["Immolate"],"damage_healed":0,"gold_gain":0,"player_choice":"Take \u0026 Give","damage_taken":0,"max_hp_gain":0,"max_hp_loss":0,"event_name":"betterNote:BetterNote","floor":25,"gold_loss":0,"cards_obtained":["Echo Form"]},{"damage_healed":0,"gold_gain":50,"player_choice":"Steal","damage_taken":0,"max_hp_gain":0,"max_hp_loss":0,"event_name":"betterThird:BetterNest","floor":28,"gold_loss":0},{"damage_healed":0,"gold_gain":3,"player_choice":"1","damage_taken":0,"max_hp_gain":0,"max_hp_loss":0,"event_name":"betterStone:BetterStone","floor":46,"gold_loss":0}],"is_beta":false,"boss_relics":[{"not_picked":["Philosopher\u0027s Stone","Runic Dome"],"picked":"Cursed Key"},{"not_picked":["Black Star","Tiny House"],"picked":"Runic Pyramid"}],"items_purged_floors":[20,30,39,53],"is_endless":false,"potions_floor_spawned":[1,11,13,14,21,31,35,45,47],"ascension_level":16}}