{"host":"8i4doyxqctgl5qb0","time":1609884306,"event":{"mods":["AchievementEnabler","BaseMod","Block Reminder","Colored Powertips","Downfall","Marisa£®ÏF”Í°°ƒß¿Ì…≥£©","Minty Spire (QoL Compilation)","Permanent Neow","Potion Indicator Mod","Rare Cards Sparkle","StSLib","SuperFastMode"],"gold_per_floor":[118,133,145,145,145,176,176,22,22,41,41,75,99,118,118,243,243,267,101,101,124,28,28,28,28,28,51,1,17,17,116,116,236,236,254,36,49,112,112,112,133,147,147,172,172,172,172,187,187,187,187,187,15,50,50,50],"floor_reached":55,"playtime":2407,"items_purged":["Injury","Pain","Slimebound:Icky"],"score":918,"play_id":"12ea73be-17fa-4ecc-babc-c92ecea77771","local_time":"20210106060506","is_ascension_mode":true,"campfire_choices":[{"data":"Sword Boomerang","floor":7.0,"key":"SMITH"},{"floor":11.0,"key":"RECALL"},{"floor":15.0,"key":"REST"},{"data":"Transmutation","floor":23.0,"key":"SMITH"},{"data":"Juggernaut","floor":25.0,"key":"SMITH"},{"floor":32.0,"key":"REST"},{"data":"Metallicize","floor":40.0,"key":"SMITH"},{"floor":46.0,"key":"REST"},{"data":"expansioncontent:StudyTheSpire","floor":49.0,"key":"SMITH"},{"data":"Metallicize","floor":52.0,"key":"SMITH"}],"circlet_count":0,"master_deck":["Strike_R","Strike_R","Strike_R","Strike_R","Strike_R","Defend_R","Defend_R","Defend_R","Bash","Spot Weakness","Spot Weakness","Heavy Blade","Feel No Pain","Sword Boomerang+1","Heavy Blade","Shockwave","Clash","Flame Barrier","Juggernaut+1","Burning Pact","Transmutation+1","Flame Barrier","Sword Boomerang+1","Cleave","Flex+1","Immolate","Metallicize+1","Shrug It Off","Metallicize+1","Twin Strike","Battle Trance+1","Metallicize+1","Body Slam+1","Metallicize","expansioncontent:StudyTheSpire+1","expansioncontent:Collect","Parasite","Bloodletting+1","expansioncontent:SuperHexaguard+1","Intimidate+1"],"relics":["Burning Blood","Golden Idol","Question Card","Membership Card","Pantograph","HornCleat","SacredBark","Blood Vial","WarpedTongs","Philosopher\u0027s Stone","Regal Pillow","Mango","Toxic Egg 2","Shuriken","Happy Flower"],"acts_visited":["Exordium","TheCity","TheBeyond","TheEnding"],"potions_floor_usage":[55],"damage_taken":[{"damage":1.0,"enemies":"Cultist","floor":1.0,"turns":3.0},{"damage":7.0,"enemies":"2 Louse","floor":2.0,"turns":3.0},{"damage":7.0,"enemies":"Small Slimes","floor":3.0,"turns":4.0},{"damage":25.0,"enemies":"3 Sentries","floor":6.0,"turns":6.0},{"damage":13.0,"enemies":"Red Slaver","floor":10.0,"turns":4.0},{"damage":20.0,"enemies":"Gremlin Nob","floor":12.0,"turns":3.0},{"damage":2.0,"enemies":"Large Slime","floor":13.0,"turns":4.0},{"damage":8.0,"enemies":"2 Fungi Beasts","floor":14.0,"turns":3.0},{"damage":36.0,"enemies":"Slime Boss","floor":16.0,"turns":8.0},{"damage":0.0,"enemies":"Chosen","floor":18.0,"turns":3.0},{"damage":0.0,"enemies":"3 Byrds","floor":20.0,"turns":1.0},{"damage":20.0,"enemies":"Centurion and Healer","floor":21.0,"turns":8.0},{"damage":21.0,"enemies":"Sentry and Sphere","floor":27.0,"turns":4.0},{"damage":42.0,"enemies":"Snake Plant","floor":29.0,"turns":4.0},{"damage":47.0,"enemies":"Collector","floor":33.0,"turns":10.0},{"damage":35.0,"enemies":"3 Shapes","floor":35.0,"turns":9.0},{"damage":11.0,"enemies":"Orb Walker","floor":37.0,"turns":3.0},{"damage":0.0,"enemies":"Mind Bloom Boss Battle","floor":38.0,"turns":7.0},{"damage":40.0,"enemies":"4 Shapes","floor":41.0,"turns":5.0},{"damage":29.0,"enemies":"Spire Growth","floor":42.0,"turns":7.0},{"damage":10.0,"enemies":"3 Darklings","floor":44.0,"turns":7.0},{"damage":11.0,"enemies":"Writhing Mass","floor":48.0,"turns":7.0},{"damage":82.0,"enemies":"Awakened One","floor":50.0,"turns":11.0},{"damage":91.0,"enemies":"Shield and Spear","floor":54.0,"turns":5.0},{"damage":85,"enemies":"The Heart","floor":55,"turns":8}],"seed_played":"1721713896191986560","potions_obtained":[{"floor":1.0,"key":"SmokeBomb"},{"floor":3.0,"key":"BlessingOfTheForge"},{"floor":13.0,"key":"SkillPotion"},{"floor":16.0,"key":"champ:CounterPotion"},{"floor":18.0,"key":"Dexterity Potion"},{"floor":21.0,"key":"HeartOfIron"},{"floor":33.0,"key":"EssenceOfSteel"},{"floor":41.0,"key":"BlessingOfTheForge"},{"floor":42.0,"key":"Swift Potion"},{"floor":54.0,"key":"SpeedPotion"}],"is_trial":false,"path_per_floor":["M","M","M","?","?","E","R","$","T","M","R","E","M","M","R","B",null,"M","$","M","M","$","R","?","R","T","M","$","M","?","?","R","B",null,"M","$","M","?","?","R","M","M","T","M","?","R","?","M","R","B",null,"R","$","E","B"],"character_chosen":"IRONCLAD","items_purchased":["Membership Card","Transmutation","Flame Barrier","Blood Vial","champ:CounterPotion","Regal Pillow","Shrug It Off","Metallicize","BloodPotion","Shuriken","expansioncontent:SuperHexaguard+1"],"campfire_rested":3,"item_purchase_floors":[8,19,19,22,22,36,36,36,36,53,53],"current_hp_per_floor":[88,87,86,86,86,67,67,67,67,60,60,46,50,48,74,58,81,87,87,88,74,74,74,74,74,74,61,61,27,27,27,53,39,76,49,49,46,93,93,93,61,40,40,38,33,78,112,107,107,36,93,93,93,54,0,0],"gold":50,"neow_bonus":"TEN_PERCENT_HP_BONUS","is_daily":false,"chose_seed":false,"campfire_upgraded":6,"win_rate":0.0,"timestamp":1609884306,"path_taken":["M","?","M","?","?","E","R","$","T","?","R","E","M","M","R","BOSS","M","$","?","M","$","R","?","R","T","M","$","?","?","?","R","BOSS","M","$","M","?","?","R","M","M","T","?","?","R","?","M","R","BOSS","R","$","E","BOSS"],"items_purchased_type":["Relic","Card","Card","Relic","Potion","Relic","Card","Card","Potion","Relic","Card"],"build_version":"2020-12-22","purchased_purges":3,"victory":false,"max_hp_per_floor":[88,88,88,88,88,88,88,88,88,88,88,88,88,88,88,88,88,88,88,88,88,88,88,88,88,88,88,88,88,88,88,88,88,88,88,88,88,102,102,102,102,102,102,102,102,102,112,112,112,112,112,112,112,112,112,112],"card_choices":[{"not_picked":["Thunderclap","Anger"],"picked":"Spot Weakness","floor":1.0},{"not_picked":["Anger","Thunderclap"],"picked":"Spot Weakness","floor":2.0},{"not_picked":["Wild Strike","Dropkick"],"picked":"Heavy Blade","floor":3.0},{"not_picked":["Iron Wave","Heavy Blade"],"picked":"Sword Boomerang","floor":6.0},{"not_picked":["Sentinel","Headbutt","Feel No Pain"],"picked":"Heavy Blade","floor":10.0},{"not_picked":["Iron Wave","Spot Weakness","Warcry"],"picked":"Shockwave","floor":12.0},{"not_picked":["Dual Wield","Corruption","Anger"],"picked":"Clash","floor":13.0},{"not_picked":["Intimidate","Iron Wave","Clash"],"picked":"Flame Barrier","floor":14.0},{"not_picked":["Impervious","Berserk","Exhume"],"picked":"Juggernaut","floor":16.0},{"not_picked":["Perfected Strike","Searing Blow+1","Twin Strike"],"picked":"Burning Pact","floor":18.0},{"not_picked":["Bloodletting","Power Through","Shrug It Off"],"picked":"Sword Boomerang+1","floor":21.0},{"not_picked":["Headbutt","Body Slam+1","True Grit+1"],"picked":"Cleave","floor":27.0},{"not_picked":["Anger","Wild Strike","Fire Breathing"],"picked":"Flex+1","floor":29.0},{"not_picked":["Exhume","Offering","Double Tap"],"picked":"Immolate","floor":33.0},{"not_picked":["Armaments+1","True Grit+1","Body Slam"],"picked":"Metallicize","floor":35.0},{"not_picked":["True Grit","Wild Strike","Dark Embrace"],"picked":"Twin Strike","floor":37.0},{"not_picked":["Sever Soul+1","Warcry+1","Pommel Strike"],"picked":"Battle Trance+1","floor":38.0},{"not_picked":["Clothesline","Cleave+1","Pommel Strike+1"],"picked":"Metallicize","floor":41.0},{"not_picked":["Searing Blow","Clothesline+1","Berserk"],"picked":"Body Slam+1","floor":42.0},{"not_picked":["Twin Strike+1","True Grit+1","Iron Wave"],"picked":"Metallicize","floor":44.0},{"not_picked":["Secret Weapon+1","Metamorphosis+1","Dramatic Entrance"],"picked":"expansioncontent:StudyTheSpire","floor":45.0},{"not_picked":["expansioncontent:GoopSpray+1","Impatience+1","expansioncontent:AwakenDeath"],"picked":"expansioncontent:Collect","floor":45.0},{"not_picked":["Rage+1","Sword Boomerang+1","Reckless Charge+1"],"picked":"Bloodletting+1","floor":48.0},{"not_picked":["Anger+1","Thunderclap","True Grit+1"],"picked":"Intimidate+1","floor":54.0}],"player_experience":93055,"relics_obtained":[{"floor":6.0,"key":"Question Card"},{"floor":9.0,"key":"Pantograph"},{"floor":12.0,"key":"HornCleat"},{"floor":38.0,"key":"Mango"},{"floor":43.0,"key":"Toxic Egg 2"},{"floor":54.0,"key":"Happy Flower"}],"event_choices":[{"damage_healed":0.0,"max_hp_gain":0.0,"max_hp_loss":0.0,"gold_gain":0.0,"event_name":"Golden Idol","player_choice":"Take Wound","floor":4.0,"gold_loss":0.0,"damage_taken":0.0,"relics_obtained":["Golden Idol"],"cards_obtained":["Injury"]},{"damage_healed":0.0,"max_hp_gain":0.0,"max_hp_loss":0.0,"gold_gain":0.0,"cards_transformed":["Defend_R"],"event_name":"Transmorgrifier","player_choice":"Transformed","floor":5.0,"gold_loss":0.0,"damage_taken":0.0,"cards_obtained":["Feel No Pain"]},{"damage_healed":0.0,"max_hp_gain":0.0,"max_hp_loss":0.0,"gold_gain":0.0,"event_name":"Accursed Blacksmith","player_choice":"Rummage","floor":24.0,"gold_loss":0.0,"damage_taken":0.0,"relics_obtained":["WarpedTongs"],"cards_obtained":["Pain"]},{"damage_healed":0.0,"max_hp_gain":0.0,"max_hp_loss":0.0,"gold_gain":99.0,"event_name":"Nest","player_choice":"Stole From Cult","floor":31.0,"gold_loss":0.0,"damage_taken":0.0},{"damage_healed":0.0,"max_hp_gain":0.0,"max_hp_loss":0.0,"gold_gain":0.0,"event_name":"MindBloom","player_choice":"Fight","floor":38.0,"gold_loss":0.0,"damage_taken":0.0},{"damage_healed":0.0,"max_hp_gain":0.0,"max_hp_loss":0.0,"gold_gain":0.0,"event_name":"Upgrade Shrine","player_choice":"Upgraded","floor":39.0,"gold_loss":0.0,"damage_taken":0.0,"cards_upgraded":["Metallicize"]},{"damage_healed":0.0,"max_hp_gain":0.0,"max_hp_loss":0.0,"gold_gain":0.0,"event_name":"SensoryStone","player_choice":"Memory 2","floor":45.0,"gold_loss":0.0,"damage_taken":5.0},{"cards_removed":["Slimebound:CheckThePlaybook"],"damage_healed":24.0,"max_hp_gain":10.0,"max_hp_loss":0.0,"gold_gain":0.0,"event_name":"Bonfire Elementals","player_choice":"Offered Rare","floor":47.0,"gold_loss":0.0,"damage_taken":0.0}],"is_beta":false,"boss_relics":[{"not_picked":["SlaversCollar","Black Star"],"picked":"SacredBark"},{"not_picked":["Runic Dome","Black Blood"],"picked":"Philosopher\u0027s Stone"}],"items_purged_floors":[19,28,36],"is_endless":false,"potions_floor_spawned":[1,3,13,16,18,21,33,41,42,54],"killed_by":"The Heart","ascension_level":5}}