{"host":"jt62yzdgnrkmwwqv","time":1609850058,"event":{"mods":["AchievementEnabler","Arknights The Spire","BaseMod","CapriCore","Colored Map","Colored Powertips","GungeonMod","Lobotomy","LobotomyExtend","Minty Spire (QoL Compilation)","StSLib","SuperFastMode","The Dragon Tamer"],"gold_per_floor":[115,131,131,131,16,43,612,622,622,622,656,656,670,670,670,795,795,809,799,291,311,226,226,261,282,336,355,355,378,117,136,136,259,259,278,291,306,326,101,101,142,161,161,161,161,180,180,29,29,29,29],"floor_reached":52,"playtime":3076,"items_purged":["ats:Strike C","ats:Strike S","ats:Armor Crushing Shot"],"score":739,"play_id":"bbb181cb-0272-4937-af11-4ff6d74f35a0","local_time":"20210105213418","is_ascension_mode":false,"campfire_choices":[{"floor":15,"key":"REST"},{"floor":23,"key":"REST"},{"floor":32,"key":"REST"},{"data":"ats:True Silver Slash","floor":40,"key":"SMITH"},{"data":"ats:Demon Strength","floor":45,"key":"SMITH"},{"data":"Apotheosis","floor":49,"key":"SMITH"}],"circlet_count":1,"master_deck":["ats:Strike G","ats:Defend","ats:Emotion Absorption+1","ats:Cat Scratch","ats:True Silver Slash","ats:Demon Strength","ats:Healing Strengthening","ats:True Silver Slash+1","ats:Calcification","ats:Revitalization","ats:Revitalization","ats:Shadow Assault","ats:Apocalypse","ats:Wolf Pack","ats:Cat Scratch+1","ats:Part Time Job+1","Finesse","ats:Shell Defense","ats:Cat Scratch+1","ats:Part Time Job","ats:Cat Scratch+1","ats:Leaping Hammer","ats:Blood Oath+1","ats:Calcification","ats:Cat Scratch","ats:Thermite Blade+1","ats:Blood Oath+1","ats:Demon Strength+1","ats:True Silver Slash","Flash of Steel","Apotheosis+1","ats:Counter Healing Mode"],"relics":["ats:Sanity Plus","LetterFromLob","ats:Originium","Dream Catcher","Kunai","Golden Idol","DemoMod:WhiteGuonStone","ats:Ability Aura","Lee\u0027s Waffle","StrikeDummy","DemoMod:PartiallyEatenCheese","ats:Industrial Water Cannon","Velvet Choker","Circlet","Sozu","ats:Cure","Bottled Lightning","DemoMod:AgedBell"],"acts_visited":["Exordium","TheCity","TheBeyond"],"potions_floor_usage":[11,11,13],"damage_taken":[{"damage":8,"enemies":"Cultist","floor":1,"turns":5},{"damage":14,"enemies":"Jaw Worm","floor":2,"turns":4},{"damage":21,"enemies":"3 Sentries","floor":6,"turns":3},{"damage":0,"enemies":"2 Louse","floor":8,"turns":1},{"damage":34,"enemies":"Gremlin Nob","floor":11,"turns":6},{"damage":4,"enemies":"2 Fungi Beasts","floor":13,"turns":3},{"damage":155,"enemies":"Hexaghost","floor":16,"turns":17},{"damage":49,"enemies":"Spheric Guardian","floor":18,"turns":6},{"damage":36,"enemies":"2 Thieves","floor":19,"turns":5},{"damage":50,"enemies":"Snake Plant","floor":21,"turns":5},{"damage":107,"enemies":"Book of Stabbing","floor":24,"turns":10},{"damage":21,"enemies":"Centurion and Healer","floor":25,"turns":8},{"damage":24,"enemies":"Cultist and Chosen","floor":27,"turns":6},{"damage":41,"enemies":"Chosen and Byrds","floor":29,"turns":9},{"damage":54,"enemies":"3 Cultists","floor":31,"turns":6},{"damage":107,"enemies":"Champ","floor":33,"turns":16},{"damage":25,"enemies":"Orb Walker","floor":35,"turns":5},{"damage":33,"enemies":"3 Shapes","floor":36,"turns":4},{"damage":18,"enemies":"Sphere and 2 Shapes","floor":37,"turns":4},{"damage":34,"enemies":"Jaw Worm Horde","floor":38,"turns":3},{"damage":57,"enemies":"Reptomancer","floor":41,"turns":7},{"damage":15,"enemies":"Writhing Mass","floor":42,"turns":4},{"damage":25,"enemies":"Maw","floor":46,"turns":7},{"damage":82,"enemies":"Time Eater","floor":50,"turns":7}],"seed_played":"3136622497761465209","potions_obtained":[{"floor":1,"key":"Strength Potion"},{"floor":8,"key":"SkillPotion"},{"floor":13,"key":"SpeedPotion"},{"floor":29,"key":"Ancient Potion"}],"is_trial":false,"path_per_floor":["M","M","?","?","$","E","$","M","T","?","E","?","M","M","R","B",null,"M","M","$","M","?","R","E","M","T","M","?","M","$","M","R","B",null,"M","M","M","M","$","R","E","M","T","?","R","M","?","$","R","B",null,null],"character_chosen":"DOCTOR_CLASS","items_purchased":["ats:Demon Strength","ats:True Silver Slash","ats:Calcification","ats:Revitalization","ats:Ability Aura","Lee\u0027s Waffle","Finesse","ats:Industrial Water Cannon","ats:Demon Strength","ats:Cure","Apotheosis","ats:Counter Healing Mode"],"campfire_rested":3,"item_purchase_floors":[5,7,7,7,20,20,20,30,39,39,48,48],"current_hp_per_floor":[64,50,55,71,71,50,50,50,50,31,5,5,4,4,27,20,77,33,22,84,63,63,84,41,83,83,77,77,68,68,31,56,61,84,84,71,74,48,48,48,54,74,74,74,74,84,84,84,84,40,40],"gold":29,"neow_bonus":"UPGRADE_CARD","is_daily":false,"chose_seed":false,"campfire_upgraded":3,"win_rate":0.0,"timestamp":1609850058,"path_taken":["M","M","?","?","?","E","$","M","T","?","E","?","?","M","R","BOSS","M","M","$","M","?","R","E","M","T","M","?","M","$","M","R","BOSS","M","M","M","M","$","R","E","M","T","?","R","M","?","$","R","BOSS"],"items_purchased_type":["Card","Card","Card","Card","Relic","Relic","Card","Relic","Card","Relic","Card","Card"],"build_version":"2020-12-22","purchased_purges":3,"victory":true,"max_hp_per_floor":[72,72,77,77,77,77,77,77,77,77,77,77,77,77,77,77,77,77,77,84,84,84,84,84,84,84,84,84,84,84,84,84,84,84,84,84,84,84,84,84,84,84,84,84,84,84,84,84,84,84,84],"card_choices":[{"not_picked":["ats:Childhood Dance","ats:Healing Drone"],"picked":"ats:Cat Scratch","floor":1},{"not_picked":["ats:Curse Doll","ats:Assault Order"],"picked":"ats:True Silver Slash","floor":2},{"not_picked":["ats:Flexible Camouflage","ats:Hook Shot"],"picked":"ats:Healing Strengthening","floor":6},{"not_picked":["ats:Powerful Strike","ats:Curse Doll"],"picked":"ats:Revitalization","floor":8},{"not_picked":["ats:Healing Drone","ats:Apocalypse"],"picked":"ats:Shadow Assault","floor":11},{"not_picked":["ats:Poison Spread","ats:Curse Doll"],"picked":"ats:Apocalypse","floor":13},{"not_picked":["ats:Durian","ats:True Silver Slash"],"picked":"ats:Wolf Pack","floor":16},{"not_picked":["ats:Apocalypse","ats:Beaten Up+1"],"picked":"ats:Cat Scratch+1","floor":18},{"not_picked":["ats:Cat Scratch+1","ats:Steam Pump"],"picked":"ats:Part Time Job+1","floor":19},{"not_picked":["ats:Directed Diagnosis","ats:Cat Scratch"],"picked":"ats:Shell Defense","floor":21},{"not_picked":["ats:Leaping Hammer+1","ats:Curse Doll"],"picked":"ats:Cat Scratch+1","floor":24},{"not_picked":["ats:Explosion Area Strengthen","ats:Hammer On+1"],"picked":"ats:Part Time Job","floor":25},{"not_picked":["ats:Directed Diagnosis","ats:Hammer On"],"picked":"ats:Cat Scratch+1","floor":27},{"not_picked":["ats:Hammer On","ats:Mental Burst"],"picked":"ats:Blood Oath+1","floor":29},{"not_picked":["ats:Revitalization","ats:Neurotoxin+1","ats:Powerful Strike"],"picked":"SKIP","floor":31},{"not_picked":["ats:True Silver Slash","ats:Roar Of Ursus"],"picked":"ats:Calcification","floor":33},{"not_picked":["ats:Revitalization","ats:Consecutive Shot Auto+1"],"picked":"ats:Cat Scratch","floor":35},{"not_picked":["ats:Curse Doll+1","ats:Chain Hook"],"picked":"ats:Thermite Blade+1","floor":36},{"not_picked":["ats:Chain Hook","ats:Flexible Camouflage+1","ats:Assault Order"],"picked":"SKIP","floor":37},{"not_picked":["ats:Thermite Blade+1","ats:Explosion Area Strengthen"],"picked":"ats:Blood Oath+1","floor":38},{"not_picked":["ats:Childhood Dance+1","ats:Chain Hook+1","ats:Cat Scratch"],"picked":"SKIP","floor":41},{"not_picked":["ats:Consecutive Shot Auto","ats:Ignite","ats:Shell Defense+1"],"picked":"SKIP","floor":42},{"not_picked":["ats:Revitalization+1","ats:Leaping Hammer+1"],"picked":"ats:True Silver Slash","floor":46},{"not_picked":["HandOfGreed","Swift Strike"],"picked":"Flash of Steel","floor":47}],"player_experience":174833,"relics_obtained":[{"floor":1,"key":"LetterFromLob"},{"floor":6,"key":"ats:Originium"},{"floor":6,"key":"Dream Catcher"},{"floor":9,"key":"Kunai"},{"floor":11,"key":"ats:Originium"},{"floor":11,"key":"DemoMod:WhiteGuonStone"},{"floor":24,"key":"ats:Originium"},{"floor":24,"key":"DemoMod:PartiallyEatenCheese"},{"floor":41,"key":"ats:Originium"},{"floor":41,"key":"Bottled Lightning"},{"floor":43,"key":"DemoMod:AgedBell"}],"event_choices":[{"damage_healed":0,"gold_gain":0,"player_choice":"Donut","damage_taken":0,"max_hp_gain":5,"max_hp_loss":0,"event_name":"Big Fish","floor":3,"gold_loss":0},{"damage_healed":0,"gold_gain":0,"player_choice":"Take Damage","damage_taken":19,"relics_obtained":["Golden Idol"],"max_hp_gain":0,"max_hp_loss":0,"event_name":"Golden Idol","floor":10,"gold_loss":0},{"damage_healed":0,"gold_gain":0,"player_choice":"Obtained Relic","damage_taken":0,"relics_obtained":["StrikeDummy"],"max_hp_gain":0,"max_hp_loss":0,"event_name":"Addict","floor":22,"gold_loss":85},{"damage_healed":0,"gold_gain":0,"player_choice":"Read","damage_taken":0,"max_hp_gain":0,"max_hp_loss":0,"event_name":"The Library","floor":28,"gold_loss":0,"cards_obtained":["ats:Leaping Hammer"]},{"cards_removed":["ats:Defend"],"damage_healed":0,"gold_gain":0,"player_choice":"Removed Skill","damage_taken":0,"max_hp_gain":0,"max_hp_loss":0,"event_name":"Falling","floor":44,"gold_loss":0},{"damage_healed":0,"gold_gain":0,"player_choice":"Memory 1","damage_taken":0,"max_hp_gain":0,"max_hp_loss":0,"event_name":"SensoryStone","floor":47,"gold_loss":0}],"is_beta":false,"boss_relics":[{"not_picked":["Ectoplasm","Coffee Dripper"],"picked":"ats:Sanity Plus"},{"not_picked":["Pandora\u0027s Box","Tiny House"],"picked":"Velvet Choker"}],"items_purged_floors":[5,7,20],"is_endless":false,"potions_floor_spawned":[1,8,13,29,31,33,35,38,41,42],"ascension_level":0}}