{"host":"ji1fk25fd1ga4ji1","time":1609848080,"event":{"mods":["2.2 Compatiblity","BaseMod","Colored Map","DeckTracker","Minty Spire (QoL Compilation)","Permanent Neow","Quick Restart","StSLib","SuperFastMode"],"gold_per_floor":[117,117,42,52,70,70,84,98,98,98,98,132,132,142,142,244,244,258,258,258,11,11,11,31,62,62,62,76,96,111,130,130,130,130],"floor_reached":33,"playtime":655,"items_purged":["Strike_R","Defend_R"],"score":282,"play_id":"41bef3ae-059e-461e-b954-81c611d8178e","local_time":"20210105210120","is_ascension_mode":true,"campfire_choices":[{"data":"Rampage","floor":6.0,"key":"SMITH"},{"data":"Wild Strike","floor":10.0,"key":"SMITH"},{"data":"Ghostly Armor","floor":13.0,"key":"SMITH"},{"data":"Second Wind","floor":15.0,"key":"SMITH"},{"data":"Berserk","floor":23.0,"key":"SMITH"},{"data":"Power Through","floor":27,"key":"SMITH"},{"floor":32,"key":"REST"}],"circlet_count":0,"master_deck":["Defend_R+1","Defend_R+1","Bash","Wild Strike+1","Cleave","Rampage+1","Ghostly Armor+1","Second Wind+1","Berserk+1","Wild Strike","Rupture","Feel No Pain","Power Through","Writhe","Power Through+1","Battle Trance","Evolve","Offering"],"relics":["Burning Blood","Ornamental Fan","Paper Frog","Sozu","Centennial Puzzle","Shuriken","Mercury Hourglass","Potion Belt"],"acts_visited":["Exordium","TheCity"],"potions_floor_usage":[25,33,33],"damage_taken":[{"damage":12.0,"enemies":"Jaw Worm","floor":1.0,"turns":5.0},{"damage":0.0,"enemies":"Small Slimes","floor":4.0,"turns":3.0},{"damage":1.0,"enemies":"2 Louse","floor":5.0,"turns":2.0},{"damage":9.0,"enemies":"Blue Slaver","floor":7.0,"turns":3.0},{"damage":4.0,"enemies":"Exordium Wildlife","floor":8.0,"turns":3.0},{"damage":8.0,"enemies":"3 Sentries","floor":12.0,"turns":7.0},{"damage":5.0,"enemies":"Lots of Slimes","floor":14.0,"turns":4.0},{"damage":28.0,"enemies":"Slime Boss","floor":16.0,"turns":9.0},{"damage":5.0,"enemies":"Chosen","floor":18.0,"turns":4.0},{"damage":3.0,"enemies":"Spheric Guardian","floor":24.0,"turns":5.0},{"damage":36,"enemies":"Slavers","floor":25,"turns":6},{"damage":15,"enemies":"Snecko","floor":28,"turns":5},{"damage":8,"enemies":"Snake Plant","floor":29,"turns":3},{"damage":18,"enemies":"Shelled Parasite and Fungi","floor":30,"turns":5},{"damage":6,"enemies":"3 Cultists","floor":31,"turns":5},{"damage":54,"enemies":"Collector","floor":33,"turns":10}],"seed_played":"185067815711434916","potions_obtained":[{"floor":4.0,"key":"Swift Potion"},{"floor":8.0,"key":"Swift Potion"},{"floor":14.0,"key":"Dexterity Potion"},{"floor":16.0,"key":"Strength Potion"}],"is_trial":false,"path_per_floor":["M","?","$","M","M","R","M","M","T","R","?","E","R","M","R","B",null,"M","?","?","$","?","R","M","E","T","R","M","M","M","M","R","B"],"character_chosen":"IRONCLAD","items_purchased":["Centennial Puzzle"],"campfire_rested":1,"item_purchase_floors":[21],"current_hp_per_floor":[50,43,43,49,54,54,51,53,53,53,37,35,35,36,36,14,80,80,80,80,80,80,80,80,50,50,50,41,39,27,27,51,0,0],"gold":130,"neow_bonus":"REMOVE_TWO","is_daily":false,"chose_seed":false,"campfire_upgraded":6,"win_rate":0.0,"timestamp":1609848080,"path_taken":["M","?","$","M","M","R","M","M","T","R","?","E","R","M","R","BOSS","M","?","?","$","?","R","M","E","T","R","M","M","M","M","R","BOSS"],"items_purchased_type":["Relic"],"build_version":"2020-12-22","purchased_purges":2,"victory":false,"max_hp_per_floor":[80,80,80,80,80,80,80,80,80,80,80,80,80,80,80,80,80,80,80,80,80,80,80,80,80,80,80,80,80,80,80,80,80,80],"card_choices":[{"not_picked":["Sword Boomerang","Havoc"],"picked":"Wild Strike","floor":1.0},{"not_picked":["Headbutt","Fire Breathing"],"picked":"Cleave","floor":4.0},{"not_picked":["Clothesline","Iron Wave"],"picked":"Rampage","floor":5.0},{"not_picked":["Thunderclap","Ghostly Armor","Sword Boomerang"],"picked":"SKIP","floor":7.0},{"not_picked":["Thunderclap","Sword Boomerang"],"picked":"Ghostly Armor","floor":7.0},{"not_picked":["Infernal Blade","Armaments","Twin Strike"],"picked":"SKIP","floor":8.0},{"not_picked":["Hemokinesis","Clash","Sword Boomerang"],"picked":"SKIP","floor":12.0},{"not_picked":["Fiend Fire","Iron Wave"],"picked":"Second Wind","floor":14.0},{"not_picked":["Juggernaut","Exhume"],"picked":"Berserk","floor":16.0},{"not_picked":["Iron Wave","Warcry"],"picked":"Wild Strike","floor":18.0},{"not_picked":["Disarm","Flex","Anger"],"picked":"SKIP","floor":24.0},{"not_picked":["Armaments","Heavy Blade"],"picked":"Power Through","floor":25},{"not_picked":["Flame Barrier","Rupture"],"picked":"Battle Trance","floor":28},{"not_picked":["Wild Strike","Seeing Red"],"picked":"Evolve","floor":29},{"not_picked":["Wild Strike+1","Armaments+1"],"picked":"Offering","floor":30},{"not_picked":["Twin Strike","Heavy Blade","Rampage+1"],"picked":"SKIP","floor":31}],"player_experience":1241574,"relics_obtained":[{"floor":9.0,"key":"Ornamental Fan"},{"floor":12.0,"key":"Paper Frog"},{"floor":25,"key":"Mercury Hourglass"},{"floor":26,"key":"Potion Belt"}],"event_choices":[{"cards_removed":["Strike_R"],"damage_healed":0.0,"max_hp_gain":0.0,"max_hp_loss":0.0,"gold_gain":0.0,"event_name":"Golden Wing","player_choice":"Card Removal","floor":2.0,"gold_loss":0.0,"damage_taken":7.0},{"damage_healed":0.0,"max_hp_gain":0.0,"max_hp_loss":0.0,"gold_gain":0.0,"event_name":"Shining Light","player_choice":"Entered Light","floor":11.0,"gold_loss":0.0,"damage_taken":16.0,"cards_upgraded":["Defend_R","Defend_R"]},{"damage_healed":0.0,"max_hp_gain":0.0,"max_hp_loss":0.0,"gold_gain":0.0,"cards_transformed":["Strike_R","Strike_R"],"event_name":"Drug Dealer","player_choice":"Became Test Subject","floor":19.0,"gold_loss":0.0,"damage_taken":0.0,"cards_obtained":["Rupture","Feel No Pain"]},{"damage_healed":0.0,"max_hp_gain":0.0,"max_hp_loss":0.0,"gold_gain":0.0,"event_name":"The Library","player_choice":"Read","floor":20.0,"gold_loss":0.0,"damage_taken":0.0,"cards_obtained":["Power Through"]},{"damage_healed":0.0,"max_hp_gain":0.0,"max_hp_loss":0.0,"gold_gain":0.0,"event_name":"The Mausoleum","player_choice":"Opened","floor":22.0,"gold_loss":0.0,"damage_taken":0.0,"relics_obtained":["Shuriken"],"cards_obtained":["Writhe"]}],"is_beta":false,"boss_relics":[{"not_picked":["Ectoplasm","Astrolabe"],"picked":"Sozu"}],"items_purged_floors":[3,21],"is_endless":false,"potions_floor_spawned":[4,8,14,16,25,30],"killed_by":"Collector","ascension_level":1}}