{"host":"a0paspe0zwqgzttz","time":1609876754,"event":{"mods":["AchievementEnabler","Act Like it!","BaseMod","BetterRewards","Colored Powertips","Conspire","Downfall","GifTheSpireLib","Hermit","Highlight Path","Lobotomy","Marisa????????","Minty Spire (QoL Compilation)","Quick Restart","Replay The Spire","Robot Space Explorer","Shop Mod","StSLib","SuperFastMode","The Bug Knight","The Construct","The Cursed","The Hierophant","The Jungle","The Mystic","The Necromancer","The Runesmith","The Senshi","The Servant 0.9.4"],"gold_per_floor":[112,128,141,41,41,41,41,61,61,61,76,96,117,153,153,153,153],"floor_reached":16,"playtime":662,"items_purged":[],"score":104,"play_id":"93409596-b28a-411d-88a0-a8c06dd0fc97","local_time":"20210105145914","is_ascension_mode":false,"campfire_choices":[{"data":"hermit:Roughhouse","floor":6,"key":"SMITH"},{"data":"hermit:Defend_Hermit","floor":10,"key":"SMITH"},{"floor":15,"key":"DIG"}],"circlet_count":0,"master_deck":["hermit:Strike_Hermit","hermit:Strike_Hermit","hermit:Defend_Hermit+1","hermit:Defend_Hermit","hermit:Defend_Hermit","hermit:Defend_Hermit","hermit:Snapshot","hermit:Covet","sneckomod:Defend","hexamod:Defend","hermit:Roughhouse+1","hermit:Virtue","hermit:ItchyTrigger","hermit:PistolWhip","Ghostly","hermit:Dive","hermit:Cheat","hermit:Determination","hermit:GhostlyPresence","hermit:Deadeye","hermit:Cheat","hermit:Feint"],"relics":["hermit:Momento","Golden Idol","Thread and Needle","Replay:PocketPolymizer","Bag of Preparation","Strawberry"],"acts_visited":["Exordium"],"potions_floor_usage":[11,14,14,14],"damage_taken":[{"damage":0,"enemies":"Small Slimes","floor":1,"turns":3},{"damage":5,"enemies":"2 Louse","floor":2,"turns":3},{"damage":6,"enemies":"Cultist","floor":3,"turns":4},{"damage":3,"enemies":"Blue Slaver","floor":8,"turns":4},{"damage":2,"enemies":"Large Slime","floor":11,"turns":6},{"damage":0,"enemies":"2 Fungi Beasts","floor":12,"turns":3},{"damage":0,"enemies":"Blue Slaver","floor":13,"turns":4},{"damage":15,"enemies":"Gremlin Nob","floor":14,"turns":5},{"damage":37,"enemies":"Slime Boss","floor":16,"turns":13}],"seed_played":"2580133570991362499","potions_obtained":[{"floor":2,"key":"sneckomod:MuddlingPotion"},{"floor":8,"key":"Fire Potion"},{"floor":11,"key":"LifebloodPotion"},{"floor":12,"key":"Block Potion"},{"floor":13,"key":"ColorlessPotion"}],"is_trial":false,"path_per_floor":["M","M","M","?","?","R","?","M","T","R","M","M","M","E","R","B"],"character_chosen":"HERMIT","items_purchased":[],"campfire_rested":0,"item_purchase_floors":[],"current_hp_per_floor":[75,70,64,64,46,46,46,43,43,43,41,41,41,26,33,0,0],"gold":153,"neow_bonus":"THREE_RARE_CARDS","is_daily":false,"chose_seed":false,"campfire_upgraded":2,"win_rate":0.0,"timestamp":1609876754,"path_taken":["M","M","M","?","?","R","?","M","T","R","M","M","M","E","R","BOSS"],"items_purchased_type":[],"build_version":"2020-12-22","purchased_purges":0,"victory":false,"max_hp_per_floor":[75,75,75,75,75,75,75,75,75,75,75,75,75,75,82,82,82],"card_choices":[{"not_picked":["hermit:Adapt","hermit:Dissolve"],"picked":"hermit:Roughhouse","floor":0},{"not_picked":["hermit:ItchyTrigger","hermit:Dive"],"picked":"hermit:Virtue","floor":1},{"not_picked":["hermit:Midnight","hermit:TakeAim"],"picked":"hermit:ItchyTrigger","floor":2},{"not_picked":["hermit:ShadowCloak","hermit:Feint"],"picked":"hermit:PistolWhip","floor":3},{"not_picked":["hermit:TakeCover","hermit:SprayPray"],"picked":"hermit:Dive","floor":8},{"not_picked":["hermit:HoleUp","hermit:Spite"],"picked":"hermit:Determination","floor":11},{"not_picked":["hermit:Midnight","hermit:Snipe"],"picked":"hermit:GhostlyPresence","floor":12},{"not_picked":["hermit:LuckOfTheDraw","hermit:Shortfuse"],"picked":"hermit:Deadeye","floor":13},{"not_picked":["hermit:TakeCover","hermit:Ricochet"],"picked":"hermit:Cheat","floor":14}],"player_experience":388298,"relics_obtained":[{"floor":9,"key":"Replay:PocketPolymizer"},{"floor":14,"key":"Bag of Preparation"},{"floor":15,"key":"Strawberry"}],"event_choices":[{"damage_healed":0,"gold_gain":0,"player_choice":"Argue","damage_taken":0,"max_hp_gain":0,"max_hp_loss":0,"event_name":"conspire:LoneGhost","floor":4,"gold_loss":0},{"damage_healed":0,"gold_gain":0,"player_choice":"Take Damage","damage_taken":18,"relics_obtained":["Golden Idol"],"max_hp_gain":0,"max_hp_loss":0,"event_name":"Golden Idol","floor":5,"gold_loss":0},{"damage_healed":0,"gold_gain":0,"player_choice":"Gave Potion","damage_taken":0,"relics_obtained":["Thread and Needle"],"max_hp_gain":0,"max_hp_loss":0,"event_name":"WeMeetAgain","floor":7,"gold_loss":0}],"is_beta":false,"boss_relics":[],"items_purged_floors":[],"is_endless":false,"potions_floor_spawned":[2,8,11,12,13],"killed_by":"Slime Boss","ascension_level":0}}