{"host":"7c402rm0fqc13zvz","time":1609847227,"event":{"mods":["BaseMod","Hermit","Minty Spire (QoL Compilation)","StSLib","[功能]功能增强和修复MOD"],"gold_per_floor":[118,118,73,73,86,86,145,165,191,191,210,223,223,223,223,321,321,334,329,339,334,334,334,364,364,437,437,465,482,502,532,532,532,532],"floor_reached":33,"playtime":1663,"items_purged":["Strike_G","Strike_G","Strike_G","Defend_G","Strike_G","Strike_G","Defend_G","Defend_G","Defend_G","Defend_G+1","Dagger Spray+1"],"score":348,"play_id":"8db5090e-4ece-4b54-8967-bddc95feb388","local_time":"20210105194707","is_ascension_mode":false,"campfire_choices":[{"data":"Neutralize","floor":6.0,"key":"SMITH"},{"data":"Footwork","floor":15.0,"key":"SMITH"},{"data":"Blur","floor":23.0,"key":"SMITH"},{"data":"Acrobatics","floor":25.0,"key":"SMITH"},{"data":"Deflect","floor":27.0,"key":"SMITH"},{"data":"Escape Plan","floor":32,"key":"SMITH"}],"circlet_count":0,"master_deck":["Survivor+1","Neutralize+1","Caltrops+1","Deflect+1","Backflip+1","Footwork+1","Escape Plan+1","Acrobatics+1","Blur+1","Night Terror+1","Dodge and Roll+1","Dodge and Roll+1","Deflect+1"],"relics":["Ring of the Snake","Tiny Chest","Juzu Bracelet","Shuriken","Molten Egg 2","War Paint","Paper Crane","Black Star","Anchor","Frozen Eye","Toy Ornithopter","Bottled Tornado","Sling","Bag of Marbles","Toxic Egg 2","Ancient Tea Set","Bottled Lightning","Matryoshka","Pear","Nunchaku","Red Mask"],"acts_visited":["Exordium","TheCity"],"potions_floor_usage":[31,33,33],"damage_taken":[{"damage":1.0,"enemies":"2 Louse","floor":1.0,"turns":3.0},{"damage":0.0,"enemies":"Jaw Worm","floor":5.0,"turns":3.0},{"damage":0.0,"enemies":"3 Sentries","floor":7.0,"turns":8.0},{"damage":0.0,"enemies":"Small Slimes","floor":8.0,"turns":4.0},{"damage":0.0,"enemies":"Looter","floor":11.0,"turns":4.0},{"damage":2.0,"enemies":"Blue Slaver","floor":12.0,"turns":3.0},{"damage":6.0,"enemies":"The Guardian","floor":16.0,"turns":13.0},{"damage":0.0,"enemies":"3 Byrds","floor":18.0,"turns":2.0},{"damage":0.0,"enemies":"Spheric Guardian","floor":20.0,"turns":4.0},{"damage":0.0,"enemies":"Gremlin Leader","floor":24.0,"turns":11.0},{"damage":0.0,"enemies":"Book of Stabbing","floor":28.0,"turns":4.0},{"damage":0,"enemies":"Chosen and Byrds","floor":29,"turns":6},{"damage":11,"enemies":"3 Cultists","floor":30,"turns":4},{"damage":0,"enemies":"Masked Bandits","floor":31,"turns":8},{"damage":0,"enemies":"Collector","floor":33,"turns":10}],"seed_played":"1283731186157280701","potions_obtained":[{"floor":5.0,"key":"DistilledChaos"},{"floor":8.0,"key":"Explosive Potion"},{"floor":8.0,"key":"Weak Potion"},{"floor":11.0,"key":"PowerPotion"},{"floor":18.0,"key":"Strength Potion"},{"floor":29,"key":"SneckoOil"},{"floor":30,"key":"Poison Potion"},{"floor":31,"key":"AttackPotion"}],"is_trial":false,"path_per_floor":["M","?","$","?","M","R","?","M","T","T","M","M","?","?","R","B",null,"M","$","M","$","T","R","E","R","T","R","E","M","M","?","R","B"],"character_chosen":"THE_SILENT","items_purchased":["Deflect","Underhanded Strike","Juzu Bracelet","CunningPotion","Acrobatics","Anchor","Frozen Eye","Toy Ornithopter","Bottled Tornado","Blur","Sling","Bag of Marbles","Fruit Juice"],"campfire_rested":0,"item_purchase_floors":[3,3,3,3,19,19,19,19,21,21,21,21,21],"current_hp_per_floor":[69,55,55,52,52,52,52,52,52,52,52,50,43,48,48,42,70,70,70,70,75,75,75,75,75,75,75,85,85,74,79,79,85,85],"gold":532,"neow_bonus":"RANDOM_COMMON_RELIC","is_daily":false,"chose_seed":false,"campfire_upgraded":6,"win_rate":0.0,"timestamp":1609847227,"path_taken":["M","?","$","?","M","R","?","M","T","?","M","M","?","?","R","BOSS","M","$","M","?","?","R","E","R","T","R","E","M","M","?","R","BOSS"],"items_purchased_type":["Card","Card","Relic","Potion","Card","Relic","Relic","Relic","Relic","Card","Relic","Relic","Potion"],"build_version":"2020-12-22","purchased_purges":11,"victory":false,"max_hp_per_floor":[70,70,70,70,70,70,70,70,70,70,70,70,70,70,70,70,70,70,70,70,75,75,75,75,75,75,75,85,85,85,85,85,85,85],"card_choices":[{"not_picked":["Blade Dance","Outmaneuver"],"picked":"Caltrops","floor":1.0},{"not_picked":["Slice","Quick Slash"],"picked":"Backflip","floor":5.0},{"not_picked":["Blade Dance","Flying Knee+1"],"picked":"Footwork","floor":7.0},{"not_picked":["Riddle With Holes+1","Dodge and Roll"],"picked":"Escape Plan","floor":8.0},{"not_picked":["Dodge and Roll","Calculated Gamble"],"picked":"Choke+1","floor":11.0},{"not_picked":["Bullet Time","Sucker Punch+1","Poisoned Stab+1"],"picked":"SKIP","floor":12.0},{"not_picked":["Deflect","Blade Dance"],"picked":"Dagger Spray+1","floor":18.0},{"not_picked":["Infinite Blades","Skewer+1","Terror"],"picked":"SKIP","floor":20.0},{"not_picked":["Predator+1","Terror+1"],"picked":"Night Terror+1","floor":24.0},{"not_picked":["Prepared+1","Underhanded Strike+1"],"picked":"Dodge and Roll+1","floor":28.0},{"not_picked":["Flying Knee+1","Crippling Poison+1"],"picked":"Dodge and Roll+1","floor":29},{"not_picked":["Deadly Poison+1","Terror+1"],"picked":"Deflect+1","floor":30}],"player_experience":23928,"relics_obtained":[{"floor":9.0,"key":"War Paint"},{"floor":10.0,"key":"Paper Crane"},{"floor":22.0,"key":"Toxic Egg 2"},{"floor":24.0,"key":"Ancient Tea Set"},{"floor":24.0,"key":"Bottled Lightning"},{"floor":26.0,"key":"Matryoshka"},{"floor":28.0,"key":"Pear"},{"floor":28.0,"key":"Nunchaku"},{"floor":31,"key":"Red Mask"}],"event_choices":[{"damage_healed":0.0,"max_hp_gain":0.0,"max_hp_loss":0.0,"gold_gain":0.0,"event_name":"Shining Light","player_choice":"Entered Light","floor":2.0,"gold_loss":0.0,"damage_taken":14.0,"cards_upgraded":["Caltrops","Defend_G"]},{"damage_healed":0.0,"max_hp_gain":0.0,"max_hp_loss":0.0,"gold_gain":0.0,"event_name":"Scrap Ooze","player_choice":"Success","floor":4.0,"gold_loss":0.0,"damage_taken":3.0,"relics_obtained":["Shuriken"]},{"damage_healed":0.0,"max_hp_gain":0.0,"max_hp_loss":0.0,"gold_gain":0.0,"event_name":"Dead Adventurer","player_choice":"Searched \u00273\u0027 times","floor":7.0,"gold_loss":0.0,"damage_taken":0.0,"relics_obtained":["Molten Egg 2"]},{"cards_removed":["Choke"],"damage_healed":0.0,"max_hp_gain":0.0,"max_hp_loss":0.0,"gold_gain":0.0,"event_name":"Golden Wing","player_choice":"Card Removal","floor":13.0,"gold_loss":0.0,"damage_taken":7.0},{"cards_removed":["Underhanded Strike"],"damage_healed":5.0,"max_hp_gain":0.0,"max_hp_loss":0.0,"gold_gain":0.0,"event_name":"Bonfire Elementals","player_choice":"Offered Common","floor":14.0,"gold_loss":0.0,"damage_taken":0.0},{"cards_removed":["Underhanded Strike"],"damage_healed":5.0,"max_hp_gain":0.0,"max_hp_loss":0.0,"gold_gain":0.0,"event_name":"Bonfire Elementals","player_choice":"Offered Special","floor":14.0,"gold_loss":0.0,"damage_taken":0.0},{"damage_healed":0,"gold_gain":0,"player_choice":"Fought Bandits","damage_taken":0,"max_hp_gain":0,"max_hp_loss":0,"event_name":"Masked Bandits","floor":31,"gold_loss":0}],"is_beta":false,"boss_relics":[{"not_picked":["Velvet Choker","Coffee Dripper"],"picked":"Black Star"}],"items_purged_floors":[3,3,3,3,3,3,3,3,3,19,21],"is_endless":false,"potions_floor_spawned":[5,8,8,11,11,12,12,18,20,29,30,31],"killed_by":"Collector","ascension_level":0}}