{"host":"7trwizmysqu3yl6m","time":1609865437,"event":{"mods":["Act Like it!","BaseMod","Downfall","Hallownest","Minty Spire (QoL Compilation)","StSLib","The Animator","The Bug Knight"],"gold_per_floor":[99,116,126,301,301,61,61,76,90,107,107,107],"floor_reached":11,"playtime":620,"items_purged":["Regret"],"score":65,"play_id":"97ccbdb8-d681-4822-9623-c7a41c300075","local_time":"20210105175037","is_ascension_mode":false,"campfire_choices":[{"data":"sneckomod:MorePower","floor":1,"key":"SMITH"}],"circlet_count":0,"master_deck":["sneckomod:Strike","sneckomod:Strike","sneckomod:Strike","sneckomod:Defend","sneckomod:Defend","sneckomod:Defend","sneckomod:TailWhip","sneckomod:SnekBite","sneckomod:Unknown","sneckomod:Unknown","sneckomod:MorePower+1","sneckomod:UnknownRarePower+1","sneckomod:UnknownClassGREEN","sneckomod:UnknownRarePower+1","Doubt","sneckomod:Unknown+1","sneckomod:MorePower+1","sneckomod:UnknownClassTHE_CHAMP_GRAY+1","sneckomod:UnknownClassTHE_UNNAMED+1","sneckomod:UnknownClassBLUE+1","sneckomod:CheapStock","sneckomod:Unknown3Cost+1"],"relics":["sneckomod:SneckoSoul","Akabeko","DollysMirror","Letter Opener"],"acts_visited":["Exordium"],"potions_floor_usage":[11],"damage_taken":[{"damage":1,"enemies":"Cultist","floor":2,"turns":3},{"damage":12,"enemies":"2 Louse","floor":3,"turns":4},{"damage":4,"enemies":"downfall:FleeingMerchant","floor":6,"turns":4},{"damage":11,"enemies":"Small Slimes","floor":8,"turns":4},{"damage":28,"enemies":"Exordium Wildlife","floor":9,"turns":4},{"damage":21,"enemies":"Blue Slaver","floor":10,"turns":4},{"damage":43,"enemies":"Gremlin Nob","floor":11,"turns":6}],"seed_played":"-8435198915554544540","potions_obtained":[{"floor":3,"key":"PowerPotion"},{"floor":8,"key":"Explosive Potion"},{"floor":9,"key":"champ:CounterPotion"},{"floor":10,"key":"SneckoOil"}],"is_trial":false,"path_per_floor":["R","M","M","?","?","$","T","M","M","M","E"],"character_chosen":"THE_SNECKO","items_purchased":["DollysMirror"],"campfire_rested":0,"item_purchase_floors":[6],"current_hp_per_floor":[90,91,80,80,80,77,77,68,47,33,0,0],"gold":107,"neow_bonus":"ONE_RANDOM_RARE_CARD","is_daily":false,"chose_seed":false,"campfire_upgraded":1,"win_rate":0.0,"timestamp":1609865437,"path_taken":["R","M","?","?","?","$","T","M","M","M","E"],"items_purchased_type":["Relic"],"build_version":"2020-12-22","purchased_purges":1,"victory":false,"max_hp_per_floor":[90,92,93,93,93,94,94,96,97,98,98,98],"card_choices":[{"not_picked":["sneckomod:UnknownClassPURPLE+1","sneckomod:UnknownRareSkill+1"],"picked":"sneckomod:UnknownRarePower+1","floor":2},{"not_picked":["sneckomod:UnknownClassSLIMEBOUND","sneckomod:Cheat"],"picked":"sneckomod:UnknownClassGREEN","floor":2},{"not_picked":["sneckomod:UnknownClassGREEN+1","sneckomod:UnknownClassBLUE+1"],"picked":"sneckomod:UnknownRarePower+1","floor":3},{"not_picked":["sneckomod:UnknownWeak","sneckomod:UnknownVulnerable","sneckomod:RainOfDice"],"picked":"SKIP","floor":3},{"not_picked":["sneckomod:UnknownClassSLIMEBOUND+1","sneckomod:UnknownCommonAttack+1"],"picked":"sneckomod:Unknown+1","floor":6},{"not_picked":["sneckomod:RainOfDice","sneckomod:Unknown1Cost","sneckomod:IronFang"],"picked":"SKIP","floor":6},{"not_picked":["sneckomod:UnknownX+1","sneckomod:UnknownClassSLIMEBOUND+1"],"picked":"sneckomod:UnknownClassTHE_CHAMP_GRAY+1","floor":8},{"not_picked":["sneckomod:UnknownUncommonSkill+1","sneckomod:UnknownCommonSkill+1"],"picked":"sneckomod:UnknownClassTHE_UNNAMED+1","floor":8},{"not_picked":["sneckomod:SoulDraw","sneckomod:Unknown1Cost","sneckomod:UnknownClassTHE_UNNAMED"],"picked":"SKIP","floor":8},{"not_picked":["sneckomod:Unknown0Cost+1","sneckomod:UnknownClassGREEN+1"],"picked":"sneckomod:UnknownClassBLUE+1","floor":9},{"not_picked":["sneckomod:UnknownCommonSkill","sneckomod:QuickBite"],"picked":"sneckomod:CheapStock","floor":9},{"not_picked":["sneckomod:UnknownX+1","sneckomod:UnknownColorless+1"],"picked":"sneckomod:Unknown3Cost+1","floor":10},{"not_picked":["sneckomod:UnknownStrength+1","sneckomod:UnknownExhaust+1","sneckomod:UnknownEthereal+1"],"picked":"SKIP","floor":10},{"not_picked":["sneckomod:Unknown1Cost","sneckomod:UnknownStrike","sneckomod:UnknownVulnerable"],"picked":"SKIP","floor":10}],"player_experience":399633,"relics_obtained":[{"floor":7,"key":"Letter Opener"}],"event_choices":[{"damage_healed":0,"gold_gain":0,"player_choice":"Box","damage_taken":0,"relics_obtained":["Akabeko"],"max_hp_gain":0,"max_hp_loss":0,"event_name":"Big Fish","floor":5,"gold_loss":0,"cards_obtained":["Regret"]}],"is_beta":false,"boss_relics":[],"items_purged_floors":[6],"is_endless":false,"potions_floor_spawned":[3,8,9,10],"killed_by":"Gremlin Nob","ascension_level":0}}