{"host":"6bsan6hkua32tfq7","time":1609813082,"event":{"mods":["BaseMod","Better Third Choice","Colored Map","Highlight Path","Minty Spire (QoL Compilation)","StSLib"],"gold_per_floor":[117,136,147,147,166,166,191,191,191,221,221,146,157,157,157,230,230,208,226,147,147,147],"floor_reached":21,"playtime":546,"items_purged":["Strike_B"],"score":378,"play_id":"90956247-1219-4cd6-9964-71c6e685f562","local_time":"20210105031802","is_ascension_mode":true,"campfire_choices":[{"data":"Streamline","floor":6,"key":"SMITH"},{"floor":8,"key":"REST"},{"floor":15,"key":"REST"}],"circlet_count":0,"master_deck":["AscendersBane","Strike_B","Strike_B+1","Strike_B+1","Defend_B","Defend_B","Defend_B","Defend_B","Zap","Dualcast","Cold Snap","Sunder","Streamline+1","Rip and Tear","Cold Snap","Conserve Battery","Feel No Pain","Creative AI","Coolheaded"],"relics":["Cracked Core","NeowsBlessing","Pantograph","Dead Branch","Calipers","Busted Crown","Centennial Puzzle"],"acts_visited":["Exordium","TheCity"],"potions_floor_usage":[10,16,18],"damage_taken":[{"damage":0,"enemies":"Jaw Worm","floor":1,"turns":1},{"damage":0,"enemies":"2 Louse","floor":2,"turns":1},{"damage":0,"enemies":"Cultist","floor":3,"turns":1},{"damage":0,"enemies":"Exordium Thugs","floor":5,"turns":4},{"damage":28,"enemies":"Gremlin Nob","floor":7,"turns":4},{"damage":8,"enemies":"3 Sentries","floor":10,"turns":6},{"damage":7,"enemies":"Looter","floor":13,"turns":3},{"damage":10,"enemies":"The Guardian","floor":16,"turns":13},{"damage":27,"enemies":"2 Thieves","floor":18,"turns":4},{"damage":29,"enemies":"Chosen","floor":19,"turns":5},{"damage":14,"enemies":"Centurion and Healer","floor":21,"turns":1}],"seed_played":"2761934279120183395","potions_obtained":[{"floor":5,"key":"Energy Potion"},{"floor":7,"key":"GamblersBrew"},{"floor":10,"key":"Strength Potion"}],"is_trial":false,"path_per_floor":["M","M","M","?","M","R","E","R","T","E","?","$","M","?","R","B",null,"M","M","?","M"],"character_chosen":"DEFECT","items_purchased":[],"campfire_rested":2,"item_purchase_floors":[],"current_hp_per_floor":[64,64,64,43,43,43,15,36,36,28,33,33,26,5,27,42,68,41,12,12,0,0],"gold":147,"neow_bonus":"THREE_ENEMY_KILL","is_daily":false,"chose_seed":false,"campfire_upgraded":1,"win_rate":0.0,"timestamp":1609813082,"path_taken":["M","M","M","?","M","R","E","R","T","E","?","$","M","?","R","BOSS","M","M","?","M"],"items_purchased_type":[],"build_version":"2020-12-22","purchased_purges":1,"victory":false,"max_hp_per_floor":[71,71,71,71,71,71,71,71,71,71,76,76,76,76,76,76,76,76,76,76,76,76],"card_choices":[{"not_picked":["Hologram","Stack"],"picked":"Cold Snap","floor":1},{"not_picked":["Conserve Battery","Turbo"],"picked":"Sunder","floor":2},{"not_picked":["Undo","Leap"],"picked":"Streamline","floor":3},{"not_picked":["Reprogram","Aggregate"],"picked":"Rip and Tear","floor":5},{"not_picked":["Ball Lightning","Static Discharge"],"picked":"Cold Snap","floor":7},{"not_picked":["Recycle","Fusion","All For One"],"picked":"SKIP","floor":10},{"not_picked":["Recycle","Fusion","All For One"],"picked":"SKIP","floor":10},{"not_picked":["Recycle","Fusion","All For One"],"picked":"SKIP","floor":10},{"not_picked":["Compile Driver","Auto Shields"],"picked":"Conserve Battery","floor":13},{"not_picked":["Seek","Fission"],"picked":"Creative AI","floor":16},{"not_picked":["Go for the Eyes"],"picked":"SKIP","floor":18},{"not_picked":[],"picked":"Coolheaded","floor":19}],"player_experience":5259523,"relics_obtained":[{"floor":7,"key":"Pantograph"},{"floor":9,"key":"Dead Branch"},{"floor":10,"key":"Calipers"}],"event_choices":[{"damage_healed":64,"gold_gain":0,"player_choice":"Upgrade","damage_taken":21,"max_hp_gain":0,"max_hp_loss":71,"event_name":"betterThird:BetterShining","floor":4,"gold_loss":0,"cards_upgraded":["Strike_B","Strike_B"]},{"damage_healed":0,"gold_gain":0,"player_choice":"Donut","damage_taken":0,"max_hp_gain":5,"max_hp_loss":0,"event_name":"Big Fish","floor":11,"gold_loss":0},{"damage_healed":0,"gold_gain":0,"player_choice":"Card ","damage_taken":21,"max_hp_gain":0,"max_hp_loss":0,"event_name":"betterThird:BetterScrap","floor":14,"gold_loss":0,"cards_obtained":["Feel No Pain"]},{"damage_healed":0,"gold_gain":0,"player_choice":"Paid Gold","damage_taken":0,"relics_obtained":["Centennial Puzzle"],"max_hp_gain":0,"max_hp_loss":0,"event_name":"WeMeetAgain","floor":20,"gold_loss":79}],"is_beta":false,"boss_relics":[{"not_picked":["Runic Dome","Astrolabe"],"picked":"Busted Crown"}],"items_purged_floors":[12],"is_endless":false,"potions_floor_spawned":[5,7,10,13],"killed_by":"Centurion and Healer","ascension_level":20}}