{"host":"6hzrz31j95f2y1pa","time":1609863941,"event":{"mods":["BaseMod","Colored Map","Downfall","Minty Spire (QoL Compilation)","StSLib"],"gold_per_floor":[99,118,129,129,129,161,161,172,184,197,228,247,70,95,109,109,109,109],"floor_reached":16,"playtime":1355,"items_purged":["champ:Defend"],"score":192,"play_id":"917dac5b-9cac-44f6-b4a9-455f40562a2b","local_time":"20210105112541","is_ascension_mode":true,"campfire_choices":[{"floor":1,"key":"RECALL"}],"circlet_count":0,"master_deck":["AscendersBane","champ:Strike","champ:Strike","champ:Strike","champ:Strike","champ:Defend","champ:Defend","champ:Defend","champ:Execute","champ:Duel","champ:PerfectedStrike","champ:BringItOn","champ:EndlessRage","champ:HeartStrike","champ:PerfectedStrike"],"relics":["champ:ChampionCrown","champ:FightingForDummies","Letter Opener","Dream Catcher","Pen Nib","Blood Vial"],"acts_visited":["Exordium"],"potions_floor_usage":[11,16,16],"damage_taken":[{"damage":5,"enemies":"2 Louse","floor":2,"turns":4},{"damage":5,"enemies":"Cultist","floor":3,"turns":4},{"damage":27,"enemies":"3 Sentries","floor":6,"turns":8},{"damage":0,"enemies":"Jaw Worm","floor":8,"turns":2},{"damage":5,"enemies":"Lots of Slimes","floor":9,"turns":3},{"damage":10,"enemies":"Large Slime","floor":10,"turns":4},{"damage":19,"enemies":"Lagavulin","floor":11,"turns":6},{"damage":5,"enemies":"3 Louse","floor":12,"turns":4},{"damage":9,"enemies":"downfall:FleeingMerchant","floor":13,"turns":4},{"damage":18,"enemies":"3 Sentries","floor":14,"turns":5},{"damage":10,"enemies":"Exordium Thugs","floor":15,"turns":5},{"damage":44,"enemies":"downfall:Defect","floor":16,"turns":7}],"seed_played":"-8585272589154693545","potions_obtained":[{"floor":3,"key":"BlessingOfTheForge"},{"floor":8,"key":"Fire Potion"},{"floor":10,"key":"ColorlessPotion"},{"floor":14,"key":"EssenceOfSteel"}],"is_trial":false,"path_per_floor":["R","M","M","?","?","E","T","M","M","M","E","M","$","E","M","B"],"character_chosen":"THE_CHAMP","items_purchased":["champ:HeartStrike","FearPotion"],"campfire_rested":0,"item_purchase_floors":[13,13],"current_hp_per_floor":[81,81,81,78,78,66,66,66,66,66,57,57,53,45,42,0,0,0],"gold":109,"neow_bonus":"RANDOM_COMMON_RELIC","is_daily":false,"chose_seed":false,"campfire_upgraded":0,"win_rate":0.0,"timestamp":1609863941,"path_taken":["R","M","M","?","?","E","T","M","M","M","E","M","$","E","M","BOSS"],"items_purchased_type":["Card","Potion"],"build_version":"2020-12-22","purchased_purges":1,"victory":false,"max_hp_per_floor":[90,90,90,90,90,90,90,90,90,90,90,90,90,90,90,90,90,90],"card_choices":[{"not_picked":["champ:RageSigil","champ:AdrenalArmor"],"picked":"champ:Duel","floor":2},{"not_picked":["champ:FocusedBerserking","champ:FaceSlap","champ:BladeFlurry"],"picked":"SKIP","floor":3},{"not_picked":["champ:GutPunch","champ:GladiatorsShout","champ:Aggression"],"picked":"SKIP","floor":6},{"not_picked":["champ:RapidStrikes","champ:CrookedStrike"],"picked":"champ:BringItOn","floor":8},{"not_picked":["champ:Haymaker","champ:EnGarde","champ:Improvising"],"picked":"SKIP","floor":9},{"not_picked":["champ:StanceDance","champ:EnragedBash","champ:Control"],"picked":"SKIP","floor":10},{"not_picked":["champ:GutPunch","champ:BerserkersShout","champ:DefensiveShout"],"picked":"SKIP","floor":11},{"not_picked":["champ:BerserkersShout","champ:ViciousMockery","champ:FocusedGladiator"],"picked":"SKIP","floor":12},{"not_picked":["champ:FocusedDefense","champ:ShieldThrow"],"picked":"champ:EndlessRage","floor":13},{"not_picked":["champ:Lariat","champ:CalledShot","champ:EnragedBash"],"picked":"SKIP","floor":14},{"not_picked":["champ:RisingSlash","champ:FocusedDefense"],"picked":"champ:PerfectedStrike","floor":15}],"player_experience":1286430,"relics_obtained":[{"floor":6,"key":"Dream Catcher"},{"floor":11,"key":"Pen Nib"},{"floor":14,"key":"Blood Vial"}],"event_choices":[{"damage_healed":0,"gold_gain":0,"player_choice":"Success","damage_taken":3,"relics_obtained":["Letter Opener"],"max_hp_gain":0,"max_hp_loss":0,"event_name":"Scrap Ooze","floor":4,"gold_loss":0},{"damage_healed":0,"gold_gain":0,"cards_transformed":["champ:Taunt"],"player_choice":"Transformed","damage_taken":0,"max_hp_gain":0,"max_hp_loss":0,"event_name":"Transmorgrifier","floor":5,"gold_loss":0,"cards_obtained":["champ:PerfectedStrike"]}],"is_beta":false,"boss_relics":[],"items_purged_floors":[13],"is_endless":false,"potions_floor_spawned":[3,8,9,10,14,15],"killed_by":"downfall:Defect","ascension_level":11}}