{"host":"j4g6ia6asvpyu2b0","time":1609891027,"event":{"mods":["BaseMod","Colored Map","Minty Spire (QoL Compilation)","Permanent Neow","Quick Restart","Relic Stats","StSLib","Unceasing Turn Reminder"],"gold_per_floor":[111,124,138,138,155,181,181,214,282,298,312,312,312,339,339,444,444,457,457,468,438,438,465,480,508,508,508,508],"floor_reached":27,"playtime":687,"items_purged":[],"score":387,"play_id":"893ac7d0-48fb-4207-be5c-57ac79a67aa3","local_time":"20210105165707","is_ascension_mode":true,"campfire_choices":[{"floor":7,"key":"REST"},{"floor":13,"key":"REST"},{"data":"Clothesline","floor":15,"key":"SMITH"}],"circlet_count":0,"master_deck":["Strike_R","Strike_R","Strike_R","Strike_R","Strike_R","Defend_R","Defend_R","Defend_R","Defend_R","Bash+1","Thunderclap","Cleave","Flame Barrier","Anger","Berserk","Battle Trance","Clothesline+1","Body Slam","Demon Form","Dropkick","Pommel Strike","Feel No Pain","Ghostly Armor","Seeing Red+1"],"relics":["Black Star","Oddly Smooth Stone","StoneCalendar","PreservedInsect","Pocketwatch","InkBottle","Unceasing Top","Runic Dome","Tiny Chest","Anchor","Darkstone Periapt","Art of War","Mummified Hand"],"acts_visited":["Exordium","TheCity"],"potions_floor_usage":[6,14,16,16,18,23,25,25],"damage_taken":[{"damage":6,"enemies":"Cultist","floor":1,"turns":3},{"damage":7,"enemies":"2 Louse","floor":2,"turns":3},{"damage":7,"enemies":"Jaw Worm","floor":3,"turns":3},{"damage":15,"enemies":"Red Slaver","floor":5,"turns":4},{"damage":23,"enemies":"Gremlin Nob","floor":6,"turns":4},{"damage":22,"enemies":"Lagavulin","floor":8,"turns":6},{"damage":5,"enemies":"Looter","floor":10,"turns":3},{"damage":8,"enemies":"Exordium Thugs","floor":11,"turns":5},{"damage":0,"enemies":"Gremlin Nob","floor":14,"turns":2},{"damage":10,"enemies":"Hexaghost","floor":16,"turns":7},{"damage":4,"enemies":"Spheric Guardian","floor":18,"turns":3},{"damage":10,"enemies":"3 Byrds","floor":20,"turns":4},{"damage":18,"enemies":"Gremlin Leader","floor":23,"turns":4},{"damage":10,"enemies":"Centurion and Healer","floor":24,"turns":5},{"damage":18,"enemies":"Book of Stabbing","floor":25,"turns":3},{"damage":15,"enemies":"Slavers","floor":27,"turns":2}],"seed_played":"5125099092569795080","potions_obtained":[{"floor":2,"key":"SneckoOil"},{"floor":5,"key":"CultistPotion"},{"floor":10,"key":"Explosive Potion"},{"floor":11,"key":"BlessingOfTheForge"},{"floor":16,"key":"Fruit Juice"},{"floor":18,"key":"FearPotion"},{"floor":19,"key":"LiquidMemories"},{"floor":19,"key":"ColorlessPotion"}],"is_trial":false,"path_per_floor":["M","M","M","?","M","E","R","E","T","M","M","?","R","E","R","B",null,"M","?","M","?","$","E","M","E","T","E"],"character_chosen":"IRONCLAD","items_purchased":[],"campfire_rested":2,"item_purchase_floors":[],"current_hp_per_floor":[66,59,52,52,37,14,38,16,16,11,3,3,27,27,27,22,69,65,65,55,55,55,37,27,9,9,0,0],"gold":508,"neow_bonus":"BOSS_RELIC","is_daily":false,"chose_seed":false,"campfire_upgraded":1,"win_rate":0.0,"timestamp":1609891027,"path_taken":["M","?","M","?","M","E","R","E","T","M","M","?","R","E","R","BOSS","M","?","?","?","?","E","M","E","T","E"],"items_purchased_type":[],"build_version":"2020-12-22","purchased_purges":0,"victory":false,"max_hp_per_floor":[80,80,80,80,80,80,80,80,80,80,80,80,80,80,80,85,85,85,85,85,85,85,85,85,85,85,85,85],"relic_stats":{"Darkstone Periapt":0,"counters":[16,61],"Mummified Hand":[0],"StoneCalendar":[48],"Tiny Chest":0,"PreservedInsect":143,"Black Star":5,"Art of War":[0],"obtain_stats":[{"Darkstone Periapt":25,"Oddly Smooth Stone":6,"StoneCalendar":6,"PreservedInsect":8,"Burning Blood":0,"Runic Dome":17,"Anchor":23,"Mummified Hand":26,"Tiny Chest":23,"Black Star":0,"Art of War":25,"InkBottle":14,"Unceasing Top":14,"Pocketwatch":8},{"Darkstone Periapt":15,"Oddly Smooth Stone":5,"StoneCalendar":5,"PreservedInsect":6,"Burning Blood":0,"Runic Dome":10,"Anchor":13,"Mummified Hand":15,"Tiny Chest":13,"Black Star":0,"Art of War":15,"InkBottle":9,"Unceasing Top":9,"Pocketwatch":6},{"Darkstone Periapt":59,"Oddly Smooth Stone":17,"StoneCalendar":17,"PreservedInsect":23,"Burning Blood":0,"Runic Dome":40,"Anchor":51,"Mummified Hand":59,"Tiny Chest":51,"Black Star":0,"Art of War":59,"InkBottle":33,"Unceasing Top":33,"Pocketwatch":23}],"InkBottle":[8],"Unceasing Top":[0],"Pocketwatch":[54]},"card_choices":[{"not_picked":["Headbutt","True Grit"],"picked":"Thunderclap","floor":1},{"not_picked":["Heavy Blade","Bloodletting"],"picked":"Cleave","floor":2},{"not_picked":["Havoc","Body Slam"],"picked":"Flame Barrier","floor":3},{"not_picked":["Rampage","Thunderclap"],"picked":"Anger","floor":5},{"not_picked":["Iron Wave","Burning Pact"],"picked":"Berserk","floor":6},{"not_picked":["Dual Wield","Seeing Red"],"picked":"Battle Trance","floor":8},{"not_picked":["Heavy Blade","Sword Boomerang"],"picked":"Clothesline","floor":10},{"not_picked":["Cleave","Dual Wield","Dark Embrace"],"picked":"SKIP","floor":11},{"not_picked":["Wild Strike","Havoc"],"picked":"Body Slam","floor":14},{"not_picked":["Berserk","Exhume"],"picked":"Demon Form","floor":16},{"not_picked":["Warcry","Sentinel"],"picked":"Dropkick","floor":18},{"not_picked":["Body Slam","Anger+1"],"picked":"Pommel Strike","floor":20},{"not_picked":["Heavy Blade","Intimidate+1"],"picked":"Feel No Pain","floor":23},{"not_picked":["Perfected Strike","Havoc"],"picked":"Ghostly Armor","floor":24},{"not_picked":["Dual Wield","Anger"],"picked":"Seeing Red+1","floor":25}],"player_experience":723902,"relics_obtained":[{"floor":6,"key":"Oddly Smooth Stone"},{"floor":6,"key":"StoneCalendar"},{"floor":8,"key":"PreservedInsect"},{"floor":8,"key":"Pocketwatch"},{"floor":14,"key":"InkBottle"},{"floor":14,"key":"Unceasing Top"},{"floor":23,"key":"Tiny Chest"},{"floor":23,"key":"Anchor"},{"floor":25,"key":"Darkstone Periapt"},{"floor":25,"key":"Art of War"},{"floor":26,"key":"Mummified Hand"}],"event_choices":[{"damage_healed":0,"gold_gain":0,"player_choice":"Ignored","damage_taken":0,"max_hp_gain":0,"max_hp_loss":0,"event_name":"Liars Game","floor":4,"gold_loss":0},{"damage_healed":0,"gold_gain":0,"player_choice":"Grow","damage_taken":0,"max_hp_gain":0,"max_hp_loss":0,"event_name":"Living Wall","floor":12,"gold_loss":0,"cards_upgraded":["Bash"]},{"damage_healed":0,"gold_gain":0,"player_choice":"Got Potions","damage_taken":0,"max_hp_gain":0,"max_hp_loss":0,"event_name":"Lab","floor":19,"gold_loss":0},{"damage_healed":0,"gold_gain":0,"player_choice":"Bought 2 Potions","damage_taken":0,"max_hp_gain":0,"max_hp_loss":0,"event_name":"The Woman in Blue","floor":21,"gold_loss":0}],"is_beta":false,"boss_relics":[{"not_picked":["Empty Cage","Sozu"],"picked":"Runic Dome"}],"items_purged_floors":[],"is_endless":false,"potions_floor_spawned":[2,5,10,11,16,18],"killed_by":"Slavers","ascension_level":6}}