{"host":"grn78f1vmffaipkx","time":1609846814,"event":{"mods":["AchievementEnabler","BaseMod","Colored Map","Minty Spire (QoL Compilation)","Quick Restart","SuperFastMode"],"gold_per_floor":[113,113,113,123,123,154,54,4,30,51,66,66,87,87,87,213,213,231,247,271,186,186,186,202,236,260,260,271,286,148,165,165,270,270,281,300,300,312,362,362,381,381,381,9,9,34,34,0,0,0,0],"floor_reached":50,"playtime":9520,"items_purged":["Strike_G","Strike_G","Doppelganger"],"score":517,"play_id":"35650056-5ba3-4739-8dbd-c90628dcd457","local_time":"20210105204014","is_ascension_mode":false,"campfire_choices":[{"data":"Footwork","floor":15.0,"key":"SMITH"},{"data":"Bullet Time","floor":23.0,"key":"SMITH"},{"data":"Tactician","floor":27.0,"key":"SMITH"},{"floor":32.0,"key":"REST"},{"data":"Bouncing Flask","floor":40.0,"key":"SMITH"},{"floor":42.0,"key":"REST"},{"data":"Calculated Gamble","floor":49.0,"key":"SMITH"}],"circlet_count":0,"master_deck":["Defend_G","Defend_G","Defend_G","Defend_G","Survivor","Neutralize","Footwork+1","Blade Dance","Slice","Backflip","Tactician+1","Dagger Throw","Acrobatics","Bullet Time+1","Expertise","Prepared+1","Tools of the Trade","Bouncing Flask+1","Bouncing Flask","Eviscerate+1","Noxious Fumes","PiercingWail","All Out Attack+1","Prepared+1","Footwork+1","Acrobatics","Choke+1","Flechettes+1","Backflip+1","Infinite Blades+1","Secret Technique","Flash of Steel","Calculated Gamble+1"],"relics":["Ring of the Snake","NeowsBlessing","Bloody Idol","Bottled Lightning","Nunchaku","Sozu","Strawberry","Orichalcum","Bag of Preparation","Astrolabe","Peace Pipe","Boot","Bottled Tornado","Gambling Chip","Red Mask"],"acts_visited":[],"potions_floor_usage":[],"damage_taken":[{"damage":0.0,"enemies":"Jaw Worm","floor":1.0,"turns":1.0},{"damage":0.0,"enemies":"2 Louse","floor":4.0,"turns":1.0},{"damage":0.0,"enemies":"Lagavulin","floor":6.0,"turns":1.0},{"damage":0.0,"enemies":"Small Slimes","floor":10.0,"turns":3.0},{"damage":0.0,"enemies":"Looter","floor":11.0,"turns":4.0},{"damage":3.0,"enemies":"Large Slime","floor":13.0,"turns":5.0},{"damage":44.0,"enemies":"Slime Boss","floor":16.0,"turns":14.0},{"damage":0.0,"enemies":"3 Byrds","floor":18.0,"turns":6.0},{"damage":0.0,"enemies":"Shell Parasite","floor":19.0,"turns":7.0},{"damage":7.0,"enemies":"Centurion and Healer","floor":20.0,"turns":6.0},{"damage":29.0,"enemies":"3 Cultists","floor":24.0,"turns":9.0},{"damage":8.0,"enemies":"Book of Stabbing","floor":25.0,"turns":5.0},{"damage":36.0,"enemies":"Cultist and Chosen","floor":28.0,"turns":6.0},{"damage":0.0,"enemies":"Snecko","floor":29.0,"turns":4.0},{"damage":4.0,"enemies":"Shelled Parasite and Fungi","floor":31.0,"turns":4.0},{"damage":10.0,"enemies":"Champ","floor":33.0,"turns":9.0},{"damage":6.0,"enemies":"Orb Walker","floor":35.0,"turns":5.0},{"damage":0.0,"enemies":"3 Shapes","floor":36.0,"turns":3.0},{"damage":30.0,"enemies":"Maw","floor":38.0,"turns":5.0},{"damage":8.0,"enemies":"Mind Bloom Boss Battle","floor":39.0,"turns":5.0},{"damage":11.0,"enemies":"4 Shapes","floor":41.0,"turns":4.0},{"damage":18.0,"enemies":"Nemesis","floor":46.0,"turns":3.0},{"damage":44,"enemies":"Awakened One","floor":50,"turns":12}],"seed_played":"-2547347103971735457","potions_obtained":[{"floor":4.0,"key":"Poison Potion"},{"floor":6.0,"key":"BlessingOfTheForge"}],"is_trial":false,"path_per_floor":["M","?","?","M","?","E","$","?","T","M","M","$","M","$","R","B",null,"M","M","M","?","?","R","M","E","T","R","M","M","$","M","R","B",null,"M","M","?","M","?","R","M","R","T","$","?","E","$","?","R","B"],"character_chosen":"THE_SILENT","items_purchased":["Backflip","Noxious Fumes","Bottled Tornado"],"campfire_rested":2,"item_purchase_floors":[7,30,44],"current_hp_per_floor":[70,70,75,75,57,57,57,57,57,57,57,57,54,54,54,10,75,75,75,68,75,75,75,51,48,53,53,22,27,27,28,52,47,82,81,82,78,53,50,50,44,67,67,67,57,44,44,44,44,0,0],"gold":0,"neow_bonus":"THREE_ENEMY_KILL","is_daily":false,"chose_seed":false,"campfire_upgraded":5,"win_rate":0.0,"timestamp":1609846814,"path_taken":["M","?","?","M","?","E","?","?","T","M","M","$","M","?","R","BOSS","M","M","M","?","?","R","M","E","T","R","M","M","$","M","R","BOSS","M","M","?","M","?","R","M","R","T","$","?","E","?","?","R","BOSS"],"items_purchased_type":["Card","Card","Relic"],"build_version":"2020-12-22","purchased_purges":3,"victory":false,"max_hp_per_floor":[70,70,75,75,75,75,75,75,75,75,75,75,75,75,75,75,75,75,75,75,82,82,82,82,82,82,82,82,82,82,82,82,82,82,82,82,78,78,78,78,78,78,78,78,78,78,78,78,78,78,78],"card_choices":[{"not_picked":["Outmaneuver","Flying Knee"],"picked":"Footwork","floor":1.0},{"not_picked":["Prepared","Noxious Fumes"],"picked":"Blade Dance","floor":4.0},{"not_picked":["All Out Attack","Escape Plan"],"picked":"Slice","floor":6.0},{"not_picked":["Well Laid Plans","Outmaneuver"],"picked":"Tactician","floor":10.0},{"not_picked":["Slice","Blade Dance"],"picked":"Dagger Throw","floor":11.0},{"not_picked":["Tactician","Masterful Stab"],"picked":"Acrobatics","floor":13.0},{"not_picked":["Burst","Wraith Form v2"],"picked":"Bullet Time","floor":16.0},{"not_picked":["Choke","Blade Dance"],"picked":"Expertise","floor":18.0},{"not_picked":["Acrobatics","Dagger Spray"],"picked":"Prepared+1","floor":19.0},{"not_picked":["Dagger Throw","Prepared"],"picked":"Tools of the Trade","floor":20.0},{"not_picked":["Outmaneuver","Slice"],"picked":"Bouncing Flask","floor":24.0},{"not_picked":["Acrobatics","Finisher"],"picked":"Bouncing Flask","floor":25.0},{"not_picked":["Prepared","Deflect"],"picked":"Eviscerate+1","floor":28.0},{"not_picked":["Dagger Spray","Backflip","Sucker Punch"],"picked":"SKIP","floor":29.0},{"not_picked":["Leg Sweep","Dagger Throw"],"picked":"PiercingWail","floor":31.0},{"not_picked":["Wraith Form v2","Venomology"],"picked":"Doppelganger","floor":33.0},{"not_picked":["Flying Knee","Dagger Throw+1"],"picked":"Acrobatics","floor":35.0},{"not_picked":["Dagger Spray+1","Riddle With Holes+1"],"picked":"Choke+1","floor":36.0},{"not_picked":["Backstab","Dodge and Roll+1"],"picked":"Flechettes+1","floor":38.0},{"not_picked":["Caltrops","Dodge and Roll"],"picked":"Backflip+1","floor":39.0},{"not_picked":["Night Terror","Poisoned Stab"],"picked":"Infinite Blades+1","floor":41.0},{"not_picked":["Enlightenment","Transmutation"],"picked":"Secret Technique","floor":45.0},{"not_picked":["Bandage Up","Blind"],"picked":"Flash of Steel","floor":45.0},{"not_picked":["Outmaneuver","Deadly Poison"],"picked":"Calculated Gamble","floor":46.0}],"player_experience":5325,"relics_obtained":[{"floor":6.0,"key":"Bottled Lightning"},{"floor":9.0,"key":"Nunchaku"},{"floor":25.0,"key":"Orichalcum"},{"floor":26.0,"key":"Bag of Preparation"},{"floor":39.0,"key":"Peace Pipe"},{"floor":43.0,"key":"Boot"},{"floor":46.0,"key":"Gambling Chip"}],"event_choices":[{"damage_healed":0.0,"max_hp_gain":0.0,"max_hp_loss":0.0,"gold_gain":0.0,"event_name":"Liars Game","player_choice":"Ignored","floor":2.0,"gold_loss":0.0,"damage_taken":0.0},{"damage_healed":0.0,"max_hp_gain":5.0,"max_hp_loss":0.0,"gold_gain":0.0,"event_name":"Big Fish","player_choice":"Donut","floor":3.0,"gold_loss":0.0,"damage_taken":0.0},{"damage_healed":0.0,"max_hp_gain":0.0,"max_hp_loss":0.0,"gold_gain":0.0,"event_name":"Golden Idol","player_choice":"Take Damage","floor":5.0,"gold_loss":0.0,"damage_taken":18.0,"relics_obtained":["Golden Idol"]},{"cards_removed":["Strike_G"],"damage_healed":0.0,"max_hp_gain":0.0,"max_hp_loss":0.0,"gold_gain":0.0,"event_name":"The Cleric","player_choice":"Card Removal","floor":8.0,"gold_loss":50.0,"damage_taken":0.0},{"damage_healed":0.0,"max_hp_gain":0.0,"max_hp_loss":0.0,"gold_gain":0.0,"event_name":"Addict","player_choice":"Obtained Relic","floor":21.0,"gold_loss":85.0,"damage_taken":0.0,"relics_obtained":["Strawberry"]},{"damage_healed":0.0,"max_hp_gain":0.0,"max_hp_loss":0.0,"gold_gain":0.0,"event_name":"Forgotten Altar","player_choice":"Gave Idol","floor":22.0,"relics_lost":["Golden Idol"],"gold_loss":0.0,"damage_taken":0.0,"relics_obtained":["Bloody Idol"]},{"damage_healed":0.0,"max_hp_gain":0.0,"max_hp_loss":4.0,"gold_gain":0.0,"event_name":"Winding Halls","player_choice":"Max HP","floor":37.0,"gold_loss":0.0,"damage_taken":0.0},{"damage_healed":0.0,"max_hp_gain":0.0,"max_hp_loss":0.0,"gold_gain":0.0,"event_name":"MindBloom","player_choice":"Fight","floor":39.0,"gold_loss":0.0,"damage_taken":0.0},{"damage_healed":0.0,"max_hp_gain":0.0,"max_hp_loss":0.0,"gold_gain":0.0,"event_name":"SensoryStone","player_choice":"Memory 3","floor":45.0,"gold_loss":0.0,"damage_taken":10.0},{"damage_healed":0.0,"max_hp_gain":0.0,"max_hp_loss":0.0,"gold_gain":0.0,"event_name":"Tomb of Lord Red Mask","player_choice":"Paid","floor":48.0,"gold_loss":34.0,"damage_taken":0.0,"relics_obtained":["Red Mask"]}],"is_beta":false,"boss_relics":[{"not_picked":["Black Star","Ectoplasm"],"picked":"Sozu"},{"not_picked":["Philosopher\u0027s Stone","Runic Dome"],"picked":"Astrolabe"}],"items_purged_floors":[7,30,44],"is_endless":false,"potions_floor_spawned":[4,6,18,28,31,33,35,46],"killed_by":"Awakened One","ascension_level":0}}