{"host":"y9cfhv0nasly8qeh","time":1609844242,"event":{"mods":["BaseMod","Minty Spire (QoL Compilation)","Relic Stats","StSLib","[IsaacMod]ÒÔÈö¼âËþ"],"gold_per_floor":[112,112,131,5161,5161,5161,5161,5172,5220,5235,4385,4416,4426,4455,4455,4531,4531,4543,4468,4468,4468,2671,2671,2671,1854,1900,1927,136,136,136,150,150,229,229,243,296,346,366,4224,4224,4198,4198,4244,4285,70,93,93,93,93,9995,5917,5931,5963,591,600,634,634,634,660,660,660,70,80,89,89,89],"floor_reached":52,"playtime":1971,"items_purged":["Strike_G","Regret","Strike_G","Caltrops+1","Defend_G","Defend_G+1","Dodge and Roll+1","Backflip","Noxious Fumes+1","Footwork+1"],"score":2746,"play_id":"76591c50-676e-4c8b-abab-f6173fffafa5","local_time":"20210105185722","is_ascension_mode":true,"campfire_choices":[{"data":"1","floor":7,"key":"LIFT"},{"data":"Adrenaline","floor":15,"key":"SMITH"},{"data":"2","floor":24,"key":"LIFT"},{"data":"Cloak And Dagger","floor":29,"key":"SMITH"},{"data":"Terror","floor":32,"key":"SMITH"},{"data":"3","floor":40,"key":"LIFT"},{"data":"Neutralize","floor":42,"key":"SMITH"},{"data":"Calculated Gamble","floor":49,"key":"SMITH"},{"floor":40,"key":"REST"},{"data":"Footwork+1","floor":42,"key":"PURGE"},{"floor":45,"key":"REST"},{"floor":49,"key":"REST"}],"circlet_count":0,"master_deck":["AscendersBane","Cloak And Dagger+1","Infinite Blades+1","Terror+1","Adrenaline+1","Envenom+1","Envenom+1","Bullet Time+1","Calculated Gamble+1","Infinite Blades+1","Envenom+1","CurseOfTheBell","Accuracy+1","Envenom+1","Adrenaline+1","Footwork+1","Envenom+1","Footwork+1","After Image+1","Accuracy+1","Prepared+1"],"relics":["Ring of the Snake","HushsDoor","NeowsBlessing","Chaos","PunchingBag","Frozen Egg 2","Girya","Leech","White Beast Statue","Letter Opener","Bird Faced Urn","WingedGreaves","WristBlade","Succubus","GuppysCollar","GuppysHairball","Inserter","TuHaoJin","DoctorsRemote","Astrolabe","Toy Ornithopter","ClockworkSouvenir","Pen Nib","Juzu Bracelet","Lee\u0027s Waffle","Bottled Lightning","Tiny House","The Courier","Philosopher\u0027s Stone","SatanicBible","Empty Cage","Toxic Egg 2","Nuclear Battery","Blood Vial","HornCleat","Charon\u0027s Ashes","Tough Bandages","Pocketwatch","DeadEye","Happy Flower","TungstenRod","TheAbacus","BookOfRevelations","MealTicket","PokeGo","CeramicFish","SharpPlug","Meat on the Bone","Centennial Puzzle","Strawberry","Calling Bell","Kunai","TheBible","Snake Skull","Omamori","Art of War","RottenBaby","FossilizedHelix","Cursed Key","Mango","Lizard Tail","TheBattery","Symbiotic Virus","Frozen Eye","MyShadow","Ancient Tea Set","Emotion Chip","D6","Oddly Smooth Stone","Singing Bowl","InkBottle","BelialBook","OrangePellets","Magic Flower","Damocles","Ornamental Fan","Habit","Ice Cream","Molten Egg 2","HandDrill","StoneCalendar","Peace Pipe","Regal Pillow","SalivaCoin","Orichalcum","Darkstone Periapt","ChampionBelt","Orrery","Unceasing Top","Runic Pyramid","Boot","SacredBark","Anchor","Runic Cube","Pantograph","Potion Belt","GuppysTail","Ninja Scroll","Ginger","Toolbox","GuppysPaw","Question Card","Dream Catcher","DeathBook","War Paint","HowToJump","Bag of Marbles","Chemical X","Self Forming Clay","Medical Kit","NineVolt","Akabeko","Bronze Scales","YumHeart","EdensBlessing","Dead Branch","Incense Burner","TwistedFunnel","SteamSale","Cracked Core","Turnip","Cables","Tingsha","Sling","Champion Belt","Bottled Tornado"],"acts_visited":["Exordium","TheCity","TheBeyond"],"potions_floor_usage":[11,16,16,27,27,37,39,51],"damage_taken":[{"damage":0,"enemies":"Small Slimes","floor":1,"turns":2},{"damage":0,"enemies":"Cultist","floor":3,"turns":1},{"damage":0,"enemies":"2 Louse","floor":8,"turns":1},{"damage":40,"enemies":"Exordium Thugs","floor":10,"turns":6},{"damage":5,"enemies":"3 Sentries","floor":12,"turns":2},{"damage":0,"enemies":"Blue Slaver","floor":13,"turns":4},{"damage":13,"enemies":"Gremlin Nob","floor":14,"turns":4},{"damage":0,"enemies":"Hexaghost","floor":16,"turns":5},{"damage":12,"enemies":"3 Byrds","floor":18,"turns":4},{"damage":0,"enemies":"Slavers","floor":27,"turns":3},{"damage":0,"enemies":"Shell Parasite","floor":31,"turns":2},{"damage":1,"enemies":"Automaton","floor":33,"turns":5},{"damage":6,"enemies":"3 Darklings","floor":35,"turns":2},{"damage":10,"enemies":"2 Orb Walkers","floor":36,"turns":4},{"damage":0,"enemies":"Hiden Room Battle","floor":37,"turns":2},{"damage":0,"enemies":"3 Shapes","floor":38,"turns":1},{"damage":0,"enemies":"Maw","floor":41,"turns":2},{"damage":3,"enemies":"Giant Head","floor":44,"turns":2},{"damage":0,"enemies":"4 Shapes","floor":46,"turns":2},{"damage":0,"enemies":"Orb Walker","floor":35,"turns":1},{"damage":0,"enemies":"3 Shapes","floor":37,"turns":1},{"damage":0,"enemies":"Nemesis","floor":38,"turns":3},{"damage":0,"enemies":"Giant Head","floor":41,"turns":1},{"damage":0,"enemies":"Nemesis","floor":44,"turns":1},{"damage":0,"enemies":"Writhing Mass","floor":48,"turns":1},{"damage":0,"enemies":"Awakened One","floor":50,"turns":2},{"damage":0,"enemies":"Time Eater","floor":51,"turns":2}],"seed_played":"-7717141545684331641","potions_obtained":[{"floor":1,"key":"SpeedPotion"},{"floor":8,"key":"BlessingOfTheForge"},{"floor":16,"key":"CunningPotion"},{"floor":18,"key":"Poison Potion"},{"floor":27,"key":"Strength Potion"},{"floor":28,"key":"DistilledChaos"},{"floor":31,"key":"CunningPotion"},{"floor":38,"key":"Energy Potion"},{"floor":41,"key":"Fire Potion"},{"floor":44,"key":"FearPotion"},{"floor":35,"key":"Swift Potion"},{"floor":41,"key":"EssenceOfSteel"},{"floor":44,"key":"CunningPotion"}],"is_trial":false,"path_per_floor":["M","?","M","$","?","T","R","M","T","M","$","E","M","E","R","B",null,"M","?","?","?","$","?","R","$","T","E","$","R","?","M","R","B",null,"M","?","?","M","$","R","M","R","T","E","$","M","?","?","R","M","$","M","M","$","R","E","R","T","E","R","?","$","M","R","B","B",null],"character_chosen":"THE_SILENT","items_purchased":["PunchingBag","Frozen Egg 2","Footwork+1","Dexterity Potion","Letter Opener","Bird Faced Urn","Fruit Juice","Swift Potion","GuppysCollar","GuppysHairball","TuHaoJin","DoctorsRemote","Astrolabe","Toy Ornithopter","ClockworkSouvenir","ForgetMeNow","Lee\u0027s Waffle","Bottled Lightning","Tiny House","Infinite Blades+1","Toxic Egg 2","Fruit Juice","Nuclear Battery","Blood Vial","HornCleat","Charon\u0027s Ashes","Tough Bandages","Pocketwatch","DeadEye","Happy Flower","TungstenRod","TheAbacus","BookOfRevelations","MealTicket","PokeGo","CeramicFish","SharpPlug","Meat on the Bone","Centennial Puzzle","Strawberry","Calling Bell","RottenBaby","FossilizedHelix","Cursed Key","Mango","Lizard Tail","TheBattery","Symbiotic Virus","Frozen Eye","MyShadow","Ancient Tea Set","Emotion Chip","D6","Oddly Smooth Stone","Singing Bowl","InkBottle","BelialBook","OrangePellets","Magic Flower","Damocles","Ornamental Fan","Habit","Ice Cream","Molten Egg 2","HandDrill","StoneCalendar","Peace Pipe","Regal Pillow","SalivaCoin","Orichalcum","Darkstone Periapt","ChampionBelt","Orrery","Unceasing Top","Footwork+1","Envenom+1","Footwork+1","After Image+1","Anchor","Runic Cube","Pantograph","Potion Belt","GuppysTail","Ninja Scroll","Ginger","Toolbox","GuppysPaw","Question Card","Dream Catcher","DeathBook","War Paint","HowToJump","Bag of Marbles","Chemical X","Self Forming Clay","Medical Kit","NineVolt","Akabeko","Bronze Scales","YumHeart","EdensBlessing","Dead Branch","Incense Burner","Tingsha","Sling","Champion Belt"],"campfire_rested":3,"item_purchase_floors":[4,4,4,4,11,11,11,11,17,17,22,22,22,25,25,25,28,28,28,28,39,39,39,39,39,39,39,39,39,39,39,39,39,39,39,39,39,39,39,39,39,45,45,45,45,45,45,45,45,45,45,45,45,45,45,45,45,45,36,36,36,36,36,36,36,36,36,36,36,36,36,36,36,36,36,36,36,39,39,39,39,39,39,39,39,39,39,39,39,39,39,39,39,39,39,39,39,39,39,39,39,39,39,47,47,47],"current_hp_per_floor":[59,59,59,59,59,59,59,59,59,24,29,30,37,31,31,40,46,38,38,23,23,23,11,11,11,11,31,65,65,65,65,65,65,65,61,59,65,65,77,77,77,77,77,77,91,91,91,91,91,93,101,103,105,105,105,107,107,107,109,111,113,113,115,115,115,115],"gold":89,"neow_bonus":"THREE_ENEMY_KILL","is_daily":false,"chose_seed":false,"campfire_upgraded":5,"win_rate":0.0,"timestamp":1609844242,"path_taken":["M","?","?","$","?","?","R","M","T","?","$","E","M","E","R","BOSS","M","?","?","?","$","?","R","$","T","E","$","R","?","M","R","BOSS","M","?","?","M","$","R","M","R","T","E","$","M","?","?","R","M","$","M","M","$","R","E","R","T","E","R","?","$","M","R","BOSS","BOSS"],"items_purchased_type":["Relic","Relic","Card","Potion","Relic","Relic","Potion","Potion","Relic","Relic","Relic","Relic","Relic","Relic","Relic","Relic","Relic","Relic","Relic","Card","Relic","Potion","Relic","Relic","Relic","Relic","Relic","Relic","Relic","Relic","Relic","Relic","Relic","Relic","Relic","Relic","Relic","Relic","Relic","Relic","Relic","Relic","Relic","Relic","Relic","Relic","Relic","Relic","Relic","Relic","Relic","Relic","Relic","Relic","Relic","Relic","Relic","Relic","Relic","Relic","Relic","Relic","Relic","Relic","Relic","Relic","Relic","Relic","Relic","Relic","Relic","Relic","Relic","Relic","Card","Card","Card","Card","Relic","Relic","Relic","Relic","Relic","Relic","Relic","Relic","Relic","Relic","Relic","Relic","Relic","Relic","Relic","Relic","Relic","Relic","Relic","Relic","Relic","Relic","Relic","Relic","Relic","Relic","Relic","Relic"],"build_version":"2020-12-22","purchased_purges":10,"victory":true,"max_hp_per_floor":[66,66,66,66,66,66,66,66,66,66,71,71,71,71,71,71,48,48,48,48,48,48,53,53,53,53,53,65,65,65,65,65,65,65,65,65,65,65,77,77,77,77,77,77,91,91,91,91,91,93,101,103,105,105,105,107,107,107,109,111,113,113,115,115,115,115],"relic_stats":{"CeramicFish":99,"Ginger":[0],"Boot":[0],"Blood Vial":0,"Centennial Puzzle":[6],"Lizard Tail":0,"MealTicket":0,"HandDrill":[0],"Kunai":[17],"Runic Cube":[0],"Happy Flower":[6],"counters":[27,66],"Astrolabe":["Caltrops","Dodge and Roll","Bullet Time"],"Dead Branch":[29],"Tingsha":[0],"Pen Nib":[11],"Charon\u0027s Ashes":[208],"Letter Opener":[166],"War Paint":[],"Question Card":7,"Cables":[5,0,0,5,0],"OrangePellets":[9],"Bird Faced Urn":[41],"Bronze Scales":[9],"obtain_stats":[{"TwistedFunnel":41,"Damocles":36,"DeadEye":39,"Ginger":39,"Bottled Tornado":48,"Boot":38,"Sling":47,"Leech":6,"Blood Vial":39,"MealTicket":39,"TuHaoJin":22,"MyShadow":45,"HandDrill":36,"Kunai":39,"Runic Cube":39,"KeepersGift":0,"PunchingBag":4,"BelialBook":45,"Tingsha":47,"Pen Nib":26,"SteamSale":41,"Akabeko":39,"Cables":44,"Bird Faced Urn":11,"HushsDoor":0,"GuppysCollar":17,"Unceasing Top":36,"GuppysTail":39,"Regal Pillow":36,"Singing Bowl":45,"Magic Flower":36,"StoneCalendar":36,"TheBattery":45,"Cursed Key":45,"Ancient Tea Set":45,"DeathBook":39,"PokeGo":39,"WristBlade":14,"Ninja Scroll":39,"Toolbox":39,"WingedGreaves":12,"Chemical X":39,"InkBottle":45,"Ring of the Snake":0,"Potion Belt":39,"Lee\u0027s Waffle":28,"Inserter":20,"NeowsBlessing":0,"Self Forming Clay":39,"The Courier":34,"Omamori":43,"Frozen Egg 2":4,"Nuclear Battery":39,"Habit":36,"D6":45,"TheBible":39,"Ornamental Fan":36,"Orrery":36,"Turnip":44,"Art of War":44,"Bottled Lightning":28,"Champion Belt":47,"Toy Ornithopter":25,"Chaos":0,"Ice Cream":36,"Tiny House":28,"NineVolt":39,"CeramicFish":39,"SatanicBible":37,"Centennial Puzzle":39,"Lizard Tail":45,"HornCleat":39,"Strawberry":39,"Philosopher\u0027s Stone":36,"Succubus":17,"Toxic Egg 2":39,"Girya":5,"Happy Flower":39,"Astrolabe":22,"Dead Branch":39,"BookOfRevelations":39,"Oddly Smooth Stone":45,"Charon\u0027s Ashes":39,"Letter Opener":11,"War Paint":39,"Question Card":39,"OrangePellets":45,"YumHeart":39,"ForgetMeNow":25,"Bronze Scales":39,"Molten Egg 2":36,"EdensBlessing":39,"Symbiotic Virus":45,"Pocketwatch":39,"Meat on the Bone":39,"Darkstone Periapt":36,"GuppysPaw":39,"SacredBark":38,"SharpPlug":39,"Mango":45,"Snake Skull":39,"Juzu Bracelet":27,"Incense Burner":39,"Empty Cage":37,"ClockworkSouvenir":25,"Frozen Eye":45,"Tough Bandages":39,"Emotion Chip":45,"Dream Catcher":39,"TheAbacus":39,"ChampionBelt":36,"Pantograph":39,"Cracked Core":43,"Runic Pyramid":37,"DoctorsRemote":22,"HowToJump":39,"RottenBaby":45,"Orichalcum":36,"Medical Kit":39,"White Beast Statue":9,"Calling Bell":39,"Peace Pipe":36,"Anchor":39,"SalivaCoin":36,"Bag of Marbles":39,"GuppysHairball":17,"TungstenRod":39,"FossilizedHelix":45},{"TwistedFunnel":23,"Damocles":20,"DeadEye":16,"Ginger":22,"Bottled Tornado":25,"Boot":22,"Sling":24,"Leech":2,"Blood Vial":16,"MealTicket":16,"TuHaoJin":9,"MyShadow":18,"HandDrill":20,"Kunai":16,"Runic Cube":22,"KeepersGift":0,"PunchingBag":2,"BelialBook":18,"Tingsha":24,"Pen Nib":9,"SteamSale":23,"Akabeko":22,"Cables":24,"Bird Faced Urn":4,"HushsDoor":0,"GuppysCollar":8,"Unceasing Top":20,"GuppysTail":22,"Regal Pillow":20,"Singing Bowl":18,"Magic Flower":20,"StoneCalendar":20,"TheBattery":18,"Cursed Key":18,"Ancient Tea Set":18,"DeathBook":22,"PokeGo":16,"WristBlade":7,"Ninja Scroll":22,"Toolbox":22,"WingedGreaves":5,"Chemical X":22,"InkBottle":18,"Ring of the Snake":0,"Potion Belt":22,"Lee\u0027s Waffle":10,"Inserter":9,"NeowsBlessing":0,"Self Forming Clay":22,"The Courier":12,"Omamori":17,"Frozen Egg 2":2,"Nuclear Battery":16,"Habit":20,"D6":18,"TheBible":16,"Ornamental Fan":20,"Orrery":20,"Turnip":24,"Art of War":18,"Bottled Lightning":10,"Champion Belt":24,"Toy Ornithopter":9,"Chaos":0,"Ice Cream":20,"Tiny House":10,"NineVolt":22,"CeramicFish":16,"SatanicBible":15,"Centennial Puzzle":16,"Lizard Tail":18,"HornCleat":16,"Strawberry":16,"Philosopher\u0027s Stone":14,"Succubus":8,"Toxic Egg 2":16,"Girya":2,"Happy Flower":16,"Astrolabe":9,"Dead Branch":22,"BookOfRevelations":16,"Oddly Smooth Stone":18,"Charon\u0027s Ashes":16,"Letter Opener":4,"War Paint":22,"Question Card":22,"OrangePellets":18,"YumHeart":22,"ForgetMeNow":9,"Bronze Scales":22,"Molten Egg 2":20,"EdensBlessing":22,"Symbiotic Virus":18,"Pocketwatch":16,"Meat on the Bone":16,"Darkstone Periapt":20,"GuppysPaw":22,"SacredBark":22,"SharpPlug":16,"Mango":18,"Snake Skull":16,"Juzu Bracelet":10,"Incense Burner":22,"Empty Cage":15,"ClockworkSouvenir":9,"Frozen Eye":18,"Tough Bandages":16,"Emotion Chip":18,"Dream Catcher":22,"TheAbacus":16,"ChampionBelt":20,"Pantograph":22,"Cracked Core":23,"Runic Pyramid":21,"DoctorsRemote":9,"HowToJump":22,"RottenBaby":18,"Orichalcum":20,"Medical Kit":22,"White Beast Statue":3,"Calling Bell":16,"Peace Pipe":20,"Anchor":22,"SalivaCoin":20,"Bag of Marbles":22,"GuppysHairball":8,"TungstenRod":16,"FossilizedHelix":18},{"TwistedFunnel":60,"Damocles":55,"DeadEye":48,"Ginger":59,"Bottled Tornado":62,"Boot":59,"Sling":61,"Leech":3,"Blood Vial":48,"MealTicket":48,"TuHaoJin":29,"MyShadow":52,"HandDrill":55,"Kunai":48,"Runic Cube":59,"KeepersGift":0,"PunchingBag":3,"BelialBook":52,"Tingsha":61,"Pen Nib":29,"SteamSale":60,"Akabeko":59,"Cables":61,"Bird Faced Urn":10,"HushsDoor":0,"GuppysCollar":25,"Unceasing Top":55,"GuppysTail":59,"Regal Pillow":55,"Singing Bowl":52,"Magic Flower":55,"StoneCalendar":55,"TheBattery":52,"Cursed Key":52,"Ancient Tea Set":52,"DeathBook":59,"PokeGo":48,"WristBlade":20,"Ninja Scroll":59,"Toolbox":59,"WingedGreaves":12,"Chemical X":59,"InkBottle":52,"Ring of the Snake":0,"Potion Belt":59,"Lee\u0027s Waffle":32,"Inserter":29,"NeowsBlessing":0,"Self Forming Clay":59,"The Courier":39,"Omamori":50,"Frozen Egg 2":3,"Nuclear Battery":48,"Habit":55,"D6":52,"TheBible":48,"Ornamental Fan":55,"Orrery":55,"Turnip":61,"Art of War":52,"Bottled Lightning":32,"Champion Belt":61,"Toy Ornithopter":29,"Chaos":0,"Ice Cream":55,"Tiny House":32,"NineVolt":59,"CeramicFish":48,"SatanicBible":47,"Centennial Puzzle":48,"Lizard Tail":52,"HornCleat":48,"Strawberry":48,"Philosopher\u0027s Stone":45,"Succubus":25,"Toxic Egg 2":48,"Girya":3,"Happy Flower":48,"Astrolabe":29,"Dead Branch":59,"BookOfRevelations":48,"Oddly Smooth Stone":52,"Charon\u0027s Ashes":48,"Letter Opener":10,"War Paint":59,"Question Card":59,"OrangePellets":52,"YumHeart":59,"ForgetMeNow":29,"Bronze Scales":59,"Molten Egg 2":55,"EdensBlessing":59,"Symbiotic Virus":52,"Pocketwatch":48,"Meat on the Bone":48,"Darkstone Periapt":55,"GuppysPaw":59,"SacredBark":59,"SharpPlug":48,"Mango":52,"Snake Skull":48,"Juzu Bracelet":32,"Incense Burner":59,"Empty Cage":47,"ClockworkSouvenir":29,"Frozen Eye":52,"Tough Bandages":48,"Emotion Chip":52,"Dream Catcher":59,"TheAbacus":48,"ChampionBelt":55,"Pantograph":59,"Cracked Core":60,"Runic Pyramid":56,"DoctorsRemote":29,"HowToJump":59,"RottenBaby":52,"Orichalcum":55,"Medical Kit":59,"White Beast Statue":4,"Calling Bell":48,"Peace Pipe":55,"Anchor":59,"SalivaCoin":55,"Bag of Marbles":59,"GuppysHairball":25,"TungstenRod":48,"FossilizedHelix":52}],"Unceasing Top":[1],"Pocketwatch":[0],"Meat on the Bone":0,"Darkstone Periapt":0,"Regal Pillow":0,"Singing Bowl":24,"Magic Flower":[0],"StoneCalendar":[0],"Snake Skull":[67],"Juzu Bracelet":3,"Cursed Key":1,"Tough Bandages":[18],"Emotion Chip":[1,0,0,1,0],"Dream Catcher":3,"TheAbacus":[18],"Pantograph":0,"Chemical X":[1],"InkBottle":[14],"Ring of the Snake":[49],"Lee\u0027s Waffle":29,"Inserter":[18],"Self Forming Clay":[0],"Orichalcum":[12],"Medical Kit":[0],"Peace Pipe":2,"Ornamental Fan":[44],"Turnip":[0],"Art of War":[1],"Champion Belt":[7],"Toy Ornithopter":12,"TungstenRod":2},"card_choices":[{"not_picked":["PiercingWail","Predator"],"picked":"Cloak And Dagger","floor":1},{"not_picked":["Distraction","Dagger Throw"],"picked":"Backflip","floor":3},{"not_picked":["Deflect","Poisoned Stab","Underhanded Strike"],"picked":"SKIP","floor":8},{"not_picked":["Outmaneuver","Crippling Poison"],"picked":"Infinite Blades+1","floor":10},{"not_picked":["Unload","Outmaneuver","Setup"],"picked":"SKIP","floor":12},{"not_picked":["Underhanded Strike","Deflect"],"picked":"Terror","floor":13},{"not_picked":["All Out Attack","Dash"],"picked":"Adrenaline","floor":14},{"not_picked":["Wraith Form v2+1","Unload"],"picked":"Envenom+1","floor":16},{"not_picked":["Endless Agony+1","Riddle With Holes","Deflect"],"picked":"SKIP","floor":18},{"not_picked":["Slice","Heel Hook"],"picked":"Calculated Gamble","floor":27},{"not_picked":["Catalyst","Deadly Poison"],"picked":"Footwork+1","floor":31},{"not_picked":["Grand Finale","Storm of Steel"],"picked":"Envenom+1","floor":33},{"not_picked":["Blur","Riddle With Holes","Dodge and Roll"],"picked":"SKIP","floor":35},{"not_picked":["Reflex","Expertise","Sucker Punch"],"picked":"SKIP","floor":38},{"not_picked":["Dagger Throw+1","Sucker Punch+1"],"picked":"Accuracy+1","floor":41},{"not_picked":["Bane","Sucker Punch"],"picked":"Noxious Fumes+1","floor":44},{"not_picked":["Deadly Poison+1","Prepared+1"],"picked":"Envenom+1","floor":46},{"not_picked":["Acrobatics+1","Blur+1","Backflip+1"],"picked":"Singing Bowl","floor":35},{"not_picked":["Crippling Poison+1","Predator+1","Underhanded Strike+1"],"picked":"Singing Bowl","floor":36},{"not_picked":["Sucker Punch+1","Dodge and Roll+1","Riddle With Holes+1"],"picked":"Singing Bowl","floor":36},{"not_picked":["Expertise+1","Acrobatics+1"],"picked":"Adrenaline+1","floor":36},{"not_picked":["Blur+1","Setup+1","Slice+1"],"picked":"Singing Bowl","floor":36},{"not_picked":["Caltrops+1","Well Laid Plans+1","Backstab+1"],"picked":"Singing Bowl","floor":36},{"not_picked":["Deadly Poison+1","Concentrate+1","Quick Slash+1"],"picked":"Singing Bowl","floor":37},{"not_picked":["Well Laid Plans+1","Underhanded Strike+1","Dodge and Roll+1"],"picked":"Singing Bowl","floor":38},{"not_picked":["Endless Agony+1","Prepared+1","Deadly Poison+1"],"picked":"Accuracy+1","floor":40},{"not_picked":["Leg Sweep+1","Outmaneuver+1","Quick Slash+1","Endless Agony+1"],"picked":"Singing Bowl","floor":41},{"not_picked":["Prepared+1","Backflip+1","Dash+1","Storm of Steel+1"],"picked":"Singing Bowl","floor":44},{"not_picked":["Setup+1","Sucker Punch+1","Slice+1","Accuracy+1"],"picked":"Singing Bowl","floor":45},{"not_picked":["Blind+1","Dark Shackles+1","Forethought+1","Mayhem+1"],"picked":"Singing Bowl","floor":46},{"not_picked":["Backflip+1","PiercingWail+1","Flying Knee+1","Dagger Throw+1"],"picked":"Singing Bowl","floor":48},{"not_picked":["Sucker Punch+1","Dagger Spray+1","Outmaneuver+1"],"picked":"Prepared+1","floor":49}],"player_experience":553181,"relics_obtained":[{"floor":6,"key":"Leech"},{"floor":9,"key":"White Beast Statue"},{"floor":12,"key":"WingedGreaves"},{"floor":14,"key":"WristBlade"},{"floor":26,"key":"Pen Nib"},{"floor":27,"key":"Juzu Bracelet"},{"floor":36,"key":"Philosopher\u0027s Stone"},{"floor":37,"key":"SatanicBible"},{"floor":37,"key":"Empty Cage"},{"floor":39,"key":"Kunai"},{"floor":39,"key":"TheBible"},{"floor":39,"key":"Snake Skull"},{"floor":43,"key":"Omamori"},{"floor":44,"key":"Art of War"},{"floor":37,"key":"Runic Pyramid"},{"floor":38,"key":"Boot"},{"floor":38,"key":"SacredBark"},{"floor":41,"key":"TwistedFunnel"},{"floor":41,"key":"SteamSale"},{"floor":43,"key":"Cracked Core"},{"floor":44,"key":"Turnip"},{"floor":44,"key":"Cables"},{"floor":48,"key":"Bottled Tornado"}],"event_choices":[{"cards_removed":["Strike_G"],"damage_healed":0,"gold_gain":0,"player_choice":"Offered Basic","damage_taken":0,"max_hp_gain":0,"max_hp_loss":0,"event_name":"Bonfire Elementals","floor":2,"gold_loss":0},{"damage_healed":0,"gold_gain":0,"player_choice":"Box","damage_taken":0,"relics_obtained":["Girya"],"max_hp_gain":0,"max_hp_loss":0,"event_name":"Big Fish","floor":5,"gold_loss":0,"cards_obtained":["Regret"]},{"cards_removed":["Strike_G"],"damage_healed":0,"gold_gain":0,"player_choice":"Gave Gold","damage_taken":0,"max_hp_gain":0,"max_hp_loss":0,"event_name":"Beggar","floor":19,"gold_loss":75},{"damage_healed":0,"gold_gain":0,"player_choice":"Copied","damage_taken":0,"max_hp_gain":0,"max_hp_loss":0,"event_name":"Duplicator","floor":21,"gold_loss":0,"cards_obtained":["Envenom"]},{"damage_healed":0,"gold_gain":0,"player_choice":"Shed Blood","damage_taken":17,"max_hp_gain":5,"max_hp_loss":0,"event_name":"Forgotten Altar","floor":23,"gold_loss":0},{"damage_healed":0,"gold_gain":0,"player_choice":"Ignored","damage_taken":0,"max_hp_gain":0,"max_hp_loss":0,"event_name":"Vampires","floor":30,"gold_loss":0},{"damage_healed":0,"gold_gain":0,"player_choice":"Fight","damage_taken":0,"max_hp_gain":0,"max_hp_loss":0,"event_name":"Mysterious Sphere","floor":36,"gold_loss":0},{"damage_healed":0,"gold_gain":0,"player_choice":"Fight","damage_taken":0,"max_hp_gain":0,"max_hp_loss":0,"event_name":"HidenRoomEvent","floor":37,"gold_loss":0},{"damage_healed":0,"gold_gain":0,"player_choice":"0 cards matched","damage_taken":0,"max_hp_gain":0,"max_hp_loss":0,"event_name":"Match and Keep!","floor":47,"gold_loss":0,"cards_obtained":[]},{"cards_removed":["Neutralize"],"damage_healed":0,"gold_gain":0,"player_choice":"Removed Attack","damage_taken":0,"max_hp_gain":0,"max_hp_loss":0,"event_name":"Falling","floor":48,"gold_loss":0},{"damage_healed":0,"gold_gain":0,"player_choice":"Memory 1","damage_taken":0,"max_hp_gain":0,"max_hp_loss":0,"event_name":"SensoryStone","floor":46,"gold_loss":0}],"is_beta":false,"boss_relics":[{"not_picked":["PreservedInsect","Sozu"],"picked":"Succubus"},{"not_picked":[]},{"not_picked":["Mercury Hourglass","Whetstone"],"picked":"The Courier"},{"not_picked":[]}],"items_purged_floors":[4,11,22,25,28,39,45,36,39,47],"is_endless":false,"potions_floor_spawned":[1,8,10,12,13,14,16,18,27,31,33,35,36,38,41,44,46,35,37,38,41,44,48],"ascension_level":20}}