{"host":"j4g6ia6asvpyu2b0","time":1609805829,"event":{"mods":["BaseMod","Colored Map","Minty Spire (QoL Compilation)","Permanent Neow","Quick Restart","Relic Stats","StSLib","Unceasing Turn Reminder"],"gold_per_floor":[114,130,141,157,107,107,121,146,146,146,164,197,197,213,213,308,308,323,339,339,254,265,265,293,293,317,317,347,347,347,379,379,483,483,497,517,792,807,706,706,739,751,763,807,819,851,863,863],"floor_reached":47,"playtime":1330,"items_purged":["Strike_G"],"score":866,"play_id":"1b69c982-a77f-4bde-9297-d0745d4d7dc8","local_time":"20210104171709","is_ascension_mode":true,"campfire_choices":[{"data":"Predator","floor":6.0,"key":"SMITH"},{"data":"Blade Dance","floor":10.0,"key":"SMITH"},{"data":"Finisher","floor":15.0,"key":"SMITH"},{"data":"Skewer","floor":23,"key":"SMITH"},{"data":"Dash","floor":25,"key":"SMITH"},{"data":"Neutralize","floor":27,"key":"SMITH"},{"data":"Choke","floor":29,"key":"SMITH"},{"floor":32,"key":"RECALL"},{"data":"Dash","floor":40,"key":"SMITH"}],"circlet_count":0,"master_deck":["Strike_G","Strike_G","Strike_G","Defend_G","Defend_G","Defend_G","Defend_G","Defend_G","Survivor","Neutralize+1","Flying Knee","Finisher+1","Predator+1","Sucker Punch","PiercingWail","Blade Dance+1","Dash+1","Infinite Blades","Quick Slash","Unload","Flying Knee","Flying Knee","Necronomicurse","Skewer+1","Choke+1","Deflect+1","Predator","Dagger Throw","Glass Knife","Noxious Fumes+1","Dash+1","Regret","Deadly Poison+1","PiercingWail","After Image","Acrobatics","Dagger Throw+1"],"relics":["Philosopher\u0027s Stone","WingedGreaves","Oddly Smooth Stone","Strawberry","Runic Pyramid","Necronomicon","Ornamental Fan","Juzu Bracelet","Bronze Scales","Ancient Tea Set","Pantograph","Black Star","MawBank","Boot","Art of War","Happy Flower"],"acts_visited":["Exordium","TheCity","TheBeyond"],"potions_floor_usage":[31,33,44,44],"damage_taken":[{"damage":1.0,"enemies":"Cultist","floor":1.0,"turns":6.0},{"damage":0.0,"enemies":"2 Louse","floor":2.0,"turns":3.0},{"damage":0.0,"enemies":"Small Slimes","floor":3.0,"turns":2.0},{"damage":0.0,"enemies":"Exordium Wildlife","floor":4.0,"turns":3.0},{"damage":0.0,"enemies":"Blue Slaver","floor":7.0,"turns":3.0},{"damage":18.0,"enemies":"3 Sentries","floor":8.0,"turns":5.0},{"damage":0.0,"enemies":"3 Louse","floor":11.0,"turns":3.0},{"damage":2.0,"enemies":"Gremlin Nob","floor":12.0,"turns":3.0},{"damage":2.0,"enemies":"Exordium Thugs","floor":14.0,"turns":4.0},{"damage":21.0,"enemies":"Hexaghost","floor":16.0,"turns":9.0},{"damage":0,"enemies":"Chosen","floor":18,"turns":3},{"damage":1,"enemies":"Spheric Guardian","floor":19,"turns":3},{"damage":0,"enemies":"Cultist and Chosen","floor":22,"turns":4},{"damage":0,"enemies":"Gremlin Leader","floor":24,"turns":4},{"damage":14,"enemies":"Slavers","floor":28,"turns":4},{"damage":0,"enemies":"Book of Stabbing","floor":31,"turns":2},{"damage":33,"enemies":"Champ","floor":33,"turns":6},{"damage":0,"enemies":"Orb Walker","floor":35,"turns":1},{"damage":7,"enemies":"3 Shapes","floor":36,"turns":5},{"damage":15,"enemies":"3 Darklings","floor":38,"turns":4},{"damage":0,"enemies":"Nemesis","floor":41,"turns":3},{"damage":12,"enemies":"Reptomancer","floor":44,"turns":5},{"damage":18,"enemies":"4 Shapes","floor":46,"turns":4},{"damage":27,"enemies":"Giant Head","floor":47,"turns":6}],"seed_played":"-3588875081376781982","potions_obtained":[{"floor":1.0,"key":"Dexterity Potion"},{"floor":3.0,"key":"Strength Potion"},{"floor":7.0,"key":"PowerPotion"},{"floor":8.0,"key":"Swift Potion"},{"floor":24,"key":"Dexterity Potion"},{"floor":28,"key":"CultistPotion"},{"floor":31,"key":"Block Potion"},{"floor":33,"key":"BlessingOfTheForge"},{"floor":35,"key":"DuplicationPotion"},{"floor":41,"key":"DuplicationPotion"},{"floor":44,"key":"Regen Potion"}],"is_trial":false,"path_per_floor":["M","M","M","M","?","R","M","E","T","R","M","E","?","M","R","B",null,"M","M","?","?","M","R","E","R","T","R","E","R","?","E","R","B",null,"M","M","?","M","$","R","E","$","T","E","$","M","E"],"character_chosen":"THE_SILENT","items_purchased":["PiercingWail"],"campfire_rested":0,"item_purchase_floors":[39],"current_hp_per_floor":[62,62,62,62,62,62,62,44,44,44,44,49,54,52,52,31,69,69,68,52,52,52,52,52,52,52,52,38,38,38,38,38,30,69,69,62,62,47,47,47,47,47,47,35,35,17,0,0],"gold":863,"neow_bonus":"BOSS_RELIC","is_daily":false,"chose_seed":false,"campfire_upgraded":8,"win_rate":0.0,"timestamp":1609805829,"path_taken":["M","?","M","M","?","R","M","E","T","R","M","E","?","?","R","BOSS","M","M","?","?","M","R","E","R","T","R","E","R","?","E","R","BOSS","M","M","?","M","$","R","E","$","T","E","?","M","E"],"items_purchased_type":["Card"],"build_version":"2020-12-22","purchased_purges":1,"victory":false,"max_hp_per_floor":[70,70,70,70,70,70,70,70,70,70,70,77,82,82,82,82,82,82,82,82,82,82,82,82,82,82,82,82,82,82,82,82,82,82,82,82,82,82,82,82,82,82,82,82,82,82,82,82],"relic_stats":{"Happy Flower":[3],"counters":[24,95],"Ornamental Fan":[200],"Bronze Scales":[99],"Pantograph":25,"Necronomicon":[33],"Juzu Bracelet":0,"Black Star":2,"Art of War":[1],"MawBank":72,"Boot":[9],"obtain_stats":[{"Happy Flower":44,"Oddly Smooth Stone":9,"Juzu Bracelet":24,"Ancient Tea Set":28,"MawBank":41,"Boot":41,"Ornamental Fan":21,"Strawberry":12,"Bronze Scales":26,"Pantograph":31,"Philosopher\u0027s Stone":0,"WingedGreaves":8,"Necronomicon":20,"Black Star":34,"Art of War":44,"Ring of the Snake":0,"Runic Pyramid":17},{"Happy Flower":22,"Oddly Smooth Stone":6,"Juzu Bracelet":14,"Ancient Tea Set":15,"MawBank":21,"Boot":21,"Ornamental Fan":12,"Strawberry":8,"Bronze Scales":14,"Pantograph":16,"Philosopher\u0027s Stone":0,"WingedGreaves":6,"Necronomicon":12,"Black Star":17,"Art of War":22,"Ring of the Snake":0,"Runic Pyramid":10},{"Happy Flower":85,"Oddly Smooth Stone":22,"Juzu Bracelet":55,"Ancient Tea Set":59,"MawBank":80,"Boot":80,"Ornamental Fan":47,"Strawberry":28,"Bronze Scales":55,"Pantograph":61,"Philosopher\u0027s Stone":0,"WingedGreaves":22,"Necronomicon":47,"Black Star":67,"Art of War":85,"Ring of the Snake":0,"Runic Pyramid":41}]},"card_choices":[{"not_picked":["Heel Hook","Bane"],"picked":"Flying Knee","floor":1.0},{"not_picked":["Accuracy","Caltrops"],"picked":"Finisher","floor":2.0},{"not_picked":["Footwork","Quick Slash"],"picked":"Predator","floor":3.0},{"not_picked":["Slice","PiercingWail"],"picked":"Sucker Punch","floor":4.0},{"not_picked":["Tactician","Escape Plan"],"picked":"PiercingWail","floor":7.0},{"not_picked":["Bane","Choke"],"picked":"Blade Dance","floor":8.0},{"not_picked":["Dagger Spray","Backflip"],"picked":"Dash","floor":11.0},{"not_picked":["PiercingWail","Poisoned Stab"],"picked":"Infinite Blades","floor":12.0},{"not_picked":["Backstab","Deflect"],"picked":"Quick Slash","floor":14.0},{"not_picked":["Bullet Time","Storm of Steel"],"picked":"Unload","floor":16.0},{"not_picked":["Prepared","Deadly Poison+1"],"picked":"Flying Knee","floor":18},{"not_picked":["Distraction+1","Prepared"],"picked":"Flying Knee","floor":19},{"not_picked":["Dodge and Roll","Quick Slash"],"picked":"Skewer","floor":22},{"not_picked":["Underhanded Strike","Prepared"],"picked":"Choke","floor":24},{"not_picked":["Eviscerate+1","Bane+1"],"picked":"Deflect+1","floor":28},{"not_picked":["Poisoned Stab","All Out Attack"],"picked":"Dagger Throw","floor":31},{"not_picked":["Venomology","Night Terror"],"picked":"Glass Knife","floor":33},{"not_picked":["Prepared","Outmaneuver"],"picked":"Noxious Fumes+1","floor":35},{"not_picked":["Backstab+1","Dagger Spray"],"picked":"Dash","floor":36},{"not_picked":["Dash","Slice+1"],"picked":"Deadly Poison+1","floor":38},{"not_picked":["Caltrops+1","Finisher"],"picked":"After Image","floor":41},{"not_picked":["Deadly Poison","Slice"],"picked":"Acrobatics","floor":44},{"not_picked":["Acrobatics","Prepared"],"picked":"Dagger Throw+1","floor":46}],"player_experience":709041,"relics_obtained":[{"floor":8.0,"key":"WingedGreaves"},{"floor":9.0,"key":"Oddly Smooth Stone"},{"floor":12.0,"key":"Strawberry"},{"floor":20,"key":"Necronomicon"},{"floor":24,"key":"Juzu Bracelet"},{"floor":26,"key":"Bronze Scales"},{"floor":28,"key":"Ancient Tea Set"},{"floor":31,"key":"Pantograph"},{"floor":41,"key":"MawBank"},{"floor":41,"key":"Boot"},{"floor":44,"key":"Art of War"},{"floor":44,"key":"Happy Flower"}],"event_choices":[{"cards_removed":["Strike_G"],"damage_healed":0.0,"max_hp_gain":0.0,"max_hp_loss":0.0,"gold_gain":0.0,"event_name":"The Cleric","player_choice":"Card Removal","floor":5.0,"gold_loss":50.0,"damage_taken":0.0},{"damage_healed":0.0,"max_hp_gain":5.0,"max_hp_loss":0.0,"gold_gain":0.0,"event_name":"Big Fish","player_choice":"Donut","floor":13.0,"gold_loss":0.0,"damage_taken":0.0},{"damage_healed":0,"gold_gain":0,"player_choice":"Obtained Book","damage_taken":16,"max_hp_gain":0,"max_hp_loss":0,"event_name":"Cursed Tome","floor":20,"gold_loss":0},{"damage_healed":0,"gold_gain":0,"player_choice":"Obtained Relic","damage_taken":0,"relics_obtained":["Ornamental Fan"],"max_hp_gain":0,"max_hp_loss":0,"event_name":"Addict","floor":21,"gold_loss":85},{"damage_healed":0,"gold_gain":0,"player_choice":"Read","damage_taken":0,"max_hp_gain":0,"max_hp_loss":0,"event_name":"The Library","floor":30,"gold_loss":0,"cards_obtained":["Predator"]},{"damage_healed":0,"gold_gain":275,"player_choice":"Desecrate","damage_taken":0,"max_hp_gain":0,"max_hp_loss":0,"event_name":"Golden Shrine","floor":37,"gold_loss":0,"cards_obtained":["Regret"]}],"is_beta":false,"boss_relics":[{"not_picked":["Pandora\u0027s Box","Runic Dome"],"picked":"Runic Pyramid"},{"not_picked":["Tiny House","Calling Bell"],"picked":"Black Star"}],"items_purged_floors":[39],"is_endless":false,"potions_floor_spawned":[1,3,7,8,11,24,28,31,33,35,41,44],"killed_by":"Giant Head","ascension_level":6}}