{"host":"ikjt6v4q6zrcj3if","time":1609862805,"event":{"mods":["BaseMod","CapriCore","Colored Map","Downfall","Luminous","Minty Spire (QoL Compilation)","Permanent Neow","Quick Restart","Replay The Spire","Robot Space Explorer","Somnambulant","Spicy Shops","StSLib","SuperFastMode","The Exalted","The Marked","The Runesmith","TheSwordswoman","WarShipGirlsR/??è≠èóR mod"],"gold_per_floor":[360,360,377,392,171,171,202,90,90,104,132,132,146,146,146,244,244,256,256,271,129,129,144,158,158,158,58,91,91,91,104,104,104,104],"floor_reached":33,"playtime":1576,"items_purged":["theMarked:Strike","theMarked:Strike","theMarked:Strike"],"score":275,"play_id":"0c4f2494-1dd7-4305-b402-c180e5f3b730","local_time":"20210106010645","is_ascension_mode":false,"campfire_choices":[{"data":"theMarked:HeritageOfTheMarked","floor":6,"key":"SMITH"},{"data":"theMarked:SoldierOfQuellstein","floor":15,"key":"SMITH"},{"data":"Apotheosis","floor":25,"key":"SMITH"},{"data":"Mayhem","floor":29,"key":"SMITH"},{"data":"theMarked:Levitate","floor":32,"key":"SMITH"}],"circlet_count":0,"master_deck":["theMarked:Strike","theMarked:Strike","theMarked:Defend","theMarked:Defend","theMarked:Defend","theMarked:Defend","theMarked:SoldierOfQuellstein+1","theMarked:HeritageOfTheMarked+1","theMarked:DeterminationOfTheMarked","theMarked:RepellingDischarge","theMarked:Levitate+1","Apotheosis+1","Mayhem+1"],"relics":["theMarked:ArtifactOfAir","The Courier","Mercury Hourglass","TungstenRod","Bromod:ArcaneGrace","Golden Egg","ReplayFunnel","Pet Ghost"],"acts_visited":["Exordium","TheCity"],"potions_floor_usage":[7,16,23],"damage_taken":[{"damage":0,"enemies":"Small Slimes","floor":1,"turns":3},{"damage":1,"enemies":"Cultist","floor":3,"turns":4},{"damage":1,"enemies":"Jaw Worm","floor":4,"turns":4},{"damage":19,"enemies":"Gremlin Nob","floor":7,"turns":4},{"damage":9,"enemies":"Exordium Wildlife","floor":10,"turns":3},{"damage":6,"enemies":"Lagavulin","floor":11,"turns":6},{"damage":1,"enemies":"3 Louse","floor":13,"turns":3},{"damage":15,"enemies":"Slime Boss","floor":16,"turns":6},{"damage":27,"enemies":"2 Thieves","floor":18,"turns":4},{"damage":21,"enemies":"Spheric Guardian","floor":20,"turns":6},{"damage":14,"enemies":"Chosen and Byrds","floor":23,"turns":5},{"damage":0,"enemies":"Centurion and Healer","floor":24,"turns":6},{"damage":13,"enemies":"Gremlin Leader","floor":28,"turns":6},{"damage":2,"enemies":"Sentry and Sphere","floor":31,"turns":9},{"damage":33,"enemies":"Automaton","floor":33,"turns":12}],"seed_played":"5535352342684467782","potions_obtained":[{"floor":2,"key":"Fire Potion"},{"floor":7,"key":"Fruit Juice"},{"floor":10,"key":"Slimebound:ThreeZeroPotion"},{"floor":11,"key":"Reflective Coating"},{"floor":13,"key":"SkillPotion"},{"floor":20,"key":"Fire Potion"}],"is_trial":false,"path_per_floor":["M","?","M","M","$","R","E","$","T","M","E","?","M","?","R","B",null,"M","?","M","$","?","M","M","R","T","$","E","R","?","M","R","B"],"character_chosen":"THE_DEFAULT","items_purchased":["theMarked:HeritageOfTheMarked","theMarked:DeterminationOfTheMarked","Mayhem"],"campfire_rested":0,"item_purchase_floors":[5,8,21],"current_hp_per_floor":[49,49,48,47,47,47,33,33,33,24,18,23,22,22,22,7,80,56,56,36,36,36,23,23,23,23,23,12,12,12,11,11,0,0],"gold":104,"neow_bonus":"TWO_FIFTY_GOLD","is_daily":false,"chose_seed":false,"campfire_upgraded":5,"win_rate":0.0,"timestamp":1609862805,"path_taken":["M","?","?","M","$","R","E","$","T","M","E","?","M","?","R","BOSS","M","?","M","$","?","M","M","R","T","$","E","R","?","M","R","BOSS"],"items_purchased_type":["Card","Card","Card"],"build_version":"2020-12-22","purchased_purges":3,"victory":false,"max_hp_per_floor":[70,70,70,70,70,70,75,75,75,75,75,80,80,80,80,80,80,80,80,80,80,80,80,80,80,80,80,80,80,80,80,80,80,80],"card_choices":[{"not_picked":["theMarked:Improvise","theMarked:TwofoldDefense","theMarked:Static"],"picked":"SKIP","floor":1},{"not_picked":["theMarked:Improvise","theMarked:MaelstromOfLightning","theMarked:ChainLightning"],"picked":"SKIP","floor":3},{"not_picked":["theMarked:RepellingDischarge","theMarked:Frustration","theMarked:Static"],"picked":"SKIP","floor":4},{"not_picked":["theMarked:MysticalArsenal","theMarked:ElectricStrings","theMarked:Aftermath"],"picked":"SKIP","floor":7},{"not_picked":["theMarked:WastefulDefense","theMarked:Electrocute","theMarked:Frustration"],"picked":"SKIP","floor":10},{"not_picked":["theMarked:Convert","theMarked:WastefulAttack","theMarked:SelfDefenseTraining"],"picked":"SKIP","floor":11},{"not_picked":["theMarked:Parkour","theMarked:DeterminationOfTheMarked"],"picked":"theMarked:RepellingDischarge","floor":13},{"not_picked":["theMarked:BindingBlade","theMarked:MagicAdept"],"picked":"theMarked:Levitate","floor":16},{"not_picked":["theMarked:Static","theMarked:Aftermath+1","theMarked:TwofoldDefense+1"],"picked":"SKIP","floor":18},{"not_picked":["theMarked:ContemptForTheProud","theMarked:RogueSparks+1","theMarked:RepellingDischarge"],"picked":"SKIP","floor":20},{"not_picked":["theMarked:Generate+1","theMarked:ParalyzingBlade","theMarked:TwofoldDefense+1"],"picked":"SKIP","floor":23},{"not_picked":["theMarked:HeightenedSenses","theMarked:EnhanceMovement","theMarked:Electrify"],"picked":"SKIP","floor":24},{"not_picked":["theMarked:Aftermath","theMarked:TunnelVision","theMarked:ThrowWeapon"],"picked":"SKIP","floor":28},{"not_picked":["theMarked:Frustration+1","theMarked:TunnelVision","theMarked:EmpowerWeapon"],"picked":"SKIP","floor":31}],"player_experience":352857,"relics_obtained":[{"floor":7,"key":"The Courier"},{"floor":9,"key":"Mercury Hourglass"},{"floor":11,"key":"TungstenRod"},{"floor":26,"key":"Golden Egg"},{"floor":28,"key":"ReplayFunnel"}],"event_choices":[{"damage_healed":0,"gold_gain":0,"player_choice":"Got Potions","damage_taken":0,"max_hp_gain":0,"max_hp_loss":0,"event_name":"Lab","floor":2,"gold_loss":0},{"damage_healed":0,"gold_gain":0,"player_choice":"Donut","damage_taken":0,"max_hp_gain":5,"max_hp_loss":0,"event_name":"Big Fish","floor":12,"gold_loss":0},{"damage_healed":0,"gold_gain":0,"player_choice":"Ignored","damage_taken":0,"max_hp_gain":0,"max_hp_loss":0,"event_name":"Liars Game","floor":14,"gold_loss":0},{"damage_healed":0,"gold_gain":0,"player_choice":"Ignored","damage_taken":0,"max_hp_gain":0,"max_hp_loss":0,"event_name":"The Mausoleum","floor":22,"gold_loss":0},{"damage_healed":0,"gold_gain":0,"player_choice":"Gave Potion","damage_taken":0,"relics_obtained":["Pet Ghost"],"max_hp_gain":0,"max_hp_loss":0,"event_name":"WeMeetAgain","floor":30,"gold_loss":0}],"is_beta":false,"boss_relics":[{"not_picked":["Fusion Hammer","Painkiller Herb"],"picked":"Bromod:ArcaneGrace"}],"items_purged_floors":[5,8,27],"is_endless":false,"potions_floor_spawned":[7,10,11,13,20],"killed_by":"Automaton","ascension_level":0}}