{"host":"ewfe3cr33ktd9xzj","time":1609874252,"event":{"mods":["AchievementEnabler","BaseMod","Colored Map","Custom Start","DeckTracker","Minty Spire (QoL Compilation)","Permanent Neow","Rare Cards Sparkle","StSLib","everything is the same but u backflip on backflip"],"gold_per_floor":[219,88,98,98,114,141,161,161,161],"floor_reached":8,"playtime":593,"items_purged":["Strike_P"],"score":166,"play_id":"9a2687c3-db6d-4e24-b1aa-6b7440555a0c","local_time":"20210106041732","is_ascension_mode":true,"campfire_choices":[],"circlet_count":0,"master_deck":["AscendersBane","Strike_P","Strike_P","Strike_P","Defend_P","Defend_P","Defend_P","Defend_P","Eruption","Vigilance","CrushJoints","Tantrum","ReachHeaven","Halt"],"relics":["PureWater","Art of War"],"acts_visited":["Exordium"],"potions_floor_usage":[],"damage_taken":[{"damage":7.0,"enemies":"Small Slimes","floor":1.0,"turns":4.0},{"damage":4.0,"enemies":"2 Louse","floor":3.0,"turns":3.0},{"damage":0.0,"enemies":"Cultist","floor":5.0,"turns":2.0},{"damage":0.0,"enemies":"Lagavulin","floor":6.0,"turns":3.0},{"damage":10,"enemies":"Large Slime","floor":7,"turns":3},{"damage":24,"enemies":"3 Sentries","floor":8,"turns":5}],"seed_played":"7646812267360960845","potions_obtained":[{"floor":3.0,"key":"DuplicationPotion"},{"floor":6.0,"key":"Dexterity Potion"}],"is_trial":false,"path_per_floor":["M","$","M","?","M","E","M","E"],"character_chosen":"WATCHER","items_purchased":["CrushJoints"],"campfire_rested":0,"item_purchase_floors":[2],"current_hp_per_floor":[54,54,50,50,50,50,40,16,16],"gold":161,"neow_bonus":"HUNDRED_GOLD","is_daily":false,"chose_seed":false,"campfire_upgraded":0,"win_rate":0.0,"timestamp":1609874252,"path_taken":["M","$","M","?","M","E","M","E"],"items_purchased_type":["Card"],"build_version":"2020-12-22","purchased_purges":1,"victory":false,"max_hp_per_floor":[68,68,68,68,68,68,68,68,68],"card_choices":[{"not_picked":["SashWhip","Study","Prostrate"],"picked":"SKIP","floor":1.0},{"not_picked":["SashWhip","Study","Prostrate"],"picked":"SKIP","floor":1.0},{"not_picked":["PathToVictory","ClearTheMind"],"picked":"Tantrum","floor":3.0},{"not_picked":["EmptyMind","Halt"],"picked":"ReachHeaven","floor":5.0},{"not_picked":["Evaluate","Collect","Sanctity"],"picked":"SKIP","floor":6.0},{"not_picked":["TalkToTheHand","BattleHymn"],"picked":"Halt","floor":7}],"player_experience":29529,"relics_obtained":[{"floor":6.0,"key":"Art of War"}],"event_choices":[{"damage_healed":0.0,"max_hp_gain":0.0,"max_hp_loss":0.0,"gold_gain":0.0,"event_name":"Liars Game","player_choice":"Ignored","floor":4.0,"gold_loss":0.0,"damage_taken":0.0}],"is_beta":false,"boss_relics":[],"items_purged_floors":[2],"is_endless":false,"potions_floor_spawned":[3,6],"killed_by":"3 Sentries","ascension_level":20}}