{"host":"ee5exjejqz6r5zx9","time":1609867139,"event":{"mods":["Act Like it!","BaseMod","Card Forge","Colored Powertips","Custom Start","Gensokyo","HololiveMod","Minty Spire (QoL Compilation)","MostiFishMod","Pale of the Ancients","Quick Restart","Rare Cards Sparkle","Remove Card Discount Mod","Replay The Spire","RumiaBox-露米娅的神秘盒子","Ryuuou龙王","Shop Mod","StSLib","TestMod","Yakumo Yukari mod","【功能Mod】混沌之环修复补丁","【遗物卡牌】REMEMod"],"gold_per_floor":[511,551,570,570,266,301,301,314,339,339,357,386,396,230,230,304,304,322,337,337,337,351,382,398,426,450,330,362,376,404,424,424,501,501,517,360,360,360,203,237,237,246,246,257,257,101,133,153,153,153,153,153,153,153,183,183],"floor_reached":57,"playtime":2115,"items_purged":["Strike_R+1","Strike_R+1","Strike_R+1"],"score":3686,"play_id":"c2c80ccf-876e-4607-be58-04a650a08760","local_time":"20210106011859","is_ascension_mode":true,"campfire_choices":[{"floor":15.0,"key":"RECALL"}],"circlet_count":0,"master_deck":["AscendersBane","Evolve+1","Shockwave+1","True Grit+1","Entrench+1","Body Slam+1","Burning Pact+1","Power Through+1","Barricade+1","Feel No Pain+1","Second Wind+1","Dark Embrace+1","Shrug It Off+1"],"relics":["Burning Blood","Hammer of Thor","Seething Fire","Anvil of the Gods","testmod-TestBox","DaveBox","testmod-Alchemist","OneHitWonderSystem","SynthV:TestCard","ReplayTheSpireMod:Shallot","Blue Doll","BrkXgEgg","testmod-Register","Lantern","PreservedInsect","Replay:Grab Bag","Sozu","Coffee Dripper","REME_DemonsWealth","Toxic Egg 2","MagicDraw3","Bronze Scales","Gensokyo:SpiderMask","Replay:WaspNest","CeramicFish","ChiXiaoBlade","REME_CardOfGreed","Gensokyo:EmptyGrave","SSSystem","Blood Vial","testmod-ArcanaOfDestiny","Gensokyo:DualWield","Dodecahedron","Ancient Tea Set","MagicDraw1"],"acts_visited":["Gensokyo:Gensokyo","Gensokyo:Gensokyoer","Gensokyo:Gensokyoest","TheEnding"],"potions_floor_usage":[],"damage_taken":[{"damage":0.0,"enemies":"Gensokyo:3_Fairies","floor":1.0,"turns":3.0},{"damage":0.0,"enemies":"Gensokyo:Gryphon","floor":3.0,"turns":2.0},{"damage":0.0,"enemies":"Gensokyo:Cirno","floor":6.0,"turns":5.0},{"damage":0.0,"enemies":"Gensokyo:Python","floor":8.0,"turns":2.0},{"damage":0.0,"enemies":"Gensokyo:Kitsune","floor":11.0,"turns":2.0},{"damage":0.0,"enemies":"Gensokyo:Mamizou","floor":12.0,"turns":6.0},{"damage":0.0,"enemies":"Gensokyo:VengefulSpirit","floor":13.0,"turns":5.0},{"damage":0.0,"enemies":"Gensokyo:Yukari","floor":16.0,"turns":5.0},{"damage":0.0,"enemies":"Gensokyo:CosmicMonolith","floor":18.0,"turns":4.0},{"damage":0.0,"enemies":"Gensokyo:2_Gloops","floor":19.0,"turns":3.0},{"damage":0.0,"enemies":"Gensokyo:Mirror_and_Dog","floor":22.0,"turns":4.0},{"damage":0.0,"enemies":"Gensokyo:Reisen","floor":23.0,"turns":2.0},{"damage":0.0,"enemies":"Gensokyo:Slime_Group","floor":24.0,"turns":3.0},{"damage":0.0,"enemies":"Gensokyo:Tenshi","floor":25.0,"turns":1.0},{"damage":0.0,"enemies":"Gensokyo:Reisen","floor":28.0,"turns":5.0},{"damage":0.0,"enemies":"Gensokyo:Chomper_and_Gloop","floor":29.0,"turns":4.0},{"damage":0.0,"enemies":"Gensokyo:Koishi","floor":30.0,"turns":3.0},{"damage":0.0,"enemies":"Gensokyo:3_Gloops","floor":31.0,"turns":3.0},{"damage":0.0,"enemies":"Gensokyo:Eiki","floor":33.0,"turns":4.0},{"damage":0,"enemies":"Gensokyo:3_Bats","floor":35,"turns":3},{"damage":0,"enemies":"Gensokyo:Doremy","floor":40,"turns":1},{"damage":0,"enemies":"Gensokyo:3_Boulders","floor":44,"turns":2},{"damage":0,"enemies":"Gensokyo:Marisa","floor":47,"turns":1},{"damage":0,"enemies":"Gensokyo:Dusk_and_Dawn","floor":48,"turns":1},{"damage":0,"enemies":"Gensokyo:Yuyuko","floor":50,"turns":1},{"damage":0,"enemies":"Gensokyo:Shinki","floor":51,"turns":3},{"damage":0,"enemies":"Shield and Spear","floor":55,"turns":1},{"damage":0,"enemies":"The Heart","floor":56,"turns":3}],"seed_played":"-538866126844276973","potions_obtained":[{"floor":6.0,"key":"Energy Potion"},{"floor":8.0,"key":"SteroidPotion"},{"floor":13.0,"key":"Venom Potion"}],"is_trial":false,"path_per_floor":["M","?","M","?","COS","E","?","M","T","?","M","E","M","$","R","B",null,"M","M","?","$","M","E","M","E","T","?","E","M","E","M","R","B",null,"M","$","?","?","$","E","R","?","T","M","?","COS","E","M","R","B","B",null,"R","$","E","B",null],"character_chosen":"IRONCLAD","items_purchased":["PreservedInsect","REME_CardOfGreed","SSSystem"],"campfire_rested":0,"item_purchase_floors":[14,36,39],"current_hp_per_floor":[1,1,1,1,1,1,1,1,1,1,1,1,1,1,1,1,1,1,1,1,1,1,1,1,1,1,1,1,1,1,1,1,1,1,1,1,1,1,1,1,1,1,1,1,1,1,1,1,1,1,1,1,1,1,1,1],"gold":183,"neow_bonus":"RANDOM_EVENT","is_daily":false,"chose_seed":false,"campfire_upgraded":0,"win_rate":0.0,"timestamp":1609867139,"path_taken":["M","?","M","?","COS","E","?","M","T","?","M","E","M","?","R","BOSS","M","M","?","$","?","E","?","E","T","?","E","?","E","M","R","BOSS","M","$","?","?","?","E","R","?","T","?","?","COS","E","M","R","BOSS","BOSS","R","$","E","BOSS"],"items_purchased_type":["Relic","Relic","Relic"],"build_version":"2020-12-22","purchased_purges":3,"victory":true,"max_hp_per_floor":[1,1,1,1,1,1,1,1,1,1,1,1,1,1,1,1,1,1,1,1,1,1,1,1,1,1,1,1,1,1,1,1,1,1,1,1,1,1,1,1,1,1,1,1,1,1,1,1,1,1,1,1,1,1,1,1],"card_choices":[{"not_picked":["Clash","Flex","Havoc"],"picked":"SKIP","floor":1.0},{"not_picked":["Perfected Strike","Armaments","Heavy Blade","Rage"],"picked":"Cleave","floor":2.0},{"not_picked":["MostiFishMod:NewArrival","Perfected Strike","Reckless Charge","Sword Boomerang"],"picked":"Shockwave","floor":2.0},{"not_picked":["Clash","Abandon","Havoc","Clothesline"],"picked":"True Grit","floor":3.0},{"not_picked":["Havoc","Flame Barrier","ReplayTheSpireMod:Muscle Training","Replay:Many Hands+1","Wild Strike"],"picked":"SKIP","floor":6.0},{"not_picked":["Uppercut","Anger","Sentinel","Thunderclap","Replay:Undeath\u0027s Touch"],"picked":"SKIP","floor":8.0},{"not_picked":["Rage","Inflame","Pommel Strike","Perfected Strike"],"picked":"Body Slam","floor":11.0},{"not_picked":["Armaments","Hemogenesis+1","Thunderclap","Sentinel"],"picked":"Burning Pact","floor":12.0},{"not_picked":["Spot Weakness","Rupture","Flame Barrier","Sword Boomerang"],"picked":"Power Through","floor":13.0},{"not_picked":["Wild Strike","ReplayTheSpireMod:Stacked","Whirlwind+1","Thunderclap","ReplayTheSpireMod:Doomed"],"picked":"Shrug It Off+1","floor":18.0},{"not_picked":["True Grit","Perfected Strike","Cleave","Heavy Blade+1","Run Through","Decay"],"picked":"SKIP","floor":19.0},{"not_picked":["ReplayTheSpireMod:Strike From Hell","Thunderclap","Heavy Blade","Disarm","Armaments","Hallucinations"],"picked":"SKIP","floor":22.0},{"not_picked":["Dual Wield+1","Pummel","Wild Strike+1","Perfected Strike","Replay:Undeath\u0027s Touch","Amnesia"],"picked":"SKIP","floor":23.0},{"not_picked":["Cleave","True Grit+1","Shrug It Off+1","Run Through","Dropkick","ReplayTheSpireMod:Faulty Equipment"],"picked":"SKIP","floor":24.0},{"not_picked":["REME_Fury+1","REME_Cut","Twin Strike","Sword Boomerang","Flame Barrier+1","Sickly"],"picked":"SKIP","floor":25.0},{"not_picked":["True Grit+1","Run Through","Rage+1","Twin Strike+1","Clash+1","Regret"],"picked":"SKIP","floor":28.0},{"not_picked":["Massacre","Havoc+1","Heavy Blade","Dropkick","Carnage","Replay:Hysterical Blindness"],"picked":"SKIP","floor":29.0},{"not_picked":["Cleave","Body Slam","Havoc+1","Thunderclap+1","Fire Breathing","Clumsy"],"picked":"SKIP","floor":30.0},{"not_picked":["Havoc+1","REME_Cut","ReplayReversal+1","Run Through","Entrench+1","Regret"],"picked":"SKIP","floor":31.0},{"not_picked":["REME_SingleHolding+1","Fire Breathing","Havoc+1","MostiFishMod:BrandingRite+1","Intimidate+1","Voices"],"picked":"SKIP","floor":35},{"not_picked":["Searing Blow+1","Reckless Charge+1","Sword Boomerang+1","Anger","REME_SingleHolding+1","Amnesia"],"picked":"SKIP","floor":40},{"not_picked":["Heavy Blade","Flame Barrier+1","True Grit+1","Twin Strike","Sword Boomerang","Doubt"],"picked":"SKIP","floor":44},{"not_picked":["Iron Wave","Seeing Red+1","Heavy Blade","Thunderclap","Body Slam+1","Pain"],"picked":"SKIP","floor":47},{"not_picked":["MostiFishMod:#F4004+1","Sentinel+1","Anger","Demonic Infusion+1","Feel No Pain","Writhe"],"picked":"SKIP","floor":48},{"not_picked":["Seeing Red+1","Brutality+1","Feel No Pain","Armaments+1","Havoc+1","Looming Evil"],"picked":"SKIP","floor":55}],"player_experience":428516,"relics_obtained":[{"floor":1.0,"key":"SynthV:TestCard"},{"floor":2.0,"key":"ReplayTheSpireMod:Shallot"},{"floor":12.0,"key":"Lantern"},{"floor":23.0,"key":"Toxic Egg 2"},{"floor":25.0,"key":"MagicDraw3"},{"floor":26.0,"key":"Bronze Scales"},{"floor":28.0,"key":"Replay:WaspNest"},{"floor":30.0,"key":"CeramicFish"},{"floor":40,"key":"Blood Vial"},{"floor":43,"key":"testmod-ArcanaOfDestiny"},{"floor":47,"key":"Ancient Tea Set"},{"floor":55,"key":"MagicDraw1"}],"event_choices":[{"damage_healed":0.0,"max_hp_gain":0.0,"max_hp_loss":0.0,"gold_gain":400.0,"event_name":"恩洛斯的盘子","player_choice":"Sell","floor":0.0,"relics_lost":["REME_ComplimentaryCards"],"gold_loss":0.0,"damage_taken":0.0}],"is_beta":false,"boss_relics":[{"not_picked":["Ectoplasm","BloodWine"],"picked":"Replay:Grab Bag"},{"not_picked":["Cursed Key","ChewingGum"],"picked":"Sozu"},{"not_picked":["Runic Dome","Fusion Hammer"],"picked":"Coffee Dripper"},{"not_picked":["testmod-DreamHouse","testmod-Nine"],"picked":"REME_DemonsWealth"},{"not_picked":["testmod-Prudence","testmod-Fanaticism"],"picked":"ChiXiaoBlade"}],"items_purged_floors":[14,14,14],"is_endless":false,"potions_floor_spawned":[6,8,13,22,23,25,28,33,35,47,55],"ascension_level":20}}