{"host":"tzyzz5n7hg2ni9q2","time":1609836843,"event":{"mods":["BaseMod","Minty Spire (QoL Compilation)","Quick Restart"],"gold_per_floor":[109,109,127,127,127,127,151,151,151,177,177,97,111,152,152,283,283,303,402,402,50,74,109,109,147,172,172,172,196,216,231,231,351,351,370,391,51,51,71,71,114,114,114,114,40,373,373,401,401,401,401,401,4,38,38],"floor_reached":56,"playtime":2121,"items_purged":["Strike_G","Strike_G"],"score":1314,"play_id":"b9e19214-b2dd-4a21-bcb1-9cf73d5e5577","local_time":"20210105095403","is_ascension_mode":false,"campfire_choices":[{"floor":6,"key":"REST"},{"data":"Neutralize","floor":8,"key":"SMITH"},{"floor":11,"key":"RECALL"},{"data":"Infinite Blades","floor":15,"key":"SMITH"},{"data":"Accuracy","floor":27,"key":"SMITH"},{"data":"Tools of the Trade","floor":32,"key":"SMITH"},{"data":"Adrenaline","floor":40,"key":"SMITH"},{"data":"Malaise","floor":42,"key":"SMITH"},{"data":"A Thousand Cuts","floor":49,"key":"SMITH"},{"data":"Panache","floor":52,"key":"SMITH"}],"circlet_count":0,"master_deck":["Strike_G+1","Strike_G","Strike_G","Defend_G","Defend_G+1","Defend_G","Defend_G","Defend_G+1","Survivor","Neutralize+1","Cloak And Dagger+1","Infinite Blades+1","Dash","Tools of the Trade+1","Adrenaline+1","Escape Plan","Accuracy+1","Panache+1","Escape Plan+1","Footwork+1","Footwork+1","A Thousand Cuts+1","CurseOfTheBell","Malaise+1","Backflip+1"],"relics":["Ring of the Snake","Gremlin Horn","Odd Mushroom","PreservedInsect","WristBlade","Lantern","Gambling Chip","Ornamental Fan","Mercury Hourglass","Calling Bell","Omamori","Molten Egg 2","Unceasing Top","Membership Card","MealTicket","War Paint","Bird Faced Urn","Potion Belt","Bronze Scales","Kunai","Shuriken","FossilizedHelix","Sling","Snake Skull"],"acts_visited":["Exordium","TheCity","TheBeyond","TheEnding"],"potions_floor_usage":[14,16,47,55,55,55,55,55],"damage_taken":[{"damage":0,"enemies":"2 Louse","floor":1,"turns":3},{"damage":0,"enemies":"Jaw Worm","floor":3,"turns":4},{"damage":0,"enemies":"Cultist","floor":7,"turns":3},{"damage":4,"enemies":"The Mushroom Lair","floor":10,"turns":5},{"damage":0,"enemies":"3 Louse","floor":13,"turns":2},{"damage":13,"enemies":"Lagavulin","floor":14,"turns":6},{"damage":40,"enemies":"Slime Boss","floor":16,"turns":16},{"damage":11,"enemies":"2 Thieves","floor":18,"turns":4},{"damage":4,"enemies":"Spheric Guardian","floor":22,"turns":3},{"damage":0,"enemies":"Book of Stabbing","floor":23,"turns":4},{"damage":0,"enemies":"Slavers","floor":25,"turns":3},{"damage":5,"enemies":"Snake Plant","floor":29,"turns":5},{"damage":0,"enemies":"Snecko","floor":30,"turns":4},{"damage":2,"enemies":"Cultist and Chosen","floor":31,"turns":4},{"damage":15,"enemies":"Champ","floor":33,"turns":10},{"damage":0,"enemies":"Orb Walker","floor":35,"turns":3},{"damage":0,"enemies":"3 Shapes","floor":36,"turns":4},{"damage":0,"enemies":"3 Darklings","floor":39,"turns":4},{"damage":0,"enemies":"Reptomancer","floor":41,"turns":4},{"damage":12,"enemies":"Nemesis","floor":48,"turns":5},{"damage":41,"enemies":"Time Eater","floor":50,"turns":16},{"damage":18,"enemies":"Shield and Spear","floor":54,"turns":5},{"damage":42,"enemies":"The Heart","floor":55,"turns":10}],"seed_played":"-1025269698572913444","potions_obtained":[{"floor":0,"key":"GamblersBrew"},{"floor":0,"key":"Strength Potion"},{"floor":0,"key":"Ancient Potion"},{"floor":7,"key":"Swift Potion"},{"floor":18,"key":"Dexterity Potion"},{"floor":29,"key":"BlessingOfTheForge"},{"floor":47,"key":"LiquidMemories"},{"floor":47,"key":"Fruit Juice"},{"floor":47,"key":"AttackPotion"},{"floor":54,"key":"Energy Potion"}],"is_trial":false,"path_per_floor":["M","$","M","?","?","R","M","R","T","?","R","$","M","E","R","B",null,"M","?","?","$","M","E","T","E","T","R","$","M","M","M","R","B",null,"M","M","$","?","M","R","E","R","T","?","$","?","?","E","R","B",null,"R","$","E","B",null],"character_chosen":"THE_SILENT","items_purchased":["Dash","Lantern","Accuracy","Panache","Membership Card","MealTicket","War Paint","Bronze Scales","Shuriken","FossilizedHelix","Sling"],"campfire_rested":1,"item_purchase_floors":[12,21,21,21,37,37,37,45,53,53,53],"current_hp_per_floor":[70,70,70,53,39,60,60,60,60,56,56,56,56,43,43,3,70,59,59,59,59,55,55,55,55,55,55,55,50,50,48,48,33,70,70,70,70,70,70,70,70,70,70,70,70,70,75,65,65,38,75,75,75,61,33],"gold":38,"neow_bonus":"THREE_SMALL_POTIONS","is_daily":false,"chose_seed":false,"campfire_upgraded":8,"win_rate":0.0,"timestamp":1609836843,"path_taken":["M","$","M","?","?","R","M","R","T","?","R","?","M","E","R","BOSS","M","?","?","$","M","E","?","E","T","R","$","?","M","M","R","BOSS","M","M","$","?","?","R","E","R","T","?","$","?","?","E","R","BOSS","R","$","E","BOSS"],"items_purchased_type":["Card","Relic","Card","Card","Relic","Relic","Relic","Relic","Relic","Relic","Relic"],"build_version":"2020-12-22","purchased_purges":2,"victory":true,"max_hp_per_floor":[70,70,70,70,70,70,70,70,70,70,70,70,70,70,70,70,70,70,70,70,70,70,70,70,70,70,70,70,70,70,70,70,70,70,70,70,70,70,70,70,70,70,70,70,70,70,75,75,75,75,75,75,75,75,75],"card_choices":[{"not_picked":["Poisoned Stab","Terror"],"picked":"Cloak And Dagger","floor":1},{"not_picked":["Skewer","Masterful Stab"],"picked":"Infinite Blades","floor":3},{"not_picked":["Bane","Blade Dance","Caltrops"],"picked":"SKIP","floor":7},{"not_picked":["Poisoned Stab","Underhanded Strike","Crippling Poison"],"picked":"SKIP","floor":13},{"not_picked":["Sucker Punch","Bane"],"picked":"Tools of the Trade","floor":14},{"not_picked":["Tools of the Trade","Envenom"],"picked":"Adrenaline","floor":16},{"not_picked":["Sucker Punch","Noxious Fumes"],"picked":"Escape Plan","floor":18},{"not_picked":["Slice","Dash+1"],"picked":"Escape Plan+1","floor":22},{"not_picked":["Tactician","Bouncing Flask"],"picked":"Footwork+1","floor":23},{"not_picked":["Predator","Bane"],"picked":"Footwork+1","floor":25},{"not_picked":["Well Laid Plans+1","Dodge and Roll","Infinite Blades+1"],"picked":"SKIP","floor":29},{"not_picked":["PiercingWail","Blade Dance","Eviscerate"],"picked":"SKIP","floor":30},{"not_picked":["Sucker Punch","Prepared","Dagger Spray"],"picked":"SKIP","floor":31},{"not_picked":["Wraith Form v2","Die Die Die"],"picked":"A Thousand Cuts","floor":33},{"not_picked":["Dodge and Roll","PiercingWail","Skewer+1"],"picked":"SKIP","floor":35},{"not_picked":["Skewer+1","Poisoned Stab+1","Slice+1"],"picked":"SKIP","floor":36},{"not_picked":["Well Laid Plans+1","Slice+1","Dodge and Roll+1"],"picked":"SKIP","floor":39},{"not_picked":["Blade Dance","Slice+1"],"picked":"Malaise","floor":41},{"not_picked":["Quick Slash+1","Slice+1"],"picked":"Backflip+1","floor":48},{"not_picked":["Acrobatics+1","Flying Knee+1","Blade Dance"],"picked":"SKIP","floor":54}],"player_experience":245858,"relics_obtained":[{"floor":9,"key":"Gremlin Horn"},{"floor":10,"key":"Odd Mushroom"},{"floor":14,"key":"PreservedInsect"},{"floor":23,"key":"Gambling Chip"},{"floor":24,"key":"Ornamental Fan"},{"floor":25,"key":"Mercury Hourglass"},{"floor":34,"key":"Omamori"},{"floor":34,"key":"Molten Egg 2"},{"floor":34,"key":"Unceasing Top"},{"floor":41,"key":"Bird Faced Urn"},{"floor":43,"key":"Potion Belt"},{"floor":48,"key":"Kunai"},{"floor":54,"key":"Snake Skull"}],"event_choices":[{"damage_healed":0,"gold_gain":0,"player_choice":"Take Damage","damage_taken":17,"relics_obtained":["Golden Idol"],"max_hp_gain":0,"max_hp_loss":0,"event_name":"Golden Idol","floor":4,"gold_loss":0},{"damage_healed":0,"gold_gain":0,"player_choice":"Entered Light","damage_taken":14,"max_hp_gain":0,"max_hp_loss":0,"event_name":"Shining Light","floor":5,"gold_loss":0,"cards_upgraded":["Cloak And Dagger","Strike_G"]},{"damage_healed":0,"gold_gain":0,"player_choice":"Fought Mushrooms","damage_taken":0,"max_hp_gain":0,"max_hp_loss":0,"event_name":"Mushrooms","floor":10,"gold_loss":0},{"damage_healed":0,"gold_gain":99,"player_choice":"Stole From Cult","damage_taken":0,"max_hp_gain":0,"max_hp_loss":0,"event_name":"Nest","floor":19,"gold_loss":0},{"damage_healed":0,"gold_gain":0,"player_choice":"Ignored","damage_taken":0,"max_hp_gain":0,"max_hp_loss":0,"event_name":"Ghosts","floor":20,"gold_loss":0},{"damage_healed":0,"gold_gain":0,"player_choice":"Bought 0 Potions","damage_taken":0,"max_hp_gain":0,"max_hp_loss":0,"event_name":"The Woman in Blue","floor":38,"gold_loss":0},{"damage_healed":0,"gold_gain":0,"player_choice":"Memory 1","damage_taken":0,"max_hp_gain":0,"max_hp_loss":0,"event_name":"SensoryStone","floor":44,"gold_loss":0},{"damage_healed":0,"gold_gain":333,"player_choice":"Gave Idol","damage_taken":0,"max_hp_gain":0,"max_hp_loss":0,"event_name":"The Moai Head","floor":46,"relics_lost":["Golden Idol"],"gold_loss":0},{"damage_healed":0,"gold_gain":0,"player_choice":"Got Potions","damage_taken":0,"max_hp_gain":0,"max_hp_loss":0,"event_name":"Lab","floor":47,"gold_loss":0}],"is_beta":false,"boss_relics":[{"not_picked":["Cursed Key","Ectoplasm"],"picked":"WristBlade"},{"not_picked":["Coffee Dripper","Runic Pyramid"],"picked":"Calling Bell"}],"items_purged_floors":[37,53],"is_endless":false,"potions_floor_spawned":[7,10,18,29,30,54],"ascension_level":0}}