{"host":"ig7tc0uedzltt2sr","time":1609831208,"event":{"mods":["BaseMod","Better Twitch Integration","Block Reminder","Colored Map","Colored Powertips","Communication Mod","Current Relic Mod","GifTheSpireLib","HexUI Lib","Minty Spire (QoL Compilation)","Quick Restart","Random Character Button","Rare Cards Sparkle","Relic Sorter","Relic Stats","Slay the Relics Exporter","StSLib","SuperFastMode","Synergy Search","Twitch Decklist","Twitch Utils","everything is the same but u backflip on backflip","slay the spire mod where everything is the same but ironclad has a cowboy hat"],"gold_per_floor":[112,112,112,128,128,128,138,108,134,153,153,153,173,188,188,188,188],"floor_reached":16,"playtime":109,"items_purged":[],"score":92,"play_id":"ea4e8d8d-ec4b-4a78-b8ca-087ca1cf0876","local_time":"20210104232008","is_ascension_mode":false,"campfire_choices":[{"data":"Strike_R","floor":6,"key":"SMITH"},{"data":"Bash","floor":12,"key":"SMITH"},{"data":"Combust","floor":15,"key":"SMITH"}],"circlet_count":0,"master_deck":["Strike_R+1","Strike_R","Strike_R","Strike_R","Strike_R","Defend_R","Defend_R","Defend_R","Defend_R","Bash+1","Sever Soul","Sentinel","Clothesline","Uppercut","Bludgeon","Bloodletting","Combust+1"],"relics":["Burning Blood","Bag of Marbles","Lantern"],"acts_visited":["Exordium"],"potions_floor_usage":[],"damage_taken":[{"damage":12,"enemies":"Small Slimes","floor":1,"turns":9},{"damage":4,"enemies":"2 Louse","floor":4,"turns":6},{"damage":4,"enemies":"Jaw Worm","floor":7,"turns":6},{"damage":7,"enemies":"Looter","floor":8,"turns":4},{"damage":14,"enemies":"3 Louse","floor":10,"turns":5},{"damage":9,"enemies":"Large Slime","floor":13,"turns":8},{"damage":3,"enemies":"Blue Slaver","floor":14,"turns":2},{"damage":79,"enemies":"Hexaghost","floor":16,"turns":9}],"seed_played":"-7751884934376203645","potions_obtained":[{"floor":4,"key":"SpeedPotion"},{"floor":14,"key":"Explosive Potion"}],"is_trial":false,"path_per_floor":["M","?","$","M","?","R","M","M","T","M","T","R","M","M","R","B"],"character_chosen":"IRONCLAD","items_purchased":[],"campfire_rested":0,"item_purchase_floors":[],"current_hp_per_floor":[82,82,82,84,84,84,86,85,85,77,77,77,74,77,77,0,0],"gold":188,"neow_bonus":"TEN_PERCENT_HP_BONUS","is_daily":false,"chose_seed":false,"campfire_upgraded":3,"win_rate":0.0,"timestamp":1609831208,"path_taken":["M","?","$","M","?","R","M","M","T","M","?","R","M","M","R","BOSS"],"items_purchased_type":[],"build_version":"2020-12-22","purchased_purges":0,"victory":false,"max_hp_per_floor":[88,88,88,88,88,88,88,88,88,88,88,88,88,88,88,88,88],"relic_stats":{"counters":[8,49],"obtain_stats":[{"Lantern":11,"Bag of Marbles":9,"Burning Blood":0},{"Lantern":5,"Bag of Marbles":4,"Burning Blood":0},{"Lantern":30,"Bag of Marbles":25,"Burning Blood":0}],"Burning Blood":42},"card_choices":[{"not_picked":["True Grit","Feel No Pain"],"picked":"Sever Soul","floor":1},{"not_picked":["Metallicize","Iron Wave"],"picked":"Sentinel","floor":4},{"not_picked":["Cleave","Flex"],"picked":"Clothesline","floor":7},{"not_picked":["Wild Strike","Heavy Blade"],"picked":"Uppercut","floor":8},{"not_picked":["Flame Barrier","Havoc"],"picked":"Bludgeon","floor":10},{"not_picked":["Inflame","True Grit"],"picked":"Bloodletting","floor":13},{"not_picked":["Heavy Blade","Clash"],"picked":"Combust","floor":14}],"player_experience":1430778,"relics_obtained":[{"floor":9,"key":"Bag of Marbles"},{"floor":11,"key":"Lantern"}],"event_choices":[{"damage_healed":0,"gold_gain":0,"player_choice":"Fled","damage_taken":0,"max_hp_gain":0,"max_hp_loss":0,"event_name":"Scrap Ooze","floor":2,"gold_loss":0},{"damage_healed":0,"gold_gain":0,"player_choice":"Ignored","damage_taken":0,"max_hp_gain":0,"max_hp_loss":0,"event_name":"Liars Game","floor":5,"gold_loss":0}],"is_beta":false,"boss_relics":[],"items_purged_floors":[],"is_endless":false,"potions_floor_spawned":[4,14],"killed_by":"Hexaghost","ascension_level":0}}