{"host":"xkmvu47k9fdstweo","time":1609886228,"event":{"mods":["BaseMod","Colored Map","Conspire","Hubris","Minty Spire (QoL Compilation)","Quick Restart","Railgun Mod","Shop Mod","StSLib","The Alterego","The Servant 0.9.4","The Wild Card","TheBandit","WarShipGirlsR/??è≠èóR mod","vexMod"],"gold_per_floor":[116,116,143,143,220,252,252,281,293,322,364,376,405,417,429,541,553,581,692,704,410,335,355,368,368,395,429,31,31,31,50,50,146,146,160,176,19,69,0,0,27,27,27,43,69,84,110,110,110,110],"floor_reached":51,"playtime":1814,"items_purged":["Strike_G"],"score":1326,"play_id":"3910bea7-abaf-4867-81f8-bb7c3d17a87d","local_time":"20210105173708","is_ascension_mode":true,"campfire_choices":[{"data":"Storm of Steel","floor":7,"key":"SMITH"},{"floor":12,"key":"REST"},{"data":"Footwork","floor":15,"key":"SMITH"},{"floor":25,"key":"REST"},{"floor":30,"key":"REST"},{"data":"Adrenaline","floor":32,"key":"SMITH"},{"data":"After Image","floor":40,"key":"SMITH"},{"floor":42,"key":"REST"},{"data":"Envenom","floor":49,"key":"SMITH"}],"circlet_count":0,"master_deck":["AscendersBane","Strike_G","Strike_G","Strike_G","Defend_G","Defend_G","Defend_G","Defend_G","Defend_G","Survivor","Neutralize","Infinite Blades","Heel Hook","Bane","Dodge and Roll","Calculated Gamble","Outmaneuver","Flying Knee","Storm of Steel+1","Backflip","Poisoned Stab","Footwork+1","Poisoned Stab","Adrenaline+1","hubris:Sniper","Adrenaline","Expertise","Acrobatics","Bandage Up","After Image+1","Dodge and Roll+1","Adrenaline","Envenom+1","hubris:Sniper","Phantasmal Killer+1","conspire:PoisonWeapons+1"],"relics":["Ring of the Snake","NeowsBlessing","Juzu Bracelet","hubris:Towel","Bottled Tornado","Art of War","MawBank","hubris:Reverence","PreservedInsect","conspire:RunicOctahedron","DollysMirror","vexMod:MemoryStick","Bronze Scales","vexMod:RedPlottingStone","Paper Crane","Sozu","ClockworkSouvenir","CaptainsWheel","Red Mask","Lantern","Mummified Hand","Meat on the Bone","Happy Flower"],"acts_visited":["Exordium","TheCity","TheBeyond"],"potions_floor_usage":[16,16,33,33],"damage_taken":[{"damage":0,"enemies":"Cultist","floor":1,"turns":1},{"damage":0,"enemies":"conspire:MimicChest","floor":3,"turns":1},{"damage":0,"enemies":"Lagavulin","floor":6,"turns":1},{"damage":40,"enemies":"Gremlin Nob","floor":8,"turns":5},{"damage":0,"enemies":"Jaw Worm","floor":10,"turns":3},{"damage":29,"enemies":"3 Sentries","floor":11,"turns":8},{"damage":0,"enemies":"2 Louse","floor":13,"turns":3},{"damage":49,"enemies":"Hexaghost","floor":16,"turns":11},{"damage":11,"enemies":"Spheric Guardian","floor":18,"turns":6},{"damage":12,"enemies":"3 Byrds","floor":23,"turns":5},{"damage":16,"enemies":"Shelled Parasite and Fungi","floor":24,"turns":9},{"damage":21,"enemies":"conspire:SneckoGhost","floor":27,"turns":5},{"damage":2,"enemies":"Snecko","floor":31,"turns":5},{"damage":36,"enemies":"Collector","floor":33,"turns":12},{"damage":1,"enemies":"3 Darklings","floor":35,"turns":5},{"damage":0,"enemies":"Orb Walker","floor":36,"turns":3},{"damage":0,"enemies":"Mind Bloom Boss Battle","floor":38,"turns":4},{"damage":21,"enemies":"Reptomancer","floor":41,"turns":5},{"damage":0,"enemies":"Maw","floor":44,"turns":4},{"damage":0,"enemies":"Giant Head","floor":45,"turns":5},{"damage":4,"enemies":"Jaw Worm Horde","floor":46,"turns":3},{"damage":0,"enemies":"Reptomancer","floor":47,"turns":2},{"damage":88,"enemies":"Time Eater","floor":50,"turns":10}],"seed_played":"-7315458108044448584","potions_obtained":[{"floor":1,"key":"FairyPotion"},{"floor":3,"key":"Regen Potion"},{"floor":11,"key":"Strength Potion"},{"floor":13,"key":"FairyPotion"},{"floor":16,"key":"BlessingOfTheForge"},{"floor":23,"key":"Ancient Potion"},{"floor":31,"key":"PowerPotion"}],"is_trial":false,"path_per_floor":["M","?","?","?","T","E","R","E","T","M","E","R","M","?","R","B",null,"M","?","?","$","?","M","M","R","T","E","$","T","R","M","R","B",null,"M","M","$","?","?","R","E","R","T","M","E","M","E","?","R","B",null],"character_chosen":"THE_SILENT","items_purchased":["hubris:Sniper","DollysMirror","vexMod:RedPlottingStone","Bandage Up","ClockworkSouvenir"],"campfire_rested":4,"item_purchase_floors":[21,21,28,28,37],"current_hp_per_floor":[63,63,63,63,63,63,63,23,23,23,21,42,42,42,42,8,55,44,44,44,44,44,32,16,37,37,16,16,16,37,39,39,7,54,57,61,61,65,65,65,48,69,69,70,70,70,70,70,70,33],"gold":110,"neow_bonus":"THREE_ENEMY_KILL","is_daily":false,"chose_seed":false,"campfire_upgraded":5,"win_rate":0.0,"timestamp":1609886228,"path_taken":["M","?","?","?","?","E","R","E","T","M","E","R","M","?","R","BOSS","M","?","?","$","?","M","M","R","T","E","$","?","R","M","R","BOSS","M","M","$","?","?","R","E","R","T","M","E","M","E","?","R","BOSS"],"items_purchased_type":["Card","Relic","Relic","Card","Relic"],"build_version":"2020-12-22","purchased_purges":1,"victory":true,"max_hp_per_floor":[70,70,70,70,70,70,70,70,70,70,70,70,70,70,70,70,70,70,70,70,70,70,70,70,70,70,70,70,70,70,70,70,70,70,70,70,70,70,70,70,70,70,70,70,70,70,70,70,70,70],"card_choices":[{"not_picked":["Terror","Underhanded Strike"],"picked":"Infinite Blades","floor":1},{"not_picked":["Underhanded Strike","Masterful Stab"],"picked":"Flying Knee","floor":3},{"not_picked":["Deadly Poison","Caltrops"],"picked":"Storm of Steel","floor":6},{"not_picked":["Bouncing Flask","Concentrate"],"picked":"Backflip","floor":8},{"not_picked":["Backflip","hubris:SlightOfHand"],"picked":"Poisoned Stab","floor":10},{"not_picked":["Terror","Acrobatics"],"picked":"Footwork","floor":11},{"not_picked":["Outmaneuver","Flying Knee"],"picked":"Poisoned Stab","floor":13},{"not_picked":["Die Die Die","Corpse Explosion"],"picked":"Adrenaline","floor":16},{"not_picked":["Underhanded Strike","conspire:PoisonWeapons","Terror"],"picked":"SKIP","floor":18},{"not_picked":["Sucker Punch","Dagger Spray"],"picked":"Expertise","floor":23},{"not_picked":["hubris:Counter","Sucker Punch+1","Underhanded Strike"],"picked":"SKIP","floor":24},{"not_picked":["Eviscerate","Flying Knee+1"],"picked":"Acrobatics","floor":27},{"not_picked":["Quick Slash","Sucker Punch","Acrobatics"],"picked":"SKIP","floor":31},{"not_picked":["Venomology","Unload"],"picked":"After Image","floor":33},{"not_picked":["Quick Slash+1","hubris:Counter"],"picked":"Dodge and Roll+1","floor":35},{"not_picked":["hubris:TrickCloak","Predator"],"picked":"Adrenaline","floor":36},{"not_picked":["hubris:SlightOfHand+1","Dodge and Roll"],"picked":"Envenom","floor":38},{"not_picked":["Backflip","Blade Dance"],"picked":"hubris:Sniper","floor":41},{"not_picked":["Outmaneuver","Bullet Time","Backstab"],"picked":"SKIP","floor":44},{"not_picked":["Deadly Poison+1","Dodge and Roll"],"picked":"Phantasmal Killer","floor":45},{"not_picked":["Underhanded Strike","Outmaneuver+1","Cloak And Dagger"],"picked":"SKIP","floor":46},{"not_picked":["Deadly Poison+1","Underhanded Strike"],"picked":"conspire:PoisonWeapons+1","floor":47}],"player_experience":351529,"relics_obtained":[{"floor":3,"key":"Juzu Bracelet"},{"floor":5,"key":"Bottled Tornado"},{"floor":6,"key":"Art of War"},{"floor":8,"key":"MawBank"},{"floor":9,"key":"hubris:Reverence"},{"floor":11,"key":"PreservedInsect"},{"floor":26,"key":"vexMod:MemoryStick"},{"floor":27,"key":"Bronze Scales"},{"floor":29,"key":"Paper Crane"},{"floor":38,"key":"CaptainsWheel"},{"floor":41,"key":"Lantern"},{"floor":43,"key":"Mummified Hand"},{"floor":45,"key":"Meat on the Bone"},{"floor":47,"key":"Happy Flower"}],"event_choices":[{"damage_healed":0,"gold_gain":0,"player_choice":"Bought 0 Potions","damage_taken":0,"max_hp_gain":0,"max_hp_loss":0,"event_name":"The Woman in Blue","floor":14,"gold_loss":0},{"damage_healed":0,"gold_gain":99,"player_choice":"Stole From Cult","damage_taken":0,"max_hp_gain":0,"max_hp_loss":0,"event_name":"Nest","floor":19,"gold_loss":0},{"damage_healed":0,"gold_gain":0,"player_choice":"Ignored","damage_taken":0,"max_hp_gain":0,"max_hp_loss":0,"event_name":"Cursed Tome","floor":20,"gold_loss":0},{"cards_removed":["Strike_G"],"damage_healed":0,"gold_gain":0,"player_choice":"Gave Gold","damage_taken":0,"max_hp_gain":0,"max_hp_loss":0,"event_name":"Beggar","floor":22,"gold_loss":75},{"damage_healed":0,"gold_gain":0,"player_choice":"Fight","damage_taken":0,"max_hp_gain":0,"max_hp_loss":0,"event_name":"MindBloom","floor":38,"gold_loss":0},{"damage_healed":0,"gold_gain":0,"player_choice":"Paid","damage_taken":0,"relics_obtained":["Red Mask"],"max_hp_gain":0,"max_hp_loss":0,"event_name":"Tomb of Lord Red Mask","floor":39,"gold_loss":69},{"damage_healed":0,"gold_gain":0,"player_choice":"Forge","damage_taken":0,"max_hp_gain":0,"max_hp_loss":0,"event_name":"Accursed Blacksmith","floor":48,"gold_loss":0,"cards_upgraded":["Phantasmal Killer"]}],"is_beta":false,"boss_relics":[{"not_picked":["Astrolabe","Calling Bell"],"picked":"conspire:RunicOctahedron"},{"not_picked":["Snecko Eye","SacredBark"],"picked":"Sozu"}],"items_purged_floors":[21],"is_endless":false,"potions_floor_spawned":[1,3,11,13,16,23,27,31,38,41,44,45],"ascension_level":10}}