{"host":"7z9izfsmsy4azoxx","time":1609834640,"event":{"mods":["AchievementEnabler","BaseMod","Colored Map","Custom Start","Hermit","Minty Spire (QoL Compilation)","StSLib","SuperFastMode"],"gold_per_floor":[113,5155199,5155217,5155217,5155231,5155231,5155241,5155241,5155291,5155291,5154337,5154337,5154337,5154337,5154337,5154411,5154411,5154422,5154059,5154072,5153723,5153723,5153723,5153758,5153771,5153794,5153813,5153863,5153892,5153903,5153919,5153919,5153990,5153990,5154003,5153698,5153714,5153714,5153362,5153362,5153389,5153405,5153483,5153507,5153539,5153569,5153581,5153626,5153638,5153650,5153662,5153662],"floor_reached":51,"playtime":1711,"items_purged":["Strike_R","Strike_R","Rampage","Seeing Red","Rage"],"score":1876,"play_id":"04984a27-78a3-439e-a09e-93462aab2d5f","local_time":"20210105171720","is_ascension_mode":true,"campfire_choices":[{"data":"Hemokinesis","floor":6,"key":"SMITH"},{"data":"Seeing Red","floor":8,"key":"SMITH"},{"data":"Shockwave","floor":10,"key":"SMITH"},{"data":"Fiend Fire","floor":12,"key":"SMITH"},{"floor":15,"key":"REST"},{"floor":23,"key":"REST"},{"data":"True Grit","floor":32,"key":"SMITH"},{"data":"Rampage","floor":40,"key":"SMITH"},{"floor":47,"key":"RECALL"},{"floor":49,"key":"REST"}],"circlet_count":0,"master_deck":["AscendersBane","Bash","Shockwave+1","Seeing Red+1","Hemokinesis+1","Flame Barrier+1","Sentinel","Flash of Steel","Fiend Fire+1","Barricade","Pommel Strike","Ghostly Armor","Sword Boomerang","Rampage+1","Pummel+1","True Grit+1","Shrug It Off","Havoc+1","Offering+1","Feel No Pain","Blood for Blood","Disarm"],"relics":["Burning Blood","Dead Branch","HornCleat","Toolbox","Oddly Smooth Stone","Gremlin Horn","Incense Burner","Membership Card","Vajra","Du-Vu Doll","Pandora\u0027s Box","Meat on the Bone","HandDrill","Regal Pillow","Chemical X","Bronze Scales","Tiny Chest","Nilry\u0027s Codex","Shuriken","Bottled Lightning","Black Star","Self Forming Clay","Orrery","Medical Kit","Pear","Toy Ornithopter","Prayer Wheel","Omamori","Singing Bowl","Potion Belt","Darkstone Periapt","MawBank","Pen Nib","War Paint"],"acts_visited":["Exordium","TheCity","TheBeyond"],"potions_floor_usage":[20,29,29,30,41,41,50,51,51,51],"damage_taken":[{"damage":14,"enemies":"2 Louse","floor":1,"turns":2},{"damage":2,"enemies":"Cultist","floor":3,"turns":3},{"damage":4,"enemies":"Jaw Worm","floor":5,"turns":3},{"damage":12,"enemies":"Blue Slaver","floor":7,"turns":3},{"damage":0,"enemies":"The Guardian","floor":16,"turns":6},{"damage":13,"enemies":"2 Thieves","floor":18,"turns":3},{"damage":18,"enemies":"3 Byrds","floor":20,"turns":3},{"damage":6,"enemies":"Gremlin Leader","floor":24,"turns":1},{"damage":0,"enemies":"Centurion and Healer","floor":25,"turns":4},{"damage":1,"enemies":"Sentry and Sphere","floor":27,"turns":3},{"damage":40,"enemies":"Slavers","floor":29,"turns":4},{"damage":20,"enemies":"Snake Plant","floor":30,"turns":3},{"damage":2,"enemies":"Snecko","floor":31,"turns":2},{"damage":7,"enemies":"Collector","floor":33,"turns":4},{"damage":12,"enemies":"3 Darklings","floor":35,"turns":1},{"damage":2,"enemies":"3 Shapes","floor":37,"turns":2},{"damage":26,"enemies":"Reptomancer","floor":41,"turns":3},{"damage":12,"enemies":"Jaw Worm Horde","floor":42,"turns":3},{"damage":46,"enemies":"Giant Head","floor":45,"turns":5},{"damage":21,"enemies":"Sphere and 2 Shapes","floor":46,"turns":4},{"damage":12,"enemies":"Reptomancer","floor":48,"turns":3},{"damage":88,"enemies":"Donu and Deca","floor":50,"turns":8},{"damage":62,"enemies":"Awakened One","floor":51,"turns":5}],"seed_played":"2251718551021282814","potions_obtained":[{"floor":1,"key":"BloodPotion"},{"floor":20,"key":"ElixirPotion"},{"floor":29,"key":"AttackPotion"},{"floor":30,"key":"Explosive Potion"},{"floor":41,"key":"Ancient Potion"},{"floor":42,"key":"Swift Potion"},{"floor":45,"key":"SteroidPotion"},{"floor":48,"key":"BloodPotion"}],"is_trial":false,"path_per_floor":["M","$","M","?","M","R","M","R","T","R","$","R","?","T","R","B",null,"M","$","M","$","?","R","E","M","T","M","?","E","M","M","R","B",null,"M","$","M","?","$","R","E","M","T","T","E","M","R","E","R","B","B"],"character_chosen":"IRONCLAD","items_purchased":["Dead Branch","HornCleat","Toolbox","PowerPotion","Seeing Red","Hemokinesis","Gremlin Horn","Incense Burner","Membership Card","Flash of Steel","Fiend Fire","Meat on the Bone","HandDrill","Regal Pillow","Chemical X","Bronze Scales","Tiny Chest","True Grit","Self Forming Clay","Orrery","Medical Kit","Pear","Toy Ornithopter","PowerPotion","Disarm"],"campfire_rested":3,"item_purchase_floors":[2,2,2,2,2,2,11,11,11,11,11,19,19,19,21,21,21,21,36,36,39,39,39,39,39],"current_hp_per_floor":[67,67,71,71,73,73,67,67,67,67,67,67,22,22,46,52,75,68,68,72,72,51,82,82,82,82,82,82,48,46,50,50,49,74,68,68,72,72,82,82,72,66,66,66,40,41,41,49,94,36,0,0],"gold":5153662,"neow_bonus":"TEN_PERCENT_HP_BONUS","is_daily":false,"chose_seed":false,"campfire_upgraded":6,"win_rate":0.0,"timestamp":1609834640,"path_taken":["M","$","M","?","?","R","?","R","T","R","$","R","?","?","R","BOSS","M","$","M","$","?","R","E","M","T","M","?","E","M","M","R","BOSS","M","$","M","?","$","R","E","M","T","?","E","M","R","E","R","BOSS","BOSS"],"items_purchased_type":["Relic","Relic","Relic","Potion","Card","Card","Relic","Relic","Relic","Card","Card","Relic","Relic","Relic","Relic","Relic","Relic","Card","Relic","Relic","Relic","Relic","Relic","Potion","Card"],"build_version":"2020-12-22","purchased_purges":5,"victory":false,"max_hp_per_floor":[82,82,82,82,82,82,82,82,82,82,82,82,82,82,82,82,82,82,82,82,82,82,82,82,82,82,82,82,82,82,82,82,82,82,82,82,82,82,92,92,92,92,92,92,94,98,98,100,100,100,100,100],"card_choices":[{"not_picked":["Whirlwind","True Grit"],"picked":"Shockwave","floor":1},{"not_picked":["Heavy Blade","Carnage"],"picked":"Flame Barrier","floor":3},{"not_picked":["Dual Wield","Headbutt"],"picked":"Sentinel","floor":5},{"not_picked":["Flex","Evolve","Twin Strike"],"picked":"SKIP","floor":7},{"not_picked":["Fiend Fire","Reaper"],"picked":"Barricade","floor":16},{"not_picked":["Perfected Strike","Shockwave","Warcry"],"picked":"SKIP","floor":18},{"not_picked":["Heavy Blade","Havoc"],"picked":"Pummel+1","floor":20},{"not_picked":["Heavy Blade","Cleave+1","True Grit"],"picked":"SKIP","floor":24},{"not_picked":["Iron Wave+1","Hemokinesis+1","Ghostly Armor"],"picked":"SKIP","floor":25},{"not_picked":["Entrench","Heavy Blade"],"picked":"Shrug It Off","floor":27},{"not_picked":["Entrench+1","Body Slam","Clash"],"picked":"SKIP","floor":29},{"not_picked":["Fire Breathing","Flex"],"picked":"Havoc+1","floor":30},{"not_picked":["Warcry","Headbutt","Thunderclap"],"picked":"SKIP","floor":31},{"not_picked":["Exhume","Berserk"],"picked":"Offering","floor":33},{"not_picked":["Wild Strike+1","Perfected Strike"],"picked":"Feel No Pain","floor":35},{"not_picked":["True Grit","Flex"],"picked":"Blood for Blood","floor":36},{"not_picked":["Sword Boomerang","Shockwave","Iron Wave"],"picked":"SKIP","floor":37},{"not_picked":["Infernal Blade","Fiend Fire","Body Slam"],"picked":"SKIP","floor":41},{"not_picked":["Bloodletting","Warcry","Thunderclap"],"picked":"SKIP","floor":42},{"not_picked":["Entrench","Blood for Blood","Twin Strike+1"],"picked":"SKIP","floor":42},{"not_picked":["Rage+1","Second Wind","Armaments"],"picked":"Singing Bowl","floor":45},{"not_picked":["Headbutt","Thunderclap","Heavy Blade"],"picked":"Singing Bowl","floor":46},{"not_picked":["Wild Strike","Havoc+1","Ghostly Armor"],"picked":"Singing Bowl","floor":46},{"not_picked":["Demon Form","Flex","Burning Pact+1"],"picked":"Singing Bowl","floor":48}],"player_experience":515306,"relics_obtained":[{"floor":9,"key":"Oddly Smooth Stone"},{"floor":14,"key":"Du-Vu Doll"},{"floor":22,"key":"Nilry\u0027s Codex"},{"floor":24,"key":"Shuriken"},{"floor":29,"key":"Bottled Lightning"},{"floor":41,"key":"Prayer Wheel"},{"floor":41,"key":"Omamori"},{"floor":43,"key":"Singing Bowl"},{"floor":44,"key":"Potion Belt"},{"floor":45,"key":"Darkstone Periapt"},{"floor":45,"key":"MawBank"},{"floor":48,"key":"Pen Nib"},{"floor":48,"key":"War Paint"}],"event_choices":[{"damage_healed":0,"gold_gain":0,"player_choice":"Leave","damage_taken":0,"max_hp_gain":0,"max_hp_loss":0,"event_name":"FaceTrader","floor":4,"gold_loss":0},{"damage_healed":0,"gold_gain":0,"player_choice":"Success","damage_taken":45,"relics_obtained":["Vajra"],"max_hp_gain":0,"max_hp_loss":0,"event_name":"Scrap Ooze","floor":13,"gold_loss":0},{"damage_healed":0,"gold_gain":0,"player_choice":"Obtained Book","damage_taken":21,"max_hp_gain":0,"max_hp_loss":0,"event_name":"Cursed Tome","floor":22,"gold_loss":0},{"damage_healed":0,"gold_gain":50,"player_choice":"Stole From Cult","damage_taken":0,"max_hp_gain":0,"max_hp_loss":0,"event_name":"Nest","floor":28,"gold_loss":0},{"damage_healed":0,"gold_gain":0,"player_choice":"Memory 1","damage_taken":0,"max_hp_gain":0,"max_hp_loss":0,"event_name":"SensoryStone","floor":38,"gold_loss":0}],"is_beta":false,"boss_relics":[{"not_picked":["Runic Cube","Fusion Hammer"],"picked":"Pandora\u0027s Box"},{"not_picked":["Velvet Choker","Tiny House"],"picked":"Black Star"}],"items_purged_floors":[2,11,19,21,36],"is_endless":false,"potions_floor_spawned":[1,3,16,20,25,29,30,41,42,45,48],"killed_by":"Awakened One","ascension_level":20}}