{"host":"ga4s3hj9m6nkn6gp","time":1609847852,"event":{"mods":["AchievementEnabler","BaseMod","Colored Powertips","Highlight Path","Minty Spire (QoL Compilation)","Relic Stats","everything is the same but u backflip on backflip"],"gold_per_floor":[365,330,142,161,177,177,202,202,202,237,162,162,162,187,187,187,187],"floor_reached":16,"playtime":646,"items_purged":["Strike_G"],"score":216,"play_id":"2de2086b-c9e0-4833-8be0-4bcc8c7cb8ca","local_time":"20210105125732","is_ascension_mode":true,"campfire_choices":[{"data":"Deadly Poison","floor":6,"key":"SMITH"},{"floor":12,"key":"REST"},{"data":"Blade Dance","floor":15,"key":"SMITH"}],"circlet_count":0,"master_deck":["AscendersBane","Strike_G","Strike_G","Strike_G","Strike_G","Defend_G","Defend_G","Defend_G","Defend_G","Defend_G","Survivor","Neutralize","Caltrops","Dagger Throw","Flying Knee","Deadly Poison+1","Masterful Stab","Burst","Blade Dance+1"],"relics":["Ring of the Snake","InkBottle","Ancient Tea Set","CeramicFish","The Courier"],"acts_visited":["Exordium"],"potions_floor_usage":[7,10,16],"damage_taken":[{"damage":3,"enemies":"2 Louse","floor":1,"turns":3},{"damage":0,"enemies":"Small Slimes","floor":4,"turns":4},{"damage":7,"enemies":"Jaw Worm","floor":5,"turns":4},{"damage":38,"enemies":"Gremlin Nob","floor":7,"turns":4},{"damage":10,"enemies":"Lagavulin","floor":10,"turns":4},{"damage":0,"enemies":"Looter","floor":14,"turns":2},{"damage":21,"enemies":"Hexaghost","floor":16,"turns":9}],"seed_played":"5799902002481179410","potions_obtained":[{"floor":4,"key":"PowerPotion"},{"floor":7,"key":"Weak Potion"},{"floor":14,"key":"Fire Potion"}],"is_trial":false,"path_per_floor":["M","?","$","M","M","R","E","?","T","E","?","R","T","M","R","B"],"character_chosen":"THE_SILENT","items_purchased":["Dagger Throw","Flying Knee"],"campfire_rested":1,"item_purchase_floors":[3,3],"current_hp_per_floor":[41,57,57,57,50,50,12,12,12,2,2,21,21,21,21,0,0],"gold":187,"neow_bonus":"TWO_FIFTY_GOLD","is_daily":false,"chose_seed":false,"campfire_upgraded":2,"win_rate":0.0,"timestamp":1609847852,"path_taken":["M","?","$","M","M","R","E","?","T","E","?","R","?","M","R","BOSS"],"items_purchased_type":["Card","Card"],"build_version":"2020-12-22","purchased_purges":1,"victory":false,"max_hp_per_floor":[66,66,66,66,66,66,66,66,66,66,66,66,66,66,66,66,66],"relic_stats":{"counters":[7,30],"CeramicFish":9,"obtain_stats":[{"CeramicFish":10,"The Courier":13,"Ancient Tea Set":9,"InkBottle":7,"Ring of the Snake":0},{"CeramicFish":5,"The Courier":5,"Ancient Tea Set":4,"InkBottle":4,"Ring of the Snake":0},{"CeramicFish":19,"The Courier":19,"Ancient Tea Set":15,"InkBottle":15,"Ring of the Snake":0}],"InkBottle":[7],"Ring of the Snake":[14]},"card_choices":[{"not_picked":["PiercingWail","Acrobatics"],"picked":"Caltrops","floor":1},{"not_picked":["Backflip","Leg Sweep"],"picked":"Deadly Poison","floor":4},{"not_picked":["Acrobatics","Flechettes"],"picked":"Masterful Stab","floor":5},{"not_picked":["Prepared","Skewer"],"picked":"Burst","floor":7},{"not_picked":["Outmaneuver","Quick Slash","Slice"],"picked":"SKIP","floor":10},{"not_picked":["Deadly Poison","Well Laid Plans"],"picked":"Blade Dance","floor":14}],"player_experience":576375,"relics_obtained":[{"floor":7,"key":"InkBottle"},{"floor":9,"key":"Ancient Tea Set"},{"floor":10,"key":"CeramicFish"},{"floor":13,"key":"The Courier"}],"event_choices":[{"damage_healed":16,"gold_gain":0,"player_choice":"Healed","damage_taken":0,"max_hp_gain":0,"max_hp_loss":0,"event_name":"The Cleric","floor":2,"gold_loss":35},{"damage_healed":0,"gold_gain":0,"player_choice":"Fled","damage_taken":0,"max_hp_gain":0,"max_hp_loss":0,"event_name":"Scrap Ooze","floor":8,"gold_loss":0},{"damage_healed":0,"gold_gain":0,"player_choice":"Left Gold","damage_taken":0,"max_hp_gain":0,"max_hp_loss":0,"event_name":"World of Goop","floor":11,"gold_loss":75}],"is_beta":false,"boss_relics":[],"items_purged_floors":[3],"is_endless":false,"potions_floor_spawned":[4,7,14],"killed_by":"Hexaghost","ascension_level":20}}