{"host":"ig7tc0uedzltt2sr","time":1609832491,"event":{"mods":["BaseMod","Better Twitch Integration","Block Reminder","Colored Map","Colored Powertips","Communication Mod","Current Relic Mod","GifTheSpireLib","HexUI Lib","Minty Spire (QoL Compilation)","Quick Restart","Random Character Button","Rare Cards Sparkle","Relic Sorter","Relic Stats","Slay the Relics Exporter","StSLib","SuperFastMode","Synergy Search","Twitch Decklist","Twitch Utils","everything is the same but u backflip on backflip","slay the spire mod where everything is the same but ironclad has a cowboy hat"],"gold_per_floor":[113,124,138,138,93,93,110,128,128,145,74,91,104,14,14,14,14],"floor_reached":16,"playtime":110,"items_purged":[],"score":98,"play_id":"2152cf23-9e9e-4b71-ba05-2ea046fffe89","local_time":"20210104234131","is_ascension_mode":false,"campfire_choices":[{"data":"Defend_R","floor":6,"key":"SMITH"},{"floor":15,"key":"REST"}],"circlet_count":0,"master_deck":["Strike_R","Strike_R","Strike_R","Strike_R","Strike_R","Defend_R+1","Defend_R","Defend_R","Defend_R","Bash","Flex","Burning Pact","Rage","Hemokinesis","Carnage","Headbutt","Body Slam","Battle Trance","Juggernaut","Armaments","Metallicize"],"relics":["Burning Blood","NeowsBlessing","Anchor"],"acts_visited":["Exordium"],"potions_floor_usage":[],"damage_taken":[{"damage":0,"enemies":"2 Louse","floor":1,"turns":1},{"damage":0,"enemies":"Small Slimes","floor":2,"turns":1},{"damage":0,"enemies":"Jaw Worm","floor":3,"turns":1},{"damage":0,"enemies":"2 Fungi Beasts","floor":4,"turns":1},{"damage":12,"enemies":"Looter","floor":5,"turns":5},{"damage":13,"enemies":"Blue Slaver","floor":7,"turns":5},{"damage":2,"enemies":"3 Louse","floor":8,"turns":5},{"damage":39,"enemies":"Lots of Slimes","floor":10,"turns":5},{"damage":12,"enemies":"Looter","floor":12,"turns":3},{"damage":18,"enemies":"Gremlin Gang","floor":13,"turns":4},{"damage":54,"enemies":"Hexaghost","floor":16,"turns":11}],"seed_played":"-6871291143611563992","potions_obtained":[{"floor":2,"key":"SmokeBomb"},{"floor":7,"key":"LiquidMemories"},{"floor":8,"key":"PowerPotion"},{"floor":10,"key":"Regen Potion"},{"floor":12,"key":"BlessingOfTheForge"}],"is_trial":false,"path_per_floor":["M","M","M","M","M","R","M","M","T","M","$","M","M","$","R","B"],"character_chosen":"IRONCLAD","items_purchased":["Battle Trance","Metallicize","Energy Potion"],"campfire_rested":1,"item_purchase_floors":[11,14,14],"current_hp_per_floor":[80,80,80,80,74,74,67,71,71,38,38,41,29,29,53,0,0],"gold":14,"neow_bonus":"THREE_ENEMY_KILL","is_daily":false,"chose_seed":false,"campfire_upgraded":1,"win_rate":0.0,"timestamp":1609832491,"path_taken":["M","M","M","M","M","R","M","M","T","M","$","M","M","$","R","BOSS"],"items_purchased_type":["Card","Card","Potion"],"build_version":"2020-12-22","purchased_purges":0,"victory":false,"max_hp_per_floor":[80,80,80,80,80,80,80,80,80,80,80,80,80,80,80,80,80],"relic_stats":{"counters":[11,42],"obtain_stats":[{"Anchor":9,"NeowsBlessing":0,"Burning Blood":0},{"Anchor":7,"NeowsBlessing":0,"Burning Blood":0},{"Anchor":19,"NeowsBlessing":0,"Burning Blood":0}],"Burning Blood":36},"card_choices":[{"not_picked":["Warcry","Body Slam"],"picked":"Flex","floor":1},{"not_picked":["Sentinel","Iron Wave"],"picked":"Burning Pact","floor":2},{"not_picked":["Warcry","Iron Wave"],"picked":"Rage","floor":3},{"not_picked":["Armaments","Pommel Strike"],"picked":"Hemokinesis","floor":5},{"not_picked":["Flex","Entrench"],"picked":"Carnage","floor":7},{"not_picked":["Sentinel","Blood for Blood"],"picked":"Headbutt","floor":8},{"not_picked":["Warcry","Anger"],"picked":"Body Slam","floor":10},{"not_picked":["True Grit","Rage"],"picked":"Juggernaut","floor":12},{"not_picked":["Anger","Shrug It Off"],"picked":"Armaments","floor":13}],"player_experience":1431854,"relics_obtained":[{"floor":9,"key":"Anchor"}],"event_choices":[],"is_beta":false,"boss_relics":[],"items_purged_floors":[],"is_endless":false,"potions_floor_spawned":[2,4,7,8,10,12],"killed_by":"Hexaghost","ascension_level":0}}