{"host":"d66n7ln59ex8canu","time":1609814454,"event":{"mods":["AchievementEnabler","BaseMod","Colored Map","Minty Spire (QoL Compilation)","Quick Restart","StSLib"],"gold_per_floor":[112,129,142,155,38,38,72,72,144,164,164,33,33,33,33,134,134,147,147,507,276,293,293,293,293],"floor_reached":24,"playtime":686,"items_purged":[],"score":301,"play_id":"dc91bcf7-46c7-43f9-bfde-1975f31900de","local_time":"20210104214053","is_ascension_mode":true,"campfire_choices":[{"data":"Spot Weakness","floor":6,"key":"SMITH"},{"floor":8,"key":"REST"},{"data":"Inflame","floor":11,"key":"SMITH"},{"floor":15,"key":"REST"},{"data":"Corruption","floor":23,"key":"SMITH"}],"circlet_count":0,"master_deck":["AscendersBane","Strike_R","Strike_R","Strike_R","Strike_R","Strike_R","Defend_R","Defend_R","Defend_R","Defend_R","Bash","CurseOfTheBell","Pommel Strike+1","Reckless Charge+1","Spot Weakness+1","Cleave+1","Iron Wave+1","Flash of Steel+1","Twin Strike+1","Inflame+1","Rage","Corruption+1","Iron Wave+1","Feel No Pain","Thunderclap+1"],"relics":["Calling Bell","Bronze Scales","Molten Egg 2","Bird Faced Urn","WingedGreaves","Letter Opener","Philosopher\u0027s Stone","Strange Spoon"],"acts_visited":["Exordium","TheCity"],"potions_floor_usage":[7],"damage_taken":[{"damage":6,"enemies":"Cultist","floor":1,"turns":3},{"damage":18,"enemies":"Jaw Worm","floor":2,"turns":3},{"damage":6,"enemies":"2 Louse","floor":3,"turns":3},{"damage":16,"enemies":"Blue Slaver","floor":4,"turns":3},{"damage":18,"enemies":"3 Sentries","floor":7,"turns":4},{"damage":12,"enemies":"Exordium Wildlife","floor":10,"turns":3},{"damage":37,"enemies":"Hexaghost","floor":16,"turns":7},{"damage":9,"enemies":"Chosen","floor":18,"turns":4},{"damage":33,"enemies":"2 Thieves","floor":22,"turns":4},{"damage":19,"enemies":"Gremlin Leader","floor":24,"turns":2}],"seed_played":"2370454673999695302","potions_obtained":[{"floor":1,"key":"PowerPotion"}],"is_trial":false,"path_per_floor":["M","M","M","M","$","R","E","R","T","M","R","$","?","$","R","B",null,"M","$","?","$","M","R","E"],"character_chosen":"IRONCLAD","items_purchased":["Iron Wave+1","Flash of Steel+1","Rage","FairyPotion","Feel No Pain","Strange Spoon"],"campfire_rested":2,"item_purchase_floors":[5,5,12,12,21,21],"current_hp_per_floor":[66,48,42,26,26,26,10,34,34,22,22,22,22,22,46,11,63,56,56,20,20,17,17,0,0],"gold":293,"neow_bonus":"BOSS_RELIC","is_daily":false,"chose_seed":false,"campfire_upgraded":3,"win_rate":0.0,"timestamp":1609814453,"path_taken":["M","M","M","M","$","R","E","R","T","?","R","$","?","?","R","BOSS","M","$","?","$","M","R","E"],"items_purchased_type":["Card","Card","Card","Potion","Card","Relic"],"build_version":"2020-12-22","purchased_purges":0,"victory":false,"max_hp_per_floor":[80,80,80,80,80,80,80,80,80,80,80,80,80,80,80,80,80,80,80,80,80,80,80,80,80],"card_choices":[{"not_picked":["Rupture","Flex"],"picked":"Pommel Strike+1","floor":1},{"not_picked":["Wild Strike+1","Flex"],"picked":"Reckless Charge+1","floor":2},{"not_picked":["Clothesline+1","Twin Strike+1"],"picked":"Spot Weakness","floor":3},{"not_picked":["Pommel Strike+1","Berserk"],"picked":"Cleave+1","floor":4},{"not_picked":["Wild Strike+1","Body Slam+1"],"picked":"Twin Strike+1","floor":7},{"not_picked":["Anger+1","Shrug It Off"],"picked":"Inflame","floor":10},{"not_picked":["Double Tap","Brutality"],"picked":"Corruption","floor":16},{"not_picked":["Warcry+1","Clash+1"],"picked":"Iron Wave+1","floor":18},{"not_picked":["Anger+1","Havoc+1"],"picked":"Thunderclap+1","floor":22}],"player_experience":305794,"relics_obtained":[{"floor":0,"key":"Bronze Scales"},{"floor":0,"key":"Molten Egg 2"},{"floor":0,"key":"Bird Faced Urn"},{"floor":7,"key":"WingedGreaves"},{"floor":9,"key":"Letter Opener"}],"event_choices":[{"damage_healed":0,"gold_gain":0,"player_choice":"Ignored","damage_taken":0,"max_hp_gain":0,"max_hp_loss":0,"event_name":"Liars Game","floor":13,"gold_loss":0},{"damage_healed":0,"gold_gain":360,"player_choice":"GOLD GOLD GOLD GOLD ","damage_taken":36,"max_hp_gain":0,"max_hp_loss":0,"event_name":"Knowing Skull","floor":20,"potions_obtained":[],"gold_loss":0,"cards_obtained":[]}],"is_beta":false,"boss_relics":[{"not_picked":["Velvet Choker","Snecko Eye"],"picked":"Philosopher\u0027s Stone"}],"items_purged_floors":[],"is_endless":false,"potions_floor_spawned":[1],"killed_by":"Gremlin Leader","ascension_level":11}}