{"host":"qswkx8hggytna0kc","time":1609828191,"event":{"mods":["Aspiration","BaseMod","BetterRewards","Colored Map","Colored Powertips","Highlight Path","Hubris","Mimic Mod","Minty Spire (QoL Compilation)","Quick Restart","Replay The Spire","StSLib","SuperFastMode"],"gold_per_floor":[118,134,144,157,170,170,205,205,205,55,73,73,88,121,121,217,317,327,347,367,378,394,421,421,421,421],"floor_reached":25,"playtime":827,"items_purged":[],"score":311,"play_id":"a4a7ec15-c0ab-4be5-8b55-640f655e0fb3","local_time":"20210105142951","is_ascension_mode":true,"campfire_choices":[{"data":"WeaponsOverheat","floor":6.0,"key":"SMITH"},{"data":"Warcry","floor":8.0,"key":"SMITH"},{"floor":12.0,"key":"REST"},{"data":"Firewall","floor":15.0,"key":"SMITH"},{"data":"Zap","floor":24,"key":"SMITH"}],"circlet_count":0,"master_deck":["Strike_B","Strike_B","Strike_B","Strike_B","Defend_B","Defend_B","Defend_B","Defend_B","Zap+1","Dualcast","Rip and Tear","WeaponsOverheat+1","Warcry+1","Self Repair","Gash","Gash","Clash","Firewall+1","Thunder Strike","Barrage","BootSequence","Scrape+1","Heavy Blade","Rip and Tear+1"],"relics":["Cracked Core","aspiration:Nostalgia","Iron Core","Gremlin Horn","Letter Opener","Toy Ornithopter","Nunchaku","Replay:Wanted Poster","Orichalcum"],"acts_visited":["Exordium","TheCity"],"potions_floor_usage":[],"damage_taken":[{"damage":0.0,"enemies":"2 Louse","floor":1.0,"turns":1.0},{"damage":2.0,"enemies":"Jaw Worm","floor":2.0,"turns":2.0},{"damage":0.0,"enemies":"Cultist","floor":3.0,"turns":2.0},{"damage":7.0,"enemies":"Looter","floor":4.0,"turns":3.0},{"damage":0.0,"enemies":"2 Fungi Beasts","floor":5.0,"turns":2.0},{"damage":30.0,"enemies":"Lagavulin","floor":7.0,"turns":4.0},{"damage":0.0,"enemies":"3 Louse","floor":11.0,"turns":2.0},{"damage":5.0,"enemies":"Gremlin Gang","floor":13.0,"turns":2.0},{"damage":15.0,"enemies":"3 Sentries","floor":14.0,"turns":5.0},{"damage":22.0,"enemies":"Hexaghost","floor":16.0,"turns":8.0},{"damage":7.0,"enemies":"Chosen","floor":18.0,"turns":3.0},{"damage":28.0,"enemies":"Shell Parasite","floor":19.0,"turns":4.0},{"damage":35.0,"enemies":"Chosen and Byrds","floor":20.0,"turns":6.0},{"damage":0.0,"enemies":"Cultist and Chosen","floor":21.0,"turns":4.0},{"damage":15.0,"enemies":"Centurion and Healer","floor":22.0,"turns":6.0},{"damage":35,"enemies":"Slavers","floor":23,"turns":4},{"damage":25,"enemies":"Snecko","floor":25,"turns":4}],"seed_played":"2015371059002646396","potions_obtained":[{"floor":3.0,"key":"PotionOfCapacity"},{"floor":4.0,"key":"Block Potion"},{"floor":5.0,"key":"Strength Potion"},{"floor":13.0,"key":"FairyPotion"},{"floor":19.0,"key":"BlessingOfTheForge"},{"floor":21.0,"key":"Elixir"},{"floor":23,"key":"Dexterity Potion"}],"is_trial":false,"path_per_floor":["M","M","M","M","M","R","E","R","T","$","M","R","M","E","R","B",null,"M","M","M","M","M","E","R","M"],"character_chosen":"DEFECT","items_purchased":["Toy Ornithopter"],"campfire_rested":1,"item_purchase_floors":[10],"current_hp_per_floor":[68,66,66,59,59,59,36,36,36,36,36,58,65,57,57,52,69,69,48,20,27,24,22,22,0,0],"gold":421,"neow_bonus":"NOSTALGIA","is_daily":false,"chose_seed":false,"campfire_upgraded":4,"win_rate":0.0,"timestamp":1609828191,"path_taken":["M","M","M","M","M","R","E","R","T","$","M","R","M","E","R","BOSS","M","M","M","M","M","E","R","M"],"items_purchased_type":["Relic"],"build_version":"2020-12-22","purchased_purges":0,"victory":false,"max_hp_per_floor":[75,75,75,75,75,75,75,75,75,75,75,75,75,75,75,75,75,75,75,75,75,75,75,75,75,75],"card_choices":[{"not_picked":["Redo","Flex"],"picked":"Rip and Tear","floor":1.0},{"not_picked":["Hello World","Sweeping Beam"],"picked":"WeaponsOverheat","floor":2.0},{"not_picked":["Doom and Gloom","ReplayTheSpireMod:Repulse"],"picked":"Warcry","floor":3.0},{"not_picked":["hubris:Ukulele","Turbo"],"picked":"Self Repair","floor":4.0},{"not_picked":["Compile Driver","WeaponsOverheat"],"picked":"Gash","floor":5.0},{"not_picked":["Aggregate","BasicCrystalCard"],"picked":"Gash","floor":7.0},{"not_picked":["ReplayReversal","hubris:DoWhile","Tempest"],"picked":"SKIP","floor":11.0},{"not_picked":["Stack","Headbutt"],"picked":"Clash","floor":13.0},{"not_picked":["Melter","Sweeping Beam"],"picked":"Firewall","floor":14.0},{"not_picked":["hubris:SpecializedCircuitry","hubris:DoWhile"],"picked":"Thunder Strike","floor":16.0},{"not_picked":["Steam Power","Coolheaded"],"picked":"Barrage","floor":18.0},{"not_picked":["Coolheaded","Force Field"],"picked":"BootSequence","floor":19.0},{"not_picked":["Loop","Rebound+1","Hologram"],"picked":"SKIP","floor":20.0},{"not_picked":["ReplayTheSpireMod:Calculation Training","aspiration:Polymerization"],"picked":"Scrape+1","floor":21.0},{"not_picked":["WeaponsOverheat","Flex"],"picked":"Heavy Blade","floor":22.0},{"not_picked":["Ball Lightning+1","ReplaySolidLightProjector"],"picked":"Rip and Tear+1","floor":23}],"player_experience":223727,"relics_obtained":[{"floor":7.0,"key":"Gremlin Horn"},{"floor":9.0,"key":"Letter Opener"},{"floor":14.0,"key":"Nunchaku"},{"floor":23,"key":"Orichalcum"}],"event_choices":[],"is_beta":false,"boss_relics":[{"not_picked":["Coffee Dripper","hubris:HollowSoul"],"picked":"Replay:Wanted Poster"}],"items_purged_floors":[],"is_endless":false,"potions_floor_spawned":[3,4,5,13,19,21,23],"killed_by":"Snecko","ascension_level":6}}