{"host":"ikjt6v4q6zrcj3if","time":1609865333,"event":{"mods":["BaseMod","CapriCore","Colored Map","Downfall","Luminous","Minty Spire (QoL Compilation)","Permanent Neow","Quick Restart","Replay The Spire","Robot Space Explorer","Somnambulant","Spicy Shops","StSLib","SuperFastMode","The Exalted","The Marked","The Runesmith","TheSwordswoman","WarShipGirlsR/??è≠èóR mod"],"gold_per_floor":[116,129,129,326,326,326,349,349,349,94,112,112,112],"floor_reached":12,"playtime":420,"items_purged":["theMarked:HeightenedSenses"],"score":71,"play_id":"e8a37706-688d-4203-92c9-a7849314b61a","local_time":"20210106014853","daily_mods":["Draft"],"is_ascension_mode":true,"campfire_choices":[{"data":"theMarked:Generate","floor":6,"key":"SMITH"},{"data":"theMarked:ResourceFulStrike","floor":8,"key":"SMITH"}],"circlet_count":0,"master_deck":["theMarked:MysticalArsenal","theMarked:Aftermath","theMarked:Panic","theMarked:Convert","theMarked:MysticalArsenal","theMarked:MysticalArsenal","theMarked:ChainLightning","theMarked:PowerFlow+1","theMarked:ResourceFulStrike","theMarked:Generate+1","theMarked:ResourceFulStrike+1","theMarked:WardOff","theMarked:ChainLightning+1","theMarked:Parkour","theMarked:RepellingDischarge","Apotheosis","theMarked:MuscleMemory"],"relics":["theMarked:ArtifactOfAir","Golden Idol","Replay:Bottled Flurry"],"acts_visited":["Exordium"],"potions_floor_usage":[],"damage_taken":[{"damage":5,"enemies":"2 Louse","floor":1,"turns":2},{"damage":0,"enemies":"Small Slimes","floor":2,"turns":3},{"damage":3,"enemies":"Jaw Worm","floor":7,"turns":3},{"damage":0,"enemies":"2 Fungi Beasts","floor":11,"turns":2},{"damage":9,"enemies":"3 Sentries","floor":12,"turns":2}],"seed_played":"-7895188782257225723","potions_obtained":[{"floor":1,"key":"Energy Potion"},{"floor":11,"key":"DistilledChaos"}],"is_trial":true,"path_per_floor":["M","M","?","?","?","R","M","R","T","$","M","E"],"character_chosen":"THE_DEFAULT","items_purchased":["Apotheosis"],"campfire_rested":0,"item_purchase_floors":[10],"current_hp_per_floor":[65,65,51,34,17,17,14,14,14,14,14,5,5],"gold":112,"neow_bonus":"","is_daily":false,"chose_seed":false,"campfire_upgraded":2,"win_rate":0.0,"timestamp":1609865333,"path_taken":["M","M","?","?","?","R","M","R","T","$","M","E"],"items_purchased_type":["Card"],"build_version":"2020-12-22","purchased_purges":1,"victory":false,"max_hp_per_floor":[70,70,70,70,70,70,70,70,70,70,70,70,70],"card_choices":[{"not_picked":["theMarked:MaelstromOfLightning","theMarked:Frustration"],"picked":"theMarked:MysticalArsenal","floor":0},{"not_picked":["theMarked:WastefulDefense","theMarked:WastefulAttack"],"picked":"theMarked:Aftermath","floor":0},{"not_picked":["theMarked:Static","theMarked:ElectricStrings"],"picked":"theMarked:Panic","floor":0},{"not_picked":["theMarked:Polarize","theMarked:TakeCover"],"picked":"theMarked:Convert","floor":0},{"not_picked":["theMarked:BanishingWave","theMarked:Aftermath"],"picked":"theMarked:MysticalArsenal","floor":0},{"not_picked":["theMarked:BanishingStrike","theMarked:RepellingDischarge"],"picked":"theMarked:MysticalArsenal","floor":0},{"not_picked":["theMarked:TwofoldDefense","theMarked:Electrify"],"picked":"theMarked:ChainLightning","floor":0},{"not_picked":["theMarked:Polarize","theMarked:TwofoldDefense"],"picked":"theMarked:PowerFlow","floor":0},{"not_picked":["theMarked:TunnelVision","theMarked:ElectricStrings"],"picked":"theMarked:ResourceFulStrike","floor":0},{"not_picked":["theMarked:Parkour","theMarked:WastefulDefense"],"picked":"theMarked:Generate","floor":0},{"not_picked":["theMarked:ReduceFriction","theMarked:PowerFlow"],"picked":"theMarked:ResourceFulStrike","floor":0},{"not_picked":["theMarked:TwofoldDefense","theMarked:Aftermath"],"picked":"theMarked:WardOff","floor":0},{"not_picked":["theMarked:Electrocute","theMarked:TwofoldDefense"],"picked":"theMarked:ChainLightning","floor":0},{"not_picked":["theMarked:TwofoldDefense","theMarked:KeepCalmAndFightOn"],"picked":"theMarked:HeightenedSenses","floor":0},{"not_picked":["theMarked:ReduceFriction","theMarked:EnhanceMovement"],"picked":"theMarked:Parkour","floor":0},{"not_picked":["theMarked:Electrocute","theMarked:EmpowerWeapon","theMarked:Static"],"picked":"SKIP","floor":1},{"not_picked":["theMarked:WastefulDefense","theMarked:TwofoldDefense","theMarked:Frustration"],"picked":"SKIP","floor":2},{"not_picked":["theMarked:HeightenedSenses","theMarked:MaelstromOfLightning"],"picked":"theMarked:RepellingDischarge","floor":4},{"not_picked":["theMarked:BanishingStrike","theMarked:Improvise","theMarked:Electrocute"],"picked":"SKIP","floor":7},{"not_picked":["theMarked:WardOff","theMarked:TwofoldDefense"],"picked":"theMarked:MuscleMemory","floor":11}],"player_experience":362996,"relics_obtained":[{"floor":9,"key":"Replay:Bottled Flurry"}],"event_choices":[{"damage_healed":0,"gold_gain":0,"player_choice":"Entered Light","damage_taken":14,"max_hp_gain":0,"max_hp_loss":0,"event_name":"Shining Light","floor":3,"gold_loss":0,"cards_upgraded":["theMarked:PowerFlow","theMarked:ChainLightning"]},{"damage_healed":0,"gold_gain":0,"player_choice":"Take Damage","damage_taken":17,"relics_obtained":["Golden Idol"],"max_hp_gain":0,"max_hp_loss":0,"event_name":"Golden Idol","floor":5,"gold_loss":0}],"is_beta":false,"boss_relics":[],"items_purged_floors":[10],"is_endless":false,"potions_floor_spawned":[1,11],"killed_by":"3 Sentries","ascension_level":1}}