{"host":"armnliea5o2aqs4b","time":1609826510,"event":{"mods":["BaseMod","Hubris","Infinite Spire","Minty Spire (QoL Compilation)","Quick Restart","StSLib"],"gold_per_floor":[114,64,64,64,76,76,107,130,130,158,158,138,154,6,6,6,6],"floor_reached":16,"playtime":342,"items_purged":[],"score":144,"play_id":"fcdbaa5e-18f4-4596-b01c-49da1569d4fb","local_time":"20210105170150","is_ascension_mode":true,"campfire_choices":[{"data":"Deadly Poison","floor":6,"key":"SMITH"},{"data":"Poisoned Stab","floor":11,"key":"SMITH"},{"data":"Distraction","floor":15,"key":"SMITH"}],"circlet_count":0,"master_deck":["Strike_G","Strike_G","Strike_G","Strike_G","Defend_G","Defend_G","Defend_G","Defend_G","Defend_G","Survivor","Neutralize+1","Deadly Poison+1","Poisoned Stab+1","Distraction+1"],"relics":["Ring of the Snake","NeowsBlessing","Darkstone Periapt","Strawberry","Singing Bowl","hubris:DisguiseKit","Membership Card"],"acts_visited":["Exordium"],"potions_floor_usage":[16,16,16],"damage_taken":[{"damage":0,"enemies":"2 Louse","floor":1,"turns":1},{"damage":0,"enemies":"Small Slimes","floor":5,"turns":1},{"damage":0,"enemies":"3 Sentries","floor":7,"turns":1},{"damage":18,"enemies":"Gremlin Nob","floor":10,"turns":4},{"damage":0,"enemies":"Cultist","floor":13,"turns":3},{"damage":64,"enemies":"Slime Boss","floor":16,"turns":14}],"seed_played":"7245564400031096715","potions_obtained":[{"floor":1,"key":"PowerPotion"},{"floor":7,"key":"Poison Potion"},{"floor":12,"key":"GhostInAJar"}],"is_trial":false,"path_per_floor":["M","?","$","?","M","R","E","T","T","E","R","?","M","$","R","B"],"character_chosen":"THE_SILENT","items_purchased":["Membership Card"],"campfire_rested":0,"item_purchase_floors":[14],"current_hp_per_floor":[70,70,70,70,70,70,70,77,77,61,61,61,61,61,61,0,0],"gold":6,"neow_bonus":"THREE_ENEMY_KILL","is_daily":false,"chose_seed":false,"campfire_upgraded":3,"win_rate":0.0,"timestamp":1609826510,"path_taken":["M","?","$","?","?","R","E","?","T","E","R","?","?","$","R","BOSS"],"items_purchased_type":["Relic"],"build_version":"2020-12-22","purchased_purges":0,"victory":false,"max_hp_per_floor":[70,70,70,70,70,70,70,77,77,79,79,79,79,79,79,79,79],"card_choices":[{"not_picked":["Footwork","Acrobatics"],"picked":"Deadly Poison","floor":1},{"not_picked":["Flechettes","Caltrops","Outmaneuver"],"picked":"SKIP","floor":5},{"not_picked":["Deflect","Cloak And Dagger"],"picked":"Poisoned Stab","floor":7},{"not_picked":["Slice","Eviscerate","Poisoned Stab"],"picked":"Singing Bowl","floor":10},{"not_picked":["Acrobatics","Cloak And Dagger","Pommel Strike"],"picked":"Distraction","floor":13}],"player_experience":188721,"relics_obtained":[{"floor":7,"key":"Darkstone Periapt"},{"floor":8,"key":"Strawberry"},{"floor":9,"key":"Singing Bowl"},{"floor":10,"key":"hubris:DisguiseKit"}],"event_choices":[{"cards_removed":["Strike_G"],"damage_healed":0,"gold_gain":0,"player_choice":"Card Removal","damage_taken":0,"max_hp_gain":0,"max_hp_loss":0,"event_name":"The Cleric","floor":2,"gold_loss":50},{"damage_healed":0,"gold_gain":0,"player_choice":"Upgraded","damage_taken":0,"max_hp_gain":0,"max_hp_loss":0,"event_name":"Upgrade Shrine","floor":4,"gold_loss":0,"cards_upgraded":["Neutralize"]},{"damage_healed":0,"gold_gain":0,"player_choice":"Bought 1 Potion","damage_taken":0,"max_hp_gain":0,"max_hp_loss":0,"event_name":"The Woman in Blue","floor":12,"gold_loss":0}],"is_beta":false,"boss_relics":[],"items_purged_floors":[],"is_endless":false,"potions_floor_spawned":[1,7],"killed_by":"Slime Boss","ascension_level":2}}