{"host":"t0r9wuv4zaiwets7","time":1609883474,"event":{"mods":["BaseMod","Bestiary","Minty Spire (QoL Compilation)","StSLib"],"gold_per_floor":[114,133,133,145,165,196,196,215,215,215,247,247,257,70,70,167,167,179,193,204,204,222,251,251,268,268,280,300,25,25,39,39,141,141,151,166,183,36,48,48,98,123,172,172,189,189,203,203,203,203,203],"floor_reached":50,"playtime":2810,"items_purged":[],"score":668,"play_id":"50fefe1b-62bf-4b0d-b0bd-a097f651ca7b","local_time":"20210105135114","is_ascension_mode":true,"campfire_choices":[{"floor":7.0,"key":"REST"},{"floor":10.0,"key":"REST"},{"data":"Eruption","floor":12.0,"key":"SMITH"},{"data":"Adaptation","floor":15.0,"key":"SMITH"},{"data":"Ragnarok","floor":24.0,"key":"SMITH"},{"floor":32.0,"key":"REST"},{"data":"Devotion","floor":40.0,"key":"SMITH"},{"data":"FlurryOfBlows","floor":44.0,"key":"SMITH"},{"floor":49,"key":"REST"}],"circlet_count":0,"master_deck":["Strike_P","Defend_P","Defend_P","Defend_P","Defend_P","Eruption+1","Vigilance","Perseverance","ThirdEye","MentalFortress","CarveReality","FlurryOfBlows+1","EmptyBody","ReachHeaven","FlurryOfBlows+1","Adaptation+1","Ragnarok+1","FlurryOfBlows+1","Crescendo+1","ForeignInfluence+1","CutThroughFate+1","EmptyFist+1","MasterReality","JustLucky+1","Fasting2+1","SashWhip+1","FlurryOfBlows","FollowUp+1","Devotion+1","FlurryOfBlows+1","ForeignInfluence+1","Madness","Madness"],"relics":["Runic Dome","Meat on the Bone","Pear","Happy Flower","Sling","Astrolabe","Singing Bowl","Whetstone","Kunai","Busted Crown","Toolbox","Pocketwatch","Blood Vial","Damaru"],"acts_visited":["Exordium","TheCity","TheBeyond"],"potions_floor_usage":[46,50,50],"damage_taken":[{"damage":0.0,"enemies":"2 Louse","floor":1.0,"turns":2.0},{"damage":0.0,"enemies":"Cultist","floor":2.0,"turns":2.0},{"damage":17.0,"enemies":"Jaw Worm","floor":4.0,"turns":3.0},{"damage":21.0,"enemies":"Lots of Slimes","floor":5.0,"turns":6.0},{"damage":24.0,"enemies":"3 Sentries","floor":6.0,"turns":10.0},{"damage":20.0,"enemies":"Blue Slaver","floor":8.0,"turns":4.0},{"damage":6.0,"enemies":"Gremlin Nob","floor":11.0,"turns":3.0},{"damage":0.0,"enemies":"3 Louse","floor":13.0,"turns":3.0},{"damage":0.0,"enemies":"Slime Boss","floor":16.0,"turns":6.0},{"damage":7.0,"enemies":"Chosen","floor":18.0,"turns":2.0},{"damage":0.0,"enemies":"Spheric Guardian","floor":19.0,"turns":3.0},{"damage":20.0,"enemies":"Snecko","floor":20.0,"turns":4.0},{"damage":17.0,"enemies":"Shelled Parasite and Fungi","floor":22.0,"turns":3.0},{"damage":8.0,"enemies":"Book of Stabbing","floor":23.0,"turns":3.0},{"damage":6.0,"enemies":"3 Cultists","floor":25.0,"turns":4.0},{"damage":0.0,"enemies":"Centurion and Healer","floor":27.0,"turns":2.0},{"damage":16.0,"enemies":"Shelled Parasite and Fungi","floor":28.0,"turns":3.0},{"damage":0.0,"enemies":"Snecko","floor":31.0,"turns":2.0},{"damage":26.0,"enemies":"Champ","floor":33.0,"turns":7.0},{"damage":17.0,"enemies":"Orb Walker","floor":35.0,"turns":3.0},{"damage":22.0,"enemies":"3 Shapes","floor":36.0,"turns":5.0},{"damage":3.0,"enemies":"Sphere and 2 Shapes","floor":37.0,"turns":3.0},{"damage":0.0,"enemies":"Maw","floor":39.0,"turns":5.0},{"damage":6.0,"enemies":"Mind Bloom Boss Battle","floor":41.0,"turns":4.0},{"damage":4.0,"enemies":"Giant Head","floor":42.0,"turns":6.0},{"damage":5,"enemies":"Transient","floor":45,"turns":5},{"damage":0,"enemies":"Jaw Worm Horde","floor":46,"turns":1},{"damage":26,"enemies":"Writhing Mass","floor":47,"turns":4},{"damage":74,"enemies":"Time Eater","floor":50,"turns":4}],"seed_played":"-2756353865974099821","potions_obtained":[{"floor":4.0,"key":"SpeedPotion"},{"floor":6.0,"key":"DuplicationPotion"},{"floor":8.0,"key":"BlessingOfTheForge"},{"floor":11.0,"key":"ColorlessPotion"},{"floor":20.0,"key":"Fire Potion"},{"floor":23.0,"key":"Dexterity Potion"},{"floor":25.0,"key":"SmokeBomb"},{"floor":33.0,"key":"SpeedPotion"},{"floor":35.0,"key":"ColorlessPotion"},{"floor":39.0,"key":"Explosive Potion"},{"floor":41.0,"key":"DistilledChaos"}],"is_trial":false,"path_per_floor":["M","M","?","M","M","E","R","M","T","R","E","R","M","$","R","B",null,"M","M","M","?","M","E","R","M","T","M","M","$","?","M","R","B",null,"M","M","M","$","M","R","?","E","T","R","M","M","M","?","R","B"],"character_chosen":"WATCHER","items_purchased":["Sling","Adaptation","Kunai","FlurryOfBlows","Toolbox"],"campfire_rested":4,"item_purchase_floors":[14,14,29,29,38],"current_hp_per_floor":[72,72,72,55,34,10,31,23,33,57,51,51,51,51,51,51,82,75,75,55,55,50,42,42,50,50,52,48,48,48,48,73,47,86,71,51,48,48,50,50,56,54,54,54,53,55,45,33,62,0,0],"gold":203,"neow_bonus":"BOSS_RELIC","is_daily":false,"chose_seed":false,"campfire_upgraded":5,"win_rate":0.0,"timestamp":1609883474,"path_taken":["M","M","?","?","M","E","R","M","T","R","E","R","M","$","R","BOSS","M","M","M","?","?","E","R","M","T","M","M","$","?","M","R","BOSS","M","M","M","$","M","R","?","E","T","R","M","M","M","?","R","BOSS"],"items_purchased_type":["Relic","Card","Relic","Card","Relic"],"build_version":"2020-12-22","purchased_purges":0,"victory":false,"max_hp_per_floor":[72,72,72,72,72,72,72,72,82,82,82,82,82,82,82,82,82,82,82,82,82,82,82,82,84,84,86,86,86,86,86,86,86,86,88,90,90,90,92,92,92,94,94,94,96,96,98,98,98,98,98],"card_choices":[{"not_picked":["Halt","PathToVictory"],"picked":"Perseverance","floor":1.0},{"not_picked":["TalkToTheHand","Wallop"],"picked":"ThirdEye","floor":2.0},{"not_picked":["SandsOfTime","PathToVictory"],"picked":"MentalFortress","floor":4.0},{"not_picked":["CrushJoints","Sanctity"],"picked":"CarveReality","floor":5.0},{"not_picked":["WreathOfFlame","Consecrate"],"picked":"FlurryOfBlows","floor":6.0},{"not_picked":["FlurryOfBlows","Consecrate"],"picked":"EmptyBody","floor":8.0},{"not_picked":["EmptyBody","Protect"],"picked":"ReachHeaven","floor":11.0},{"not_picked":["ClearTheMind","WreathOfFlame"],"picked":"FlurryOfBlows","floor":13.0},{"not_picked":["Blasphemy","Alpha"],"picked":"Ragnarok","floor":16.0},{"not_picked":["Halt","Perseverance","ThirdEye"],"picked":"SKIP","floor":18.0},{"not_picked":["FlurryOfBlows","CrushJoints"],"picked":"CutThroughFate","floor":19.0},{"not_picked":["ForeignInfluence+1","FlyingSleeves"],"picked":"EmptyFist+1","floor":20.0},{"not_picked":["Crescendo","Prostrate"],"picked":"JustLucky+1","floor":22.0},{"not_picked":["Conclude","Prostrate"],"picked":"Fasting2+1","floor":23.0},{"not_picked":["CrushJoints+1","Halt","Consecrate"],"picked":"Singing Bowl","floor":25.0},{"not_picked":["FlyingSleeves","BowlingBash","ClearTheMind"],"picked":"Singing Bowl","floor":27.0},{"not_picked":["Adaptation","WheelKick"],"picked":"SashWhip+1","floor":28.0},{"not_picked":["EmptyFist+1","ClearTheMind"],"picked":"FollowUp+1","floor":31.0},{"not_picked":["Judgement","SpiritShield"],"picked":"Devotion","floor":33.0},{"not_picked":["PathToVictory"],"picked":"Singing Bowl","floor":35.0},{"not_picked":["Evaluate"],"picked":"Singing Bowl","floor":36.0},{"not_picked":[],"picked":"FlurryOfBlows+1","floor":37.0},{"not_picked":["Perseverance+1"],"picked":"Singing Bowl","floor":39.0},{"not_picked":[],"picked":"ForeignInfluence+1","floor":41.0},{"not_picked":["Scrawl"],"picked":"Singing Bowl","floor":42.0},{"not_picked":["Swivel+1"],"picked":"Singing Bowl","floor":45},{"not_picked":["Crescendo"],"picked":"Singing Bowl","floor":47}],"player_experience":137067,"relics_obtained":[{"floor":6.0,"key":"Meat on the Bone"},{"floor":9.0,"key":"Pear"},{"floor":11.0,"key":"Happy Flower"},{"floor":23.0,"key":"Singing Bowl"},{"floor":26.0,"key":"Whetstone"},{"floor":41.0,"key":"Pocketwatch"},{"floor":42.0,"key":"Blood Vial"},{"floor":43.0,"key":"Damaru"}],"event_choices":[{"damage_healed":0.0,"max_hp_gain":0.0,"max_hp_loss":0.0,"gold_gain":0.0,"event_name":"Wheel of Change","player_choice":"Full Heal","floor":3.0,"gold_loss":0.0,"damage_taken":0.0},{"damage_healed":0.0,"max_hp_gain":0.0,"max_hp_loss":0.0,"gold_gain":0.0,"event_name":"Match and Keep!","player_choice":"1 cards matched","floor":21.0,"gold_loss":0.0,"damage_taken":0.0,"cards_obtained":["MasterReality"]},{"damage_healed":0.0,"max_hp_gain":0.0,"max_hp_loss":0.0,"gold_gain":0.0,"event_name":"Vampires","player_choice":"Ignored","floor":30.0,"gold_loss":0.0,"damage_taken":0.0},{"damage_healed":0.0,"max_hp_gain":0.0,"max_hp_loss":0.0,"gold_gain":0.0,"event_name":"MindBloom","player_choice":"Fight","floor":41.0,"gold_loss":0.0,"damage_taken":0.0},{"damage_healed":0,"gold_gain":0,"player_choice":"Embrace Madness","damage_taken":12,"max_hp_gain":0,"max_hp_loss":0,"event_name":"Winding Halls","floor":48,"gold_loss":0,"cards_obtained":["Madness","Madness"]}],"is_beta":false,"boss_relics":[{"not_picked":["Tiny House","Velvet Choker"],"picked":"Astrolabe"},{"not_picked":["Calling Bell","Empty Cage"],"picked":"Busted Crown"}],"items_purged_floors":[],"is_endless":false,"potions_floor_spawned":[4,6,8,11,20,23,25,27,33,35,39,41,42,45],"killed_by":"Time Eater","ascension_level":2}}