{"host":"4lxzgdqpvzyot39g","time":1609887893,"event":{"mods":["100% Spire Juice","Abigail Mod","Act Like it!","Aspiration","BaseMod","Beaked The Cultist","Better Altar","Better Match","Better Note","Better Sensory Stone","Better Skull","Better Third Choice","CCEM","Colored Map","Colored Powertips","Conspire","Displayed Cursed Tome","Dota2Spire","Energized Spire","Friendly Minions","Gensokyo","GifTheSpireLib","Halation","Hallownest","Hermit","Highlight Path","Hubris","Infinite Spire","Jedi Mod","JesterMod","Mari Mod (Legacy)","Mari\u0027s V1 Patch","MarisaÅiñ∂âJÅ@ñÇóùçπÅj","Minty Spire (QoL Compilation)","Prisma Mod","Quarter Circle Forward PUNCH!","Relic Filter","Replay The Spire","Robot Space Explorer","SCP261 Mod","Small Relic Pack","Spicy Shops","Spikes Relics","StSLib","Stuff the Spire","The Alterego","The Blue Laboratory","The Bug Knight","The Cursed","The Fake Hero","The Servant 0.9.4","The Wild Card","Trackpad","Waifu the Spire","WarShipGirlsR/??è≠èóR mod","vexMod","Åy?ï®?îvÅzREMEMod"],"gold_per_floor":[513,513,530,272,284,313,364,423,423,453,154,184,184,34,34,142,142,154,182,182,182,182,220,247,274,274,330,346,346,380,380,380,507,507,531,544,563,574,585,613,613,613,613,625,658,791,817,835,835,885,885,885,54,82,89],"floor_reached":56,"playtime":4168,"items_purged":["luka_mod:Surrender","luka_mod:Wait","luka_mod:FlailWildly","luka_mod:Guard","Shame"],"score":2169,"play_id":"2ca20e67-8227-4ec0-ab3c-69aca256886d","local_time":"20210105180453","is_ascension_mode":true,"campfire_choices":[{"data":"luka_mod:Tamamo","floor":13.0,"key":"SMITH"},{"data":"luka_mod:StrikeLukaFour","floor":15.0,"key":"SMITH"},{"data":"ReplayUltimateDefense","floor":29.0,"key":"SMITH"},{"data":"luka_mod:AlmaElma","floor":32.0,"key":"SMITH"},{"data":"luka_mod:SpoilerForm","floor":41.0,"key":"SMITH"},{"floor":49,"key":"RECALL"},{"data":"luka_mod:StrikeLukaThree","floor":52,"key":"SMITH"}],"circlet_count":0,"master_deck":["AscendersBane","luka_mod:StrikeLukaOne","luka_mod:StrikeLukaTwo","luka_mod:StrikeLukaThree+1","luka_mod:StrikeLukaFour+1","luka_mod:StrikeLukaFive+1","luka_mod:StrikeLukaSix","luka_mod:Salt","luka_mod:Meditation+1","luka_mod:Alice","ReplayUltimateDefense+1","luka_mod:Tamamo+1","luka_mod:Request+1","luka_mod:Undine+1","luka_mod:Salamander+1","luka_mod:CriticalHit+1","luka_mod:AlmaElma+1","luka_mod:SpoilerForm+1","luka_mod:Calm+1","luka_mod:Undine+1","luka_mod:Intense+1","luka_mod:Ilias+1","luka_mod:Feel+1","luka_mod:AlmaElma+1","hubris:DuctTapeCard","infinitespire:Menacing","luka_mod:BegIlias+1","luka_mod:Sylph"],"relics":["luka_mod:KeepsakeRing","REME_ComplimentaryCards","Hallownest:DreamNailRelic","vexMod:ConsolationPrize","hubris:ToyBattleship","Dota2Spire:PowerTreads","aspiration:SeaSaltIceCream","luka_mod:KeepsakeRing","StuffTheSpire:RunicHypercube","beaked:ShinyBauble","SpikesRelics:DaevaFist","War Paint","RetroEgg","hubris:DuctTape","Dota2Spire:MagicBottle","Boot","aspiration:PoetsPen","jedi:crownofsimplicity","StuffTheSpire:SapphireSignet","conspire:GiftBox","Dota2Spire:ShivaGuard","Happy Flower","jedi:HeartOfTheCards","Ornamental Fan","CCEMRelics:OrganicArmor","Mango"],"acts_visited":["Hallownest:Greenpath","Hallownest:CityofTears","TheBeyond","TheEnding"],"potions_floor_usage":[55,55],"damage_taken":[{"damage":3.0,"enemies":"Hallownest:monsterHuskGuard","floor":1.0,"turns":4.0},{"damage":13.0,"enemies":"Hallownest:2_Baldur","floor":3.0,"turns":3.0},{"damage":12.0,"enemies":"2_ Uuma","floor":5.0,"turns":5.0},{"damage":10.0,"enemies":"Hallownest:eliteVengeflyKing","floor":6.0,"turns":7.0},{"damage":32.0,"enemies":"Hallownest:1_Baldur_1_Crawlid_1_Warrior","floor":7.0,"turns":8.0},{"damage":30.0,"enemies":"Hallownest:eliteCrystalGuardian","floor":8.0,"turns":6.0},{"damage":0.0,"enemies":"Hallownest:eliteVengeflyKing","floor":10.0,"turns":7.0},{"damage":0.0,"enemies":"Hallownest:eliteCrystalGuardian","floor":12.0,"turns":5.0},{"damage":5.0,"enemies":"Hallownest:BossFalseKnight","floor":16.0,"turns":4.0},{"damage":0.0,"enemies":"Hallownest:2_Mistakes","floor":18.0,"turns":3.0},{"damage":12.0,"enemies":"Hallownest:Guard_and_Sentry","floor":19.0,"turns":4.0},{"damage":6.0,"enemies":"Hallownest:eliteWatcherKnight","floor":23.0,"turns":7.0},{"damage":0.0,"enemies":"Hallownest:eliteSoulWarrior","floor":25.0,"turns":3.0},{"damage":38.0,"enemies":"Hallownest:2_Husk_Sentries","floor":27.0,"turns":3.0},{"damage":0.0,"enemies":"Hallownest:monsterMisterMushroom","floor":28.0,"turns":3.0},{"damage":8.0,"enemies":"Hallownest:eliteWatcherKnight","floor":30.0,"turns":7.0},{"damage":29.0,"enemies":"Hallownest:BossGrimm","floor":33.0,"turns":3.0},{"damage":16.0,"enemies":"3 Shapes","floor":35.0,"turns":2.0},{"damage":0.0,"enemies":"3 Darklings","floor":36.0,"turns":2.0},{"damage":0.0,"enemies":"Maw","floor":37.0,"turns":4.0},{"damage":0.0,"enemies":"Jaw Worm Horde","floor":38.0,"turns":2.0},{"damage":0.0,"enemies":"Maw","floor":39.0,"turns":2.0},{"damage":0.0,"enemies":"Nemesis","floor":40.0,"turns":3.0},{"damage":0.0,"enemies":"Sphere and 2 Shapes","floor":44.0,"turns":1.0},{"damage":0.0,"enemies":"HollowMod:StalkingDevout","floor":45.0,"turns":2.0},{"damage":0.0,"enemies":"infinitespire:Three Voidlings","floor":46.0,"turns":2.0},{"damage":33.0,"enemies":"Nightmare_Alpha","floor":46.0,"turns":6.0},{"damage":0,"enemies":"Giant Head","floor":47,"turns":2},{"damage":0,"enemies":"Writhing Mass","floor":48,"turns":2},{"damage":50,"enemies":"infinitespire:MassOfShapes","floor":50,"turns":3},{"damage":0,"enemies":"Shield and Spear","floor":54,"turns":3},{"damage":7,"enemies":"The Heart","floor":55,"turns":4}],"seed_played":"993613838856217276","potions_obtained":[{"floor":3.0,"key":"blueLaboratory:BottleOfVodka"},{"floor":5.0,"key":"LiquidBronze"},{"floor":10.0,"key":"EssenceOfSteel"},{"floor":18.0,"key":"blueLaboratory:StoneskinPotion"},{"floor":25.0,"key":"blueLaboratory:PhilterOfMotion"},{"floor":47,"key":"SpeedPotion"},{"floor":54,"key":"Dota2Spire:Clarity"}],"is_trial":false,"path_per_floor":["M","?","M","$","M","E","M","E","T","E","$","E","R","$","R","B",null,"M","M","$","?","$","E","T","E","T","M","M","R","E","?","R","B",null,"M","M","M","M","M","E","R","$","T","M","E","?","E","M","R","B",null,"R","$","E","B",null],"character_chosen":"LUKA_CLASS","items_purchased":["ReplayUltimateDefense","luka_mod:Undine","jedi:HeartOfTheCards","Ornamental Fan","CCEMRelics:OrganicArmor"],"campfire_rested":0,"item_purchase_floors":[4,11,53,53,53],"current_hp_per_floor":[33,33,37,37,37,40,27,10,10,30,30,40,40,40,40,40,40,40,40,40,40,40,40,40,40,40,37,40,40,40,3,3,31,38,28,40,40,40,40,40,40,40,40,40,40,7,40,40,40,40,40,40,40,54,54],"gold":89,"neow_bonus":"TRANSFORM_CARD","is_daily":false,"chose_seed":false,"campfire_upgraded":6,"win_rate":0.0,"timestamp":1609887893,"path_taken":["M","?","M","$","M","E","M","E","T","E","$","E","R","?","R","BOSS","M","M","$","?","$","E","?","E","T","?","M","R","E","?","R","BOSS","M","?","M","M","M","E","R","$","T","M","E","?","E","M","R","BOSS","R","$","E","BOSS"],"items_purchased_type":["Card","Card","Relic","Relic","Relic"],"build_version":"2020-12-22","purchased_purges":5,"victory":true,"max_hp_per_floor":[40,40,40,40,40,40,40,40,40,40,40,40,40,40,40,40,40,40,40,40,40,40,40,40,40,40,40,40,40,40,40,40,40,40,40,40,40,40,40,40,40,40,40,40,40,40,40,40,40,40,40,40,40,54,54],"card_choices":[{"not_picked":["luka_mod:FlashKill","luka_mod:Optimistic","luka_mod:WaterSlash"],"picked":"SKIP","floor":1.0},{"not_picked":["luka_mod:FireSlash","luka_mod:WindSlash","luka_mod:ThunderThrust"],"picked":"SKIP","floor":3.0},{"not_picked":["luka_mod:FlashKill","luka_mod:OiAlice","luka_mod:EarthRumblingDecapitation"],"picked":"SKIP","floor":5.0},{"not_picked":["luka_mod:BladeOfSolidEarth","luka_mod:Undine"],"picked":"luka_mod:Tamamo","floor":6.0},{"not_picked":["luka_mod:Struggle","luka_mod:HeroicStrike","luka_mod:WindSlash"],"picked":"SKIP","floor":7.0},{"not_picked":["luka_mod:Overexert","luka_mod:Struggle","luka_mod:StressRelief"],"picked":"SKIP","floor":8.0},{"not_picked":["luka_mod:SealingStrike","luka_mod:EarthSlash"],"picked":"luka_mod:Request","floor":10.0},{"not_picked":["luka_mod:ThunderThrust","luka_mod:BladeOfHowlingWind","luka_mod:LightningSwordFlash"],"picked":"SKIP","floor":12.0},{"not_picked":["luka_mod:SealingStrike","luka_mod:Ora"],"picked":"luka_mod:Sensitive","floor":16.0},{"not_picked":["luka_mod:TouchFluffyTail","luka_mod:Calm"],"picked":"luka_mod:Salamander+1","floor":18.0},{"not_picked":["luka_mod:Overexert","luka_mod:Intense","luka_mod:Feel"],"picked":"SKIP","floor":19.0},{"not_picked":["luka_mod:UnusedPoison","luka_mod:EarthRumblingDecapitation"],"picked":"luka_mod:CriticalHit","floor":23.0},{"not_picked":["luka_mod:StrikeLuka+1","luka_mod:WindSlash"],"picked":"luka_mod:AlmaElma","floor":25.0},{"not_picked":["luka_mod:IliasesJudgement","luka_mod:ThunderThrust","luka_mod:Overexert+1"],"picked":"SKIP","floor":27.0},{"not_picked":["luka_mod:IliasesJudgement","luka_mod:Sara","luka_mod:WindSlash"],"picked":"SKIP","floor":28.0},{"not_picked":["luka_mod:Request","luka_mod:UnusedPoison","luka_mod:StrikeLuka+1"],"picked":"SKIP","floor":30.0},{"not_picked":["luka_mod:SealingStrike","luka_mod:SpoilerDance"],"picked":"luka_mod:SpoilerForm","floor":33.0},{"not_picked":["luka_mod:EarthSlash+1","luka_mod:Feel+1"],"picked":"luka_mod:Calm+1","floor":35.0},{"not_picked":["luka_mod:VaporizingRebellionSword","luka_mod:Overexert","luka_mod:Intense"],"picked":"SKIP","floor":36.0},{"not_picked":["luka_mod:WindSlash","luka_mod:Feel+1"],"picked":"luka_mod:Undine+1","floor":37.0},{"not_picked":["luka_mod:WindSlash","luka_mod:DemonSkullBeheading"],"picked":"luka_mod:Intense+1","floor":38.0},{"not_picked":["luka_mod:Calm","luka_mod:PrayToIlias"],"picked":"luka_mod:Ilias","floor":39.0},{"not_picked":["luka_mod:DemonSkullBeheading","luka_mod:GuardTraining+1","luka_mod:SmallBody+1"],"picked":"SKIP","floor":40.0},{"not_picked":["luka_mod:WindSlash","luka_mod:EndlessGuard"],"picked":"luka_mod:Feel+1","floor":44.0},{"not_picked":["luka_mod:SpoilerDance","luka_mod:AlicesFist"],"picked":"luka_mod:AlmaElma","floor":45.0},{"not_picked":["luka_mod:NeverSurrender","luka_mod:WindSlash+1","luka_mod:EndlessGuard"],"picked":"SKIP","floor":45.0},{"not_picked":["infinitespire:FinalStrike","ReplayTheSpireMod:Black Plague"],"picked":"infinitespire:Menacing","floor":46},{"not_picked":["luka_mod:Overexert+1","luka_mod:Intense+1"],"picked":"luka_mod:BegIlias","floor":47},{"not_picked":["luka_mod:DemonSkullBeheading","luka_mod:DeathSwordChaosStar+1"],"picked":"luka_mod:Sylph","floor":48},{"not_picked":["luka_mod:DeathSwordChaosStar","luka_mod:DemonSkullBeheading+1","luka_mod:NeverSurrender"],"picked":"SKIP","floor":54}],"player_experience":883701,"relics_obtained":[{"floor":6.0,"key":"vexMod:ConsolationPrize"},{"floor":8.0,"key":"hubris:ToyBattleship"},{"floor":10.0,"key":"Dota2Spire:PowerTreads"},{"floor":12.0,"key":"aspiration:SeaSaltIceCream"},{"floor":23.0,"key":"beaked:ShinyBauble"},{"floor":24.0,"key":"SpikesRelics:DaevaFist"},{"floor":25.0,"key":"War Paint"},{"floor":26.0,"key":"RetroEgg"},{"floor":30.0,"key":"hubris:DuctTape"},{"floor":40.0,"key":"jedi:crownofsimplicity"},{"floor":43.0,"key":"StuffTheSpire:SapphireSignet"},{"floor":45.0,"key":"conspire:GiftBox"},{"floor":46,"key":"Dota2Spire:ShivaGuard"},{"floor":47,"key":"Happy Flower"},{"floor":54,"key":"Mango"}],"event_choices":[{"damage_healed":0.0,"max_hp_gain":0.0,"max_hp_loss":0.0,"gold_gain":0.0,"event_name":"betterSkull:BetterSkull","player_choice":"RE RE UP UP ","floor":31.0,"gold_loss":0.0,"damage_taken":45.0,"cards_upgraded":["luka_mod:Meditation","luka_mod:CriticalHit"],"relics_obtained":["Dota2Spire:MagicBottle","Boot"]},{"damage_healed":0,"gold_gain":0,"player_choice":"UP UP UP UP ","damage_taken":41,"relics_obtained":[],"max_hp_gain":0,"max_hp_loss":0,"event_name":"betterSkull:BetterSkull","floor":46,"gold_loss":0,"cards_upgraded":["luka_mod:Ilias","luka_mod:AlmaElma","luka_mod:Undine","luka_mod:StrikeLukaFive"]}],"is_beta":false,"boss_relics":[{"not_picked":["Ectoplasm","vexMod:TanglingVine"],"picked":"StuffTheSpire:RunicHypercube"},{"not_picked":["MariMod:MariFestivalBadge","Tiny House"],"picked":"aspiration:PoetsPen"}],"items_purged_floors":[4,11,11,14,53],"is_endless":false,"potions_floor_spawned":[3,5,6,10,18,25,30,35,39,40,44,45,46,47,48,54],"ascension_level":11}}