{"host":"qgrlfjrqk9z96gfi","time":1609818688,"event":{"mods":["BaseMod","Block Reminder","Colored Map","DeckTracker","Minty Spire (QoL Compilation)"],"gold_per_floor":[115,115,72,91,101,101,155,155,208,90,120,120,138,163,163,241,291,304,33,46,46,62,62,91,108,108,122,142,57,57,57,57,57,57],"floor_reached":33,"playtime":1024,"items_purged":["Normality","Strike_G"],"score":575,"play_id":"9d4b0672-cd7e-4ee8-be2f-868b39a229e6","local_time":"20210104175128","is_ascension_mode":true,"campfire_choices":[{"floor":6.0,"key":"REST"},{"data":"Blade Dance","floor":8.0,"key":"SMITH"},{"floor":12.0,"key":"REST"},{"data":"Accuracy","floor":15.0,"key":"SMITH"},{"floor":23,"key":"REST"},{"floor":32,"key":"REST"}],"circlet_count":0,"master_deck":["AscendersBane","Strike_G","Strike_G","Strike_G+1","Defend_G","Defend_G","Defend_G","Defend_G","Defend_G","Survivor","Neutralize","Flying Knee","Accuracy+1","Skewer","Terror","Blade Dance+1","Noxious Fumes","Poisoned Stab","Die Die Die","PiercingWail","Crippling Poison+1","Cloak And Dagger","Corpse Explosion","Blade Dance","Decay"],"relics":["Cursed Key","Boot","Mango","Anchor","Meat on the Bone","Odd Mushroom","Tiny House","TwistedFunnel","Bird Faced Urn","PreservedInsect"],"acts_visited":["Exordium","TheCity"],"potions_floor_usage":[22,24,33],"damage_taken":[{"damage":0.0,"enemies":"Small Slimes","floor":1.0,"turns":5.0},{"damage":12.0,"enemies":"Jaw Worm","floor":4.0,"turns":4.0},{"damage":11.0,"enemies":"Cultist","floor":5.0,"turns":4.0},{"damage":20.0,"enemies":"Lagavulin","floor":7.0,"turns":4.0},{"damage":17.0,"enemies":"3 Sentries","floor":11.0,"turns":7.0},{"damage":5.0,"enemies":"3 Louse","floor":13.0,"turns":3.0},{"damage":27.0,"enemies":"The Mushroom Lair","floor":14.0,"turns":4.0},{"damage":19.0,"enemies":"Hexaghost","floor":16.0,"turns":6.0},{"damage":29.0,"enemies":"Shell Parasite","floor":18.0,"turns":5.0},{"damage":0.0,"enemies":"3 Byrds","floor":20.0,"turns":2.0},{"damage":0,"enemies":"Snake Plant","floor":22,"turns":2},{"damage":23,"enemies":"Slavers","floor":24,"turns":6},{"damage":15,"enemies":"Sentry and Sphere","floor":25,"turns":4},{"damage":14,"enemies":"Shelled Parasite and Fungi","floor":27,"turns":4},{"damage":14,"enemies":"Snake Plant","floor":28,"turns":4},{"damage":81,"enemies":"Champ","floor":33,"turns":11}],"seed_played":"-9201093988131104138","potions_obtained":[{"floor":5.0,"key":"ColorlessPotion"},{"floor":11.0,"key":"SteroidPotion"},{"floor":17.0,"key":"GamblersBrew"},{"floor":18.0,"key":"PowerPotion"},{"floor":25,"key":"FearPotion"}],"is_trial":false,"path_per_floor":["M","?","$","M","M","R","E","R","T","$","E","R","M","?","R","B",null,"M","$","M","?","M","R","E","M","T","M","M","?","?","?","R","B"],"character_chosen":"THE_SILENT","items_purchased":["Accuracy","Noxious Fumes","TwistedFunnel"],"campfire_rested":4,"item_purchase_floors":[3,10,19],"current_hp_per_floor":[59,48,48,36,25,44,38,38,38,38,21,45,52,37,37,30,73,44,44,44,44,44,69,46,45,45,45,45,45,45,45,70,0,0],"gold":57,"neow_bonus":"BOSS_RELIC","is_daily":false,"chose_seed":false,"campfire_upgraded":2,"win_rate":0.0,"timestamp":1609818688,"path_taken":["M","?","$","M","M","R","E","R","T","$","E","R","M","?","R","BOSS","M","$","M","?","M","R","E","M","T","M","?","?","?","?","R","BOSS"],"items_purchased_type":["Card","Card","Relic"],"build_version":"2020-12-22","purchased_purges":2,"victory":false,"max_hp_per_floor":[66,66,66,66,66,66,80,80,80,80,80,80,80,80,80,80,85,85,85,85,85,85,85,85,85,85,85,85,85,85,85,85,85,85],"card_choices":[{"not_picked":["Bane","Endless Agony"],"picked":"Flying Knee","floor":1.0},{"not_picked":["Prepared","Flying Knee"],"picked":"Skewer","floor":4.0},{"not_picked":["Dagger Throw","Poisoned Stab"],"picked":"Terror","floor":5.0},{"not_picked":["Deadly Poison","Infinite Blades"],"picked":"Blade Dance","floor":7.0},{"not_picked":["Catalyst","Outmaneuver","Bane"],"picked":"SKIP","floor":11.0},{"not_picked":["Backflip","Outmaneuver"],"picked":"Poisoned Stab","floor":13.0},{"not_picked":["Tools of the Trade","Malaise"],"picked":"Die Die Die","floor":16.0},{"not_picked":["Expertise","Calculated Gamble"],"picked":"PiercingWail","floor":17.0},{"not_picked":["Deflect","Expertise"],"picked":"Crippling Poison+1","floor":18.0},{"not_picked":["Slice","Dagger Spray","Flechettes"],"picked":"SKIP","floor":20.0},{"not_picked":["Bane","Dagger Throw"],"picked":"Cloak And Dagger","floor":22},{"not_picked":["Setup","Dagger Throw","Dodge and Roll"],"picked":"SKIP","floor":24},{"not_picked":["Deflect","Sucker Punch"],"picked":"Corpse Explosion","floor":25},{"not_picked":["Outmaneuver","Poisoned Stab"],"picked":"Blade Dance","floor":27},{"not_picked":["Distraction","Dagger Throw","Sucker Punch"],"picked":"SKIP","floor":28}],"player_experience":968879,"relics_obtained":[{"floor":7.0,"key":"Mango"},{"floor":9.0,"key":"Anchor"},{"floor":11.0,"key":"Meat on the Bone"},{"floor":14.0,"key":"Odd Mushroom"},{"floor":24,"key":"Bird Faced Urn"}],"event_choices":[{"damage_healed":0.0,"max_hp_gain":0.0,"max_hp_loss":0.0,"gold_gain":0.0,"event_name":"Scrap Ooze","player_choice":"Success","floor":2.0,"gold_loss":0.0,"damage_taken":11.0,"relics_obtained":["Boot"]},{"damage_healed":0.0,"max_hp_gain":0.0,"max_hp_loss":0.0,"gold_gain":0.0,"event_name":"Mushrooms","player_choice":"Fought Mushrooms","floor":14.0,"gold_loss":0.0,"damage_taken":0.0},{"cards_removed":["Strike_G"],"damage_healed":0.0,"max_hp_gain":0.0,"max_hp_loss":0.0,"gold_gain":0.0,"event_name":"Wheel of Change","player_choice":"Card Removal","floor":21.0,"gold_loss":0.0,"damage_taken":0.0},{"damage_healed":0,"gold_gain":0,"player_choice":"Obtained Relic","damage_taken":0,"relics_obtained":["PreservedInsect"],"max_hp_gain":0,"max_hp_loss":0,"event_name":"Addict","floor":29,"gold_loss":85},{"damage_healed":0,"gold_gain":0,"player_choice":"Ignored","damage_taken":0,"max_hp_gain":0,"max_hp_loss":0,"event_name":"Ghosts","floor":30,"gold_loss":0},{"damage_healed":0,"gold_gain":0,"player_choice":"Cursed","damage_taken":0,"max_hp_gain":0,"max_hp_loss":0,"event_name":"Wheel of Change","floor":31,"gold_loss":0,"cards_obtained":["Decay"]}],"is_beta":false,"boss_relics":[{"not_picked":["SlaversCollar","Fusion Hammer"],"picked":"Tiny House"}],"items_purged_floors":[10,19],"is_endless":false,"potions_floor_spawned":[5,11,18,25],"killed_by":"Champ","ascension_level":20}}