{"host":"873t0y8ybyo38pfq","time":1609868337,"event":{"mods":["BaseMod","Bestiary","Colored Map","Colored Powertips","Highlight Path","Minty Spire (QoL Compilation)","Quick Restart","RNG Fix","Rare Cards Sparkle","Relic Stats","StSLib"],"gold_per_floor":[112,123,139,139,159,192,192,192,192],"floor_reached":8,"playtime":600,"items_purged":[],"score":120,"play_id":"4ace814d-772f-444d-9b6e-0587b598b8c8","local_time":"20210105123857","is_ascension_mode":true,"campfire_choices":[{"floor":7,"key":"REST"}],"circlet_count":0,"master_deck":["AscendersBane","Strike_B","Strike_B","Strike_B","Strike_B","Defend_B","Defend_B","Defend_B","Defend_B","Zap","Dualcast","Melter","Coolheaded","Capacitor","Steam"],"relics":["Cracked Core","NeowsBlessing","Dream Catcher"],"acts_visited":["Exordium"],"potions_floor_usage":[4,5],"damage_taken":[{"damage":0,"enemies":"2 Louse","floor":1,"turns":1},{"damage":0,"enemies":"Jaw Worm","floor":2,"turns":1},{"damage":0,"enemies":"Cultist","floor":3,"turns":1},{"damage":4,"enemies":"Red Slaver","floor":4,"turns":3},{"damage":13,"enemies":"Exordium Thugs","floor":5,"turns":4},{"damage":38,"enemies":"3 Sentries","floor":6,"turns":8},{"damage":32,"enemies":"Gremlin Nob","floor":8,"turns":3}],"seed_played":"2438903127523175266","potions_obtained":[{"floor":1,"key":"SmokeBomb"},{"floor":3,"key":"Strength Potion"}],"is_trial":false,"path_per_floor":["M","M","M","M","M","E","R","E"],"character_chosen":"DEFECT","items_purchased":[],"campfire_rested":1,"item_purchase_floors":[],"current_hp_per_floor":[64,64,64,60,47,9,30,0,0],"gold":192,"neow_bonus":"THREE_ENEMY_KILL","is_daily":false,"chose_seed":false,"campfire_upgraded":0,"win_rate":0.0,"timestamp":1609868337,"path_taken":["M","M","M","M","M","E","R","E"],"items_purchased_type":[],"build_version":"2020-12-22","purchased_purges":0,"victory":false,"max_hp_per_floor":[71,71,71,71,71,71,71,71,71],"relic_stats":{"Dream Catcher":1,"counters":[7,21],"obtain_stats":[{"Dream Catcher":6,"NeowsBlessing":0,"Cracked Core":0},{"Dream Catcher":6,"NeowsBlessing":0,"Cracked Core":0},{"Dream Catcher":18,"NeowsBlessing":0,"Cracked Core":0}]},"card_choices":[{"not_picked":["Aggregate","Stack","Beam Cell"],"picked":"SKIP","floor":1},{"not_picked":["Hologram","Streamline","Gash"],"picked":"SKIP","floor":2},{"not_picked":["Redo","Coolheaded"],"picked":"Melter","floor":3},{"not_picked":["Streamline","Redo"],"picked":"Coolheaded","floor":5},{"not_picked":["Sweeping Beam","Double Energy"],"picked":"Capacitor","floor":6},{"not_picked":["Streamline","Stack"],"picked":"Steam","floor":7}],"player_experience":1518505,"relics_obtained":[{"floor":6,"key":"Dream Catcher"}],"event_choices":[],"is_beta":false,"boss_relics":[],"items_purged_floors":[],"is_endless":false,"potions_floor_spawned":[1,3,4],"killed_by":"Gremlin Nob","ascension_level":20}}