{"host":"nfysljuq0d6kj06l","time":1609870502,"event":{"mods":["AchievementEnabler","BaseMod","Colored Map","Colored Powertips","DeckTracker","Minty Spire (QoL Compilation)","Relic Sorter"],"gold_per_floor":[116,129,141,316,316,350,350,366,393,404,419,452,452,463,463,564,564,579,589,604,620,620,620],"floor_reached":22,"playtime":939,"items_purged":[],"score":293,"play_id":"13b798e1-89b3-4891-81df-60edf58d263d","local_time":"20210105191502","is_ascension_mode":true,"campfire_choices":[{"data":"Spot Weakness","floor":7.0,"key":"SMITH"},{"data":"Heavy Blade","floor":15.0,"key":"SMITH"}],"circlet_count":0,"master_deck":["Strike_R","Strike_R","Strike_R","Strike_R","Strike_R","Defend_R","Defend_R","Defend_R","Defend_R","Bash","Writhe","Spot Weakness+1","Cleave","Sword Boomerang","Shrug It Off","Heavy Blade+1","Inflame","Power Through","Thunderclap","Brutality","Inflame","Sword Boomerang","Pommel Strike"],"relics":["Burning Blood","Mango","Toy Ornithopter","Oddly Smooth Stone","Regal Pillow","Philosopher\u0027s Stone"],"acts_visited":["Exordium","TheCity"],"potions_floor_usage":[16,16,19,20],"damage_taken":[{"damage":8.0,"enemies":"Jaw Worm","floor":1.0,"turns":5.0},{"damage":0.0,"enemies":"Small Slimes","floor":2.0,"turns":3.0},{"damage":2.0,"enemies":"2 Louse","floor":3.0,"turns":2.0},{"damage":35.0,"enemies":"3 Sentries","floor":6.0,"turns":9.0},{"damage":7.0,"enemies":"Lots of Slimes","floor":8.0,"turns":3.0},{"damage":12.0,"enemies":"Large Slime","floor":10.0,"turns":4.0},{"damage":5.0,"enemies":"Looter","floor":11.0,"turns":2.0},{"damage":28.0,"enemies":"Gremlin Nob","floor":12.0,"turns":4.0},{"damage":18.0,"enemies":"Exordium Wildlife","floor":14.0,"turns":3.0},{"damage":22,"enemies":"The Guardian","floor":16,"turns":8},{"damage":6,"enemies":"Spheric Guardian","floor":18,"turns":3},{"damage":30,"enemies":"Chosen","floor":19,"turns":4},{"damage":28,"enemies":"Snake Plant","floor":20,"turns":3},{"damage":38,"enemies":"Shelled Parasite and Fungi","floor":21,"turns":4},{"damage":10,"enemies":"Snecko","floor":22,"turns":3}],"seed_played":"-4222378558456000424","potions_obtained":[{"floor":1.0,"key":"Explosive Potion"},{"floor":2.0,"key":"Energy Potion"},{"floor":8.0,"key":"CultistPotion"},{"floor":11.0,"key":"SpeedPotion"},{"floor":12.0,"key":"Weak Potion"},{"floor":18,"key":"ElixirPotion"}],"is_trial":false,"path_per_floor":["M","M","M","?","?","E","R","M","T","M","M","E","?","M","R","B",null,"M","M","M","M","M"],"character_chosen":"IRONCLAD","items_purchased":[],"campfire_rested":0,"item_purchase_floors":[],"current_hp_per_floor":[84,90,94,94,94,65,65,64,64,58,64,42,42,30,30,24,77,77,58,41,9,0,0],"gold":620,"neow_bonus":"ONE_RARE_RELIC","is_daily":false,"chose_seed":false,"campfire_upgraded":2,"win_rate":0.0,"timestamp":1609870502,"path_taken":["M","M","M","?","?","E","R","M","T","M","M","E","?","M","R","BOSS","M","M","M","?","M"],"items_purchased_type":[],"build_version":"2020-12-22","purchased_purges":0,"victory":false,"max_hp_per_floor":[94,94,94,94,94,94,94,94,94,94,94,94,94,94,94,94,94,94,94,94,94,94,94],"card_choices":[{"not_picked":["Rampage","Fire Breathing"],"picked":"Spot Weakness","floor":1.0},{"not_picked":["Carnage","Armaments"],"picked":"Cleave","floor":2.0},{"not_picked":["Combust","Rupture","Clothesline"],"picked":"SKIP","floor":3.0},{"not_picked":["Twin Strike","Headbutt"],"picked":"Sword Boomerang","floor":6.0},{"not_picked":["Thunderclap","Battle Trance"],"picked":"Shrug It Off","floor":8.0},{"not_picked":["Body Slam","Clash"],"picked":"Heavy Blade","floor":10.0},{"not_picked":["Blood for Blood","Wild Strike"],"picked":"Inflame","floor":11.0},{"not_picked":["Corruption","Feel No Pain"],"picked":"Power Through","floor":12.0},{"not_picked":["Headbutt","Body Slam"],"picked":"Thunderclap","floor":14.0},{"not_picked":["Exhume","Immolate"],"picked":"Brutality","floor":16},{"not_picked":["Reckless Charge","Rampage","Havoc"],"picked":"SKIP","floor":18},{"not_picked":["Sever Soul","Sword Boomerang"],"picked":"Inflame","floor":19},{"not_picked":["Feel No Pain","Spot Weakness"],"picked":"Sword Boomerang","floor":20},{"not_picked":["Dark Embrace+1","Hemokinesis"],"picked":"Pommel Strike","floor":21}],"player_experience":429551,"relics_obtained":[{"floor":6.0,"key":"Toy Ornithopter"},{"floor":9.0,"key":"Oddly Smooth Stone"},{"floor":12.0,"key":"Regal Pillow"}],"event_choices":[{"damage_healed":0.0,"max_hp_gain":0.0,"max_hp_loss":0.0,"gold_gain":175.0,"event_name":"Liars Game","player_choice":"AGREE","floor":4.0,"gold_loss":0.0,"damage_taken":0.0,"cards_obtained":["Doubt"]},{"cards_removed":["Doubt"],"damage_healed":0.0,"max_hp_gain":0.0,"max_hp_loss":0.0,"gold_gain":0.0,"event_name":"Living Wall","player_choice":"Forget","floor":5.0,"gold_loss":0.0,"damage_taken":0.0},{"damage_healed":0.0,"max_hp_gain":0.0,"max_hp_loss":0.0,"gold_gain":0.0,"event_name":"The Woman in Blue","player_choice":"Bought 0 Potions","floor":13.0,"gold_loss":0.0,"damage_taken":0.0}],"is_beta":false,"boss_relics":[{"not_picked":["Runic Dome","Astrolabe"],"picked":"Philosopher\u0027s Stone"}],"items_purged_floors":[],"is_endless":false,"potions_floor_spawned":[1,2,8,11,12,18],"killed_by":"Snecko","ascension_level":9}}