{"host":"hg4d4z00zcdsq8kr","time":1609850773,"event":{"mods":["BaseMod","Downfall","Hubris","Infinite Spire","Minty Spire (QoL Compilation)","Replay The Spire","StSLib","The Bug Knight","The Cursed"],"gold_per_floor":[110,124,144,19,30,58,58,76,76,89,109,124,137,63,63,163,163,177,187,204,224,224,224,239,266,266,266,266],"floor_reached":27,"playtime":988,"items_purged":["Strike_R"],"score":243,"play_id":"6060c8cc-48cd-4073-ac71-6a352a7cb1c2","local_time":"20210105154613","is_ascension_mode":false,"campfire_choices":[{"floor":15.0,"key":"REST"},{"floor":23.0,"key":"REST"}],"circlet_count":0,"master_deck":["Strike_R","Strike_R","Strike_R","Strike_R","Defend_R","Defend_R","Defend_R","Defend_R","Bash","Sever Soul","Sword Boomerang","Anger","Rupture","Thunderclap","Spot Weakness","Immolate","Cleave","Rampage","Reaper","Dropkick+1","ReplayTheSpireMod:Stacked+1","Shrug It Off","Shrug It Off+1","Massacre","Dark Embrace+1"],"relics":["Burning Blood","Happy Flower","Calipers","infinitespire:Burning Sword","Quantum Egg","ReplayTheSpireMod:Shallot","Replay:Mystery Machine"],"acts_visited":["Exordium","TheCity"],"potions_floor_usage":[],"damage_taken":[{"damage":6.0,"enemies":"Cultist","floor":1.0,"turns":4.0},{"damage":5.0,"enemies":"2 Louse","floor":2.0,"turns":2.0},{"damage":10.0,"enemies":"Small Slimes","floor":3.0,"turns":3.0},{"damage":17.0,"enemies":"Exordium Thugs","floor":5.0,"turns":5.0},{"damage":28.0,"enemies":"Gremlin Nob","floor":6.0,"turns":4.0},{"damage":10.0,"enemies":"Looter","floor":8.0,"turns":3.0},{"damage":13.0,"enemies":"Red Slaver","floor":10.0,"turns":2.0},{"damage":7.0,"enemies":"Exordium Wildlife","floor":11.0,"turns":2.0},{"damage":6.0,"enemies":"3 Louse","floor":12.0,"turns":3.0},{"damage":0.0,"enemies":"2 Fungi Beasts","floor":13.0,"turns":2.0},{"damage":30.0,"enemies":"Hexaghost","floor":16.0,"turns":7.0},{"damage":7.0,"enemies":"Chosen","floor":18.0,"turns":3.0},{"damage":14.0,"enemies":"Shell Parasite","floor":19.0,"turns":3.0},{"damage":30.0,"enemies":"Sentry and Sphere","floor":20.0,"turns":4.0},{"damage":29.0,"enemies":"Shelled Parasite and Fungi","floor":21.0,"turns":4.0},{"damage":11.0,"enemies":"Centurion and Healer","floor":24.0,"turns":4.0},{"damage":41.0,"enemies":"Nightmare","floor":25.0,"turns":7.0},{"damage":37,"enemies":"Book of Stabbing","floor":27,"turns":5}],"seed_played":"-5560125775027411096","potions_obtained":[{"floor":2.0,"key":"Guardian:BlockOnCardUsePotion"},{"floor":5.0,"key":"FearPotion"},{"floor":7.0,"key":"LiquidMemories"},{"floor":7.0,"key":"Fruit Juice"},{"floor":7.0,"key":"Elixir"},{"floor":11.0,"key":"HeartOfIron"},{"floor":12.0,"key":"Guardian:BlockOnCardUsePotion"},{"floor":13.0,"key":"LiquidMemories"},{"floor":16.0,"key":"Regen Potion"},{"floor":19.0,"key":"SkillPotion"},{"floor":24.0,"key":"SpeedPotion"}],"is_trial":false,"path_per_floor":["M","M","M","$","M","E","?","M","T","M","M","M","M","$","R","B",null,"M","M","M","M","?","R","M","NM","T","E"],"character_chosen":"IRONCLAD","items_purchased":["Adrenaline Potion","Rampage"],"campfire_rested":2,"item_purchase_floors":[4,14],"current_hp_per_floor":[88,88,84,84,73,51,56,52,52,45,44,44,50,50,77,53,93,92,84,65,50,50,77,72,37,37,0,0],"gold":266,"neow_bonus":"TEN_PERCENT_HP_BONUS","is_daily":false,"chose_seed":false,"campfire_upgraded":0,"win_rate":0.0,"timestamp":1609850773,"path_taken":["M","M","M","?","M","E","?","?","T","M","M","M","M","$","R","BOSS","M","M","M","M","?","R","M","NM","T","E"],"items_purchased_type":["Potion","Card"],"build_version":"2020-12-22","purchased_purges":1,"victory":false,"max_hp_per_floor":[88,88,88,88,88,88,93,93,93,93,93,93,93,93,93,93,93,93,93,93,93,93,93,93,93,93,93,93],"card_choices":[{"not_picked":["Replay:Undeath\u0027s Touch","Perfected Strike"],"picked":"Sever Soul","floor":1.0},{"not_picked":["Whirlwind","Perfected Strike"],"picked":"Sword Boomerang","floor":2.0},{"not_picked":["Perfected Strike","Whirlwind"],"picked":"Anger","floor":3.0},{"not_picked":["Body Slam","Clothesline","Perfected Strike"],"picked":"SKIP","floor":5.0},{"not_picked":["Replay:Many Hands","hubris:SharpeningStone","ReplayTheSpireMod:Strike From Hell"],"picked":"SKIP","floor":6.0},{"not_picked":["Hemokinesis","ReplayTheSpireMod:Corrosion Curse"],"picked":"Rupture","floor":8.0},{"not_picked":["Perfected Strike","Havoc"],"picked":"Thunderclap","floor":10.0},{"not_picked":["Pummel","Cleave"],"picked":"Spot Weakness","floor":11.0},{"not_picked":["Anger","Life Link"],"picked":"Immolate","floor":12.0},{"not_picked":["ReplayTheSpireMod:Corrosion Curse","Perfected Strike"],"picked":"Cleave","floor":13.0},{"not_picked":["Corruption","Bludgeon"],"picked":"Reaper","floor":16.0},{"not_picked":["Iron Wave+1","Thunderclap"],"picked":"Dropkick+1","floor":18.0},{"not_picked":["Anger","Fiend Fire"],"picked":"ReplayTheSpireMod:Stacked+1","floor":19.0},{"not_picked":["Warcry","Metallicize+1"],"picked":"Shrug It Off","floor":20.0},{"not_picked":["Anger+1","hubris:ReadiedAction"],"picked":"Shrug It Off+1","floor":21.0},{"not_picked":["Body Slam","Perfected Strike"],"picked":"Massacre","floor":24.0},{"not_picked":["Cleave","Anger"],"picked":"Dark Embrace+1","floor":25.0}],"player_experience":679189,"relics_obtained":[{"floor":6.0,"key":"Happy Flower"},{"floor":9.0,"key":"Calipers"},{"floor":25.0,"key":"ReplayTheSpireMod:Shallot"},{"floor":26.0,"key":"Replay:Mystery Machine"}],"event_choices":[{"damage_healed":0.0,"max_hp_gain":0.0,"max_hp_loss":0.0,"gold_gain":0.0,"event_name":"Lab","player_choice":"Got Potions","floor":7.0,"gold_loss":0.0,"damage_taken":0.0},{"damage_healed":0.0,"max_hp_gain":0.0,"max_hp_loss":0.0,"gold_gain":0.0,"event_name":"WeMeetAgain","player_choice":"Gave Potion","floor":22.0,"gold_loss":0.0,"damage_taken":0.0,"relics_obtained":["Quantum Egg"]}],"is_beta":false,"boss_relics":[{"not_picked":["Philosopher\u0027s Stone","Sozu"],"picked":"infinitespire:Burning Sword"}],"items_purged_floors":[4],"is_endless":true,"potions_floor_spawned":[2,5,11,12,13,16,19,24],"killed_by":"Book of Stabbing","ascension_level":0}}