{"host":"7o30bgpqouqblh42","time":1609815963,"event":{"mods":["AchievementEnabler","Aspiration","BaseMod","Colored Map","Downfall","Highlight Path","Minty Spire (QoL Compilation)","StSLib","SuperFastMode"],"gold_per_floor":[109,119,119,44,44,69,81,108,132,132,132,150,150,180,180,281,281,294,310,327,327,28,28,54,54,54,54,54,54,81,99,99,203,203,222,122,122,122,140,140,167,182,182,193,193,208,83,116,116,116,116,116,39,68,68,68],"floor_reached":55,"playtime":2282,"items_purged":["Strike_R","Injury","Strike_R"],"score":981,"play_id":"e498dfbe-575d-4590-9c80-4f60857a7d11","local_time":"20210104220603","is_ascension_mode":true,"campfire_choices":[{"data":"Burning Pact","floor":11,"key":"SMITH"},{"data":"Double Tap","floor":13,"key":"SMITH"},{"data":"Intimidate","floor":15,"key":"SMITH"},{"data":"Offering","floor":23,"key":"SMITH"},{"floor":28,"key":"RECALL"},{"data":"Demon Form","floor":32,"key":"SMITH"},{"floor":40,"key":"REST"},{"floor":49,"key":"REST"},{"floor":52,"key":"REST"}],"circlet_count":0,"master_deck":["Strike_R","Strike_R","Defend_R","Defend_R","Defend_R","Bash","Intimidate+1","Sword Boomerang","Anger+1","Blood for Blood+1","Burning Pact+1","Double Tap+1","Demon Form+1","Whirlwind+1","Shrug It Off","Offering+1","Ghostly Armor","Anger+1","Bludgeon+1","Whirlwind+1","Shrug It Off+1","Shockwave+1","Barricade","Flex","Spot Weakness+1"],"relics":["Burning Blood","NeowsBlessing","Molten Egg 2","Orichalcum","aspiration:FrozenJewel","Ancient Tea Set","Tiny Chest","StoneCalendar","Velvet Choker","Akabeko","Red Skull","Pantograph","White Beast Statue","Paper Frog","Fusion Hammer","Ornamental Fan","aspiration:FetidBarrel","Gremlin Horn","aspiration:SeaSaltIceCream","Vajra","aspiration:StickyExplosives_weak"],"acts_visited":["Exordium","TheCity","TheBeyond","TheEnding"],"potions_floor_usage":[12,14,18,24,30,33,39,41,41,41,48,50,50,55,55],"damage_taken":[{"damage":0,"enemies":"Small Slimes","floor":1,"turns":1},{"damage":0,"enemies":"Jaw Worm","floor":2,"turns":1},{"damage":0,"enemies":"Lagavulin","floor":6,"turns":1},{"damage":1,"enemies":"2 Louse","floor":7,"turns":2},{"damage":24,"enemies":"Gremlin Nob","floor":8,"turns":4},{"damage":0,"enemies":"Looter","floor":12,"turns":2},{"damage":4,"enemies":"3 Sentries","floor":14,"turns":6},{"damage":51,"enemies":"The Guardian","floor":16,"turns":9},{"damage":4,"enemies":"Spheric Guardian","floor":18,"turns":3},{"damage":13,"enemies":"2 Thieves","floor":19,"turns":2},{"damage":11,"enemies":"Snecko","floor":20,"turns":3},{"damage":19,"enemies":"Book of Stabbing","floor":24,"turns":4},{"damage":6,"enemies":"Gremlin Leader","floor":30,"turns":2},{"damage":6,"enemies":"Snake Plant","floor":31,"turns":1},{"damage":23,"enemies":"Collector","floor":33,"turns":5},{"damage":8,"enemies":"Orb Walker","floor":35,"turns":2},{"damage":27,"enemies":"3 Darklings","floor":39,"turns":3},{"damage":45,"enemies":"Reptomancer","floor":41,"turns":3},{"damage":8,"enemies":"4 Shapes","floor":42,"turns":2},{"damage":6,"enemies":"Sphere and 2 Shapes","floor":44,"turns":2},{"damage":8,"enemies":"Jaw Worm Horde","floor":46,"turns":3},{"damage":6,"enemies":"Nemesis","floor":48,"turns":1},{"damage":36,"enemies":"Donu and Deca","floor":50,"turns":6},{"damage":6,"enemies":"Shield and Spear","floor":54,"turns":1},{"damage":141,"enemies":"The Heart","floor":55,"turns":6}],"seed_played":"4364943712194827454","potions_obtained":[{"floor":1,"key":"SkillPotion"},{"floor":6,"key":"sneckomod:MuddlingPotion"},{"floor":7,"key":"AttackPotion"},{"floor":12,"key":"sneckomod:MuddlingPotion"},{"floor":20,"key":"Block Potion"},{"floor":24,"key":"Fruit Juice"},{"floor":30,"key":"Weak Potion"},{"floor":31,"key":"SpeedPotion"},{"floor":33,"key":"SpeedPotion"},{"floor":35,"key":"Slimebound:ThreeZeroPotion"},{"floor":39,"key":"AttackPotion"},{"floor":41,"key":"AttackPotion"},{"floor":42,"key":"ColorlessPotion"},{"floor":44,"key":"FairyPotion"},{"floor":46,"key":"LiquidBronze"},{"floor":48,"key":"BlessingOfTheForge"},{"floor":54,"key":"ColorlessPotion"}],"is_trial":false,"path_per_floor":["M","M","?","$","?","E","M","E","T","?","R","M","R","E","R","B",null,"M","M","M","?","$","R","E","?","T","T","R","?","E","M","R","B",null,"M","$","T","?","M","R","E","M","T","M","?","M","$","E","R","B",null,"R","$","E","B"],"character_chosen":"IRONCLAD","items_purchased":["Akabeko","Red Skull","Regen Potion"],"campfire_rested":3,"item_purchase_floors":[22,22,53],"current_hp_per_floor":[80,80,85,85,85,85,85,67,67,67,67,73,73,75,75,30,85,85,78,73,73,73,73,60,60,60,60,60,69,74,74,74,73,90,88,88,88,88,67,90,51,49,49,49,49,47,47,47,74,60,90,90,90,90,0,0],"gold":68,"neow_bonus":"THREE_ENEMY_KILL","is_daily":false,"chose_seed":false,"campfire_upgraded":5,"win_rate":0.0,"timestamp":1609815963,"path_taken":["M","M","?","?","?","E","M","E","T","?","R","?","R","E","R","BOSS","M","M","M","?","$","R","E","?","T","?","R","?","E","?","R","BOSS","M","?","?","?","M","R","E","M","T","?","?","M","$","E","R","BOSS","R","$","E","BOSS"],"items_purchased_type":["Relic","Relic","Potion"],"build_version":"2020-12-22","purchased_purges":3,"victory":false,"max_hp_per_floor":[80,80,85,85,85,85,85,85,85,85,85,85,85,85,85,85,85,85,85,85,85,85,85,85,85,85,85,85,85,90,90,90,90,90,90,90,90,90,90,90,90,90,90,90,90,90,90,90,90,90,90,90,90,90,90,90],"card_choices":[{"not_picked":["Seeing Red","Second Wind"],"picked":"Intimidate","floor":1},{"not_picked":["Perfected Strike","Body Slam"],"picked":"Sword Boomerang","floor":2},{"not_picked":["Spot Weakness","Pommel Strike+1"],"picked":"Anger+1","floor":6},{"not_picked":["Armaments","Body Slam+1"],"picked":"Blood for Blood+1","floor":7},{"not_picked":["Body Slam+1","Clash+1"],"picked":"Burning Pact","floor":8},{"not_picked":["Heavy Blade+1","Armaments"],"picked":"Double Tap","floor":12},{"not_picked":["Warcry","Wild Strike+1"],"picked":"Sentinel","floor":14},{"not_picked":["Exhume","Barricade"],"picked":"Demon Form","floor":16},{"not_picked":["Body Slam+1","Iron Wave+1"],"picked":"Whirlwind+1","floor":18},{"not_picked":["Cleave+1","Havoc"],"picked":"Shrug It Off","floor":19},{"not_picked":["Iron Wave+1","Entrench"],"picked":"Offering","floor":20},{"not_picked":["Cleave+1","Sever Soul+1","Clothesline+1"],"picked":"SKIP","floor":24},{"not_picked":["Sever Soul+1","Armaments","Power Through"],"picked":"SKIP","floor":30},{"not_picked":["Havoc","Clothesline+1","Armaments+1"],"picked":"SKIP","floor":31},{"not_picked":["Impervious","Reaper+1"],"picked":"Bludgeon+1","floor":33},{"not_picked":["Dropkick+1","Ghostly Armor"],"picked":"Whirlwind+1","floor":35},{"not_picked":["Wild Strike+1","Dropkick+1"],"picked":"Shrug It Off+1","floor":39},{"not_picked":["Evolve","Pommel Strike+1","Pummel+1"],"picked":"SKIP","floor":41},{"not_picked":["Clash+1","Wild Strike+1"],"picked":"Shockwave+1","floor":42},{"not_picked":["Sentinel+1","Headbutt+1"],"picked":"Barricade","floor":44},{"not_picked":["Thunderclap+1","Blood for Blood+1"],"picked":"Flex","floor":46},{"not_picked":["Wild Strike+1","Clothesline+1"],"picked":"Spot Weakness+1","floor":48},{"not_picked":["Feel No Pain+1","Sword Boomerang+1","Hemokinesis+1"],"picked":"SKIP","floor":54}],"player_experience":243113,"relics_obtained":[{"floor":6,"key":"Orichalcum"},{"floor":8,"key":"aspiration:FrozenJewel"},{"floor":9,"key":"Ancient Tea Set"},{"floor":14,"key":"StoneCalendar"},{"floor":24,"key":"Pantograph"},{"floor":27,"key":"White Beast Statue"},{"floor":30,"key":"Paper Frog"},{"floor":37,"key":"Ornamental Fan"},{"floor":41,"key":"aspiration:FetidBarrel"},{"floor":43,"key":"Gremlin Horn"},{"floor":48,"key":"aspiration:SeaSaltIceCream"},{"floor":54,"key":"aspiration:StickyExplosives_weak"}],"event_choices":[{"damage_healed":0,"gold_gain":0,"player_choice":"Donut","damage_taken":0,"max_hp_gain":5,"max_hp_loss":0,"event_name":"Big Fish","floor":3,"gold_loss":0},{"damage_healed":0,"gold_gain":0,"player_choice":"Gave Potion","damage_taken":0,"relics_obtained":["Tiny Chest"],"max_hp_gain":0,"max_hp_loss":0,"event_name":"WeMeetAgain","floor":10,"gold_loss":0},{"damage_healed":0,"gold_gain":0,"player_choice":"Read","damage_taken":0,"max_hp_gain":0,"max_hp_loss":0,"event_name":"The Library","floor":21,"gold_loss":0,"cards_obtained":["Ghostly Armor"]},{"damage_healed":0,"gold_gain":0,"cards_transformed":["Sentinel"],"player_choice":"Transformed","damage_taken":0,"max_hp_gain":0,"max_hp_loss":0,"event_name":"Transmorgrifier","floor":25,"gold_loss":0,"cards_obtained":["Anger"]},{"cards_removed":["Strike_R"],"damage_healed":0,"gold_gain":0,"player_choice":"Purged","damage_taken":0,"max_hp_gain":0,"max_hp_loss":0,"event_name":"Purifier","floor":38,"gold_loss":0},{"cards_removed":["Defend_R"],"damage_healed":0,"gold_gain":0,"player_choice":"Removed Skill","damage_taken":0,"max_hp_gain":0,"max_hp_loss":0,"event_name":"Falling","floor":45,"gold_loss":0}],"is_beta":false,"boss_relics":[{"not_picked":["Snecko Eye","SacredBark"],"picked":"Velvet Choker"},{"not_picked":["Tiny House","aspiration:RitualDagger"],"picked":"Fusion Hammer"}],"items_purged_floors":[4,36,47],"is_endless":false,"potions_floor_spawned":[1,6,7,12,20,24,30,31,33,35,39,41,42,44,46,48,54],"killed_by":"The Heart","ascension_level":3}}