{"host":"i1h39d0gfh5c6uxl","time":1609835625,"event":{"mods":["AchievementEnabler","BaseMod","Colored Map","Colored Powertips","Highlight Path","Minty Spire (QoL Compilation)"],"gold_per_floor":[13,24,44,59,73,105,118,118,118],"floor_reached":8,"playtime":380,"items_purged":[],"score":124,"play_id":"28ecc62e-6203-4fba-82ff-29bd9beeed12","local_time":"20210105163345","is_ascension_mode":true,"campfire_choices":[],"circlet_count":0,"master_deck":["AscendersBane","Strike_R","Strike_R","Strike_R","Strike_R","Defend_R","Defend_R","Defend_R","Bash","Twin Strike","True Grit","Pommel Strike","Double Tap","Clothesline"],"relics":["Burning Blood","Bottled Lightning"],"acts_visited":["Exordium"],"potions_floor_usage":[3,5,6,7],"damage_taken":[{"damage":2,"enemies":"Cultist","floor":1,"turns":4},{"damage":2,"enemies":"Small Slimes","floor":2,"turns":3},{"damage":11,"enemies":"2 Louse","floor":3,"turns":3},{"damage":9,"enemies":"Blue Slaver","floor":4,"turns":6},{"damage":10,"enemies":"Lots of Slimes","floor":5,"turns":5},{"damage":62,"enemies":"Gremlin Nob","floor":6,"turns":5},{"damage":14,"enemies":"Exordium Thugs","floor":7,"turns":4},{"damage":18,"enemies":"3 Sentries","floor":8,"turns":4}],"seed_played":"537093174972506446","potions_obtained":[{"floor":3,"key":"EntropicBrew"},{"floor":6,"key":"Fire Potion"},{"floor":7,"key":"Ancient Potion"}],"is_trial":false,"path_per_floor":["M","M","M","M","M","E","M","E"],"character_chosen":"IRONCLAD","items_purchased":[],"campfire_rested":0,"item_purchase_floors":[],"current_hp_per_floor":[72,75,70,67,63,22,14,0,0],"gold":118,"neow_bonus":"REMOVE_TWO","is_daily":false,"chose_seed":false,"campfire_upgraded":0,"win_rate":0.0,"timestamp":1609835625,"path_taken":["M","M","M","?","M","E","M","E"],"items_purchased_type":[],"build_version":"2020-12-22","purchased_purges":0,"victory":false,"max_hp_per_floor":[75,75,75,75,75,75,75,75,75],"card_choices":[{"not_picked":["Armaments","Whirlwind"],"picked":"Twin Strike","floor":1},{"not_picked":["Bloodletting","Whirlwind"],"picked":"True Grit","floor":2},{"not_picked":["Whirlwind","Feel No Pain","Wild Strike"],"picked":"SKIP","floor":3},{"not_picked":["Rage","Clash"],"picked":"Pommel Strike","floor":4},{"not_picked":["Feel No Pain","Rage","Warcry"],"picked":"SKIP","floor":5},{"not_picked":["Wild Strike","Reckless Charge"],"picked":"Double Tap","floor":6},{"not_picked":["Wild Strike","Sword Boomerang"],"picked":"Clothesline","floor":7}],"player_experience":1303493,"relics_obtained":[{"floor":6,"key":"Bottled Lightning"}],"event_choices":[],"is_beta":false,"boss_relics":[],"items_purged_floors":[],"is_endless":false,"potions_floor_spawned":[3,6,7],"killed_by":"3 Sentries","ascension_level":20}}