{"host":"Jonboy","time":1609883653,"event":{"mods":["AchievementEnabler","BaseMod","Block Reminder","Colored Powertips","Minty Spire (QoL Compilation)","Relic Stats"],"gold_per_floor":[116,130,130,142,142,174,174,206,232,232,250,311,6,6,6,80,80,92,38,67,0,0,35,35,60,60,91,103,121,46,128,128,128,128],"floor_reached":33,"playtime":1143,"items_purged":["Strike_R"],"score":541,"play_id":"ef860e63-9827-4afe-a697-bf0cac9db63b","local_time":"20210105215413","is_ascension_mode":true,"campfire_choices":[{"floor":7,"key":"REST"},{"floor":10,"key":"REST"},{"floor":15,"key":"REST"},{"floor":24,"key":"REST"},{"floor":32,"key":"REST"}],"circlet_count":0,"master_deck":["AscendersBane","Strike_R","Strike_R+1","Defend_R","Defend_R","Defend_R","Defend_R","Bash","Shrug It Off+1","Headbutt","Heavy Blade","Flex","Rampage","Cleave","Pommel Strike","Bludgeon","Offering","True Grit","Spot Weakness","Ghostly","Ghostly","Ghostly","Exhume","Burning Pact+1","Power Through"],"relics":["Sozu","Lantern","Juzu Bracelet","Ancient Tea Set","Singing Bowl","Akabeko","Fusion Hammer","Red Mask","Boot","Vajra","White Beast Statue","Self Forming Clay","Ice Cream","Toxic Egg 2"],"acts_visited":["Exordium","TheCity"],"potions_floor_usage":[],"damage_taken":[{"damage":0,"enemies":"2 Louse","floor":1,"turns":3},{"damage":1,"enemies":"Small Slimes","floor":2,"turns":4},{"damage":6,"enemies":"Cultist","floor":4,"turns":3},{"damage":20,"enemies":"3 Sentries","floor":6,"turns":9},{"damage":28,"enemies":"Gremlin Nob","floor":8,"turns":4},{"damage":3,"enemies":"Large Slime","floor":11,"turns":4},{"damage":8,"enemies":"Lagavulin Event","floor":12,"turns":5},{"damage":12,"enemies":"Slime Boss","floor":16,"turns":6},{"damage":0,"enemies":"Spheric Guardian","floor":18,"turns":2},{"damage":31,"enemies":"Masked Bandits","floor":20,"turns":4},{"damage":9,"enemies":"Gremlin Leader","floor":23,"turns":5},{"damage":15,"enemies":"Book of Stabbing","floor":25,"turns":4},{"damage":15,"enemies":"Slavers","floor":27,"turns":5},{"damage":3,"enemies":"3 Byrds","floor":28,"turns":5},{"damage":1,"enemies":"Centurion and Healer","floor":29,"turns":5},{"damage":18,"enemies":"Automaton","floor":33,"turns":4}],"seed_played":"-4730933256790432011","potions_obtained":[],"is_trial":false,"path_per_floor":["M","M","?","M","?","E","R","E","T","R","M","?","$","?","R","B",null,"M","$","?","?","?","E","R","E","T","E","M","M","?","T","R","B"],"character_chosen":"IRONCLAD","items_purchased":["Bludgeon","Akabeko","True Grit"],"campfire_rested":5,"item_purchase_floors":[13,13,19],"current_hp_per_floor":[68,67,44,38,38,18,40,12,12,34,31,23,23,16,38,26,63,65,65,34,34,34,25,36,21,21,8,5,6,6,6,18,0,0],"gold":128,"neow_bonus":"BOSS_RELIC","is_daily":false,"chose_seed":false,"campfire_upgraded":0,"win_rate":0.0,"timestamp":1609883653,"path_taken":["M","M","?","M","?","E","R","E","T","R","M","?","$","?","R","BOSS","M","$","?","?","?","E","R","E","T","E","M","M","?","?","R","BOSS"],"items_purchased_type":["Card","Relic","Card"],"build_version":"2020-12-18","purchased_purges":1,"victory":false,"max_hp_per_floor":[75,75,75,75,75,75,75,75,75,75,75,75,75,75,75,75,75,77,77,77,77,38,38,38,38,38,40,40,42,42,42,42,42,42],"relic_stats":{"Sozu":9,"Singing Bowl":6,"counters":[16,72],"Self Forming Clay":[18],"Juzu Bracelet":1,"Boot":[6],"obtain_stats":[{"Ice Cream":27,"Lantern":6,"Singing Bowl":12,"Self Forming Clay":26,"Vajra":23,"Juzu Bracelet":8,"Ancient Tea Set":9,"Boot":21,"Burning Blood":0,"Akabeko":13,"White Beast Statue":25,"Sozu":0,"Fusion Hammer":17,"Red Mask":20,"Toxic Egg 2":31},{"Ice Cream":13,"Lantern":4,"Singing Bowl":7,"Self Forming Clay":12,"Vajra":11,"Juzu Bracelet":5,"Ancient Tea Set":5,"Boot":10,"Burning Blood":0,"Akabeko":7,"White Beast Statue":12,"Sozu":0,"Fusion Hammer":8,"Red Mask":10,"Toxic Egg 2":15},{"Ice Cream":58,"Lantern":19,"Singing Bowl":32,"Self Forming Clay":53,"Vajra":49,"Juzu Bracelet":23,"Ancient Tea Set":23,"Boot":44,"Burning Blood":0,"Akabeko":32,"White Beast Statue":53,"Sozu":0,"Fusion Hammer":38,"Red Mask":44,"Toxic Egg 2":68}]},"card_choices":[{"not_picked":["Armaments","Anger"],"picked":"Shrug It Off","floor":1},{"not_picked":["Feel No Pain","Thunderclap"],"picked":"Headbutt","floor":2},{"not_picked":["Body Slam","Warcry"],"picked":"Heavy Blade","floor":4},{"not_picked":["Clash","Entrench"],"picked":"Flex","floor":6},{"not_picked":["Anger","Evolve"],"picked":"Rampage","floor":8},{"not_picked":["Sword Boomerang","Clothesline"],"picked":"Cleave","floor":11},{"not_picked":["Intimidate","Warcry"],"picked":"Pommel Strike","floor":12},{"not_picked":["Exhume","Double Tap"],"picked":"Offering","floor":16},{"not_picked":["Sever Soul","Metallicize","Clash"],"picked":"Singing Bowl","floor":18},{"not_picked":["Rampage","Armaments"],"picked":"Spot Weakness","floor":20},{"not_picked":["Heavy Blade","True Grit+1"],"picked":"Exhume","floor":23},{"not_picked":["Pummel","Havoc+1"],"picked":"Burning Pact+1","floor":25},{"not_picked":["Warcry","Juggernaut","Body Slam"],"picked":"Singing Bowl","floor":27},{"not_picked":["Reckless Charge","Flex"],"picked":"Power Through","floor":28},{"not_picked":["Heavy Blade","Bloodletting","Havoc"],"picked":"Singing Bowl","floor":29}],"player_experience":441228,"relics_obtained":[{"floor":6,"key":"Lantern"},{"floor":8,"key":"Juzu Bracelet"},{"floor":9,"key":"Ancient Tea Set"},{"floor":12,"key":"Singing Bowl"},{"floor":20,"key":"Red Mask"},{"floor":23,"key":"Vajra"},{"floor":25,"key":"White Beast Statue"},{"floor":26,"key":"Self Forming Clay"},{"floor":27,"key":"Ice Cream"},{"floor":31,"key":"Toxic Egg 2"}],"event_choices":[{"damage_healed":0,"gold_gain":0,"player_choice":"Entered Light","damage_taken":23,"max_hp_gain":0,"max_hp_loss":0,"event_name":"Shining Light","floor":3,"gold_loss":0,"cards_upgraded":["Shrug It Off","Strike_R"]},{"damage_healed":0,"gold_gain":0,"player_choice":"Ignored","damage_taken":0,"max_hp_gain":0,"max_hp_loss":0,"event_name":"Liars Game","floor":5,"gold_loss":0},{"damage_healed":0,"gold_gain":0,"player_choice":"Searched \u00271\u0027 times","damage_taken":0,"max_hp_gain":0,"max_hp_loss":0,"event_name":"Dead Adventurer","floor":12,"gold_loss":0},{"cards_removed":["Strike_R"],"damage_healed":0,"gold_gain":0,"player_choice":"Card Removal","damage_taken":7,"max_hp_gain":0,"max_hp_loss":0,"event_name":"Golden Wing","floor":14,"gold_loss":0},{"damage_healed":0,"gold_gain":0,"player_choice":"Fought Bandits","damage_taken":0,"max_hp_gain":0,"max_hp_loss":0,"event_name":"Masked Bandits","floor":20,"gold_loss":0},{"damage_healed":0,"gold_gain":0,"player_choice":"Paid Gold","damage_taken":0,"relics_obtained":["Boot"],"max_hp_gain":0,"max_hp_loss":0,"event_name":"WeMeetAgain","floor":21,"gold_loss":67},{"damage_healed":0,"gold_gain":0,"player_choice":"Became a Ghost","damage_taken":0,"max_hp_gain":0,"max_hp_loss":39,"event_name":"Ghosts","floor":22,"gold_loss":0,"cards_obtained":["Ghostly","Ghostly","Ghostly"]},{"cards_removed":["Strike_R"],"damage_healed":0,"gold_gain":0,"player_choice":"Gave Gold","damage_taken":0,"max_hp_gain":0,"max_hp_loss":0,"event_name":"Beggar","floor":30,"gold_loss":75}],"is_beta":true,"boss_relics":[{"not_picked":["Philosopher\u0027s Stone","Coffee Dripper"],"picked":"Fusion Hammer"}],"items_purged_floors":[13],"is_endless":false,"potions_floor_spawned":[2,6,12,16,20,23,27,28,29],"killed_by":"Automaton","ascension_level":15}}