{"host":"mmqs5ul2bvb60kyc","time":1609828206,"event":{"mods":["AchievementEnabler","BaseMod","Minty Spire (QoL Compilation)","StSLib"],"gold_per_floor":[111,121,121,121,135,135,167,167,167,187,187,187,38,54,54,158,158,171,171,171,96,21,21,36,36,61,61,61,336,351,385,385,481,481,495,509,509,205,1015,1015,1050,1085,1112,1141,1141,1173,603,620,620,620,620,620,221,249,249],"floor_reached":56,"playtime":2693,"items_purged":["Strike_B","Regret","Defend_B","Defend_B"],"score":1778,"play_id":"edea5bb6-4a33-433c-a173-f71683941193","local_time":"20210105143006","is_ascension_mode":true,"campfire_choices":[{"data":"Dualcast","floor":6.0,"key":"SMITH"},{"floor":8.0,"key":"REST"},{"data":"Biased Cognition","floor":11.0,"key":"SMITH"},{"data":"Turbo","floor":15.0,"key":"SMITH"},{"data":"Echo Form","floor":23.0,"key":"SMITH"},{"data":"Tempest","floor":25.0,"key":"SMITH"},{"floor":28.0,"key":"RECALL"},{"data":"Storm","floor":32.0,"key":"SMITH"},{"data":"Strike_B","floor":40.0,"key":"PURGE"},{"data":"Consume","floor":45.0,"key":"SMITH"},{"data":"Defend_B","floor":49.0,"key":"PURGE"},{"data":"Defend_B","floor":52.0,"key":"PURGE"}],"circlet_count":0,"master_deck":["Zap","Dualcast+1","Tempest+1","Glacier","Core Surge","Consume+1","Biased Cognition+1","Turbo+1","Echo Form+1","Machine Learning","Chill","Storm+1","Defragment","Coolheaded","Shockwave","Acrobatics","MasterReality","Capacitor","Ball Lightning","Reboot","Storm","Evaluate"],"relics":["Cracked Core","Mango","Torii","InkBottle","Pantograph","Medical Kit","Nuclear Battery","Letter Opener","Bottled Tornado","Singing Bowl","Inserter","PrismaticShard","Bird Faced Urn","Gambling Chip","Turnip","WingedGreaves","TungstenRod","StoneCalendar","CaptainsWheel","Du-Vu Doll","Shovel","Peace Pipe","FossilizedHelix","Pocketwatch","Thread and Needle","Ice Cream","Lizard Tail","Oddly Smooth Stone","PreservedInsect","Blood Vial","Bag of Marbles","Pear","Cables","Art of War"],"acts_visited":["Exordium","TheCity","TheBeyond","TheEnding"],"potions_floor_usage":[55],"damage_taken":[{"damage":0.0,"enemies":"Small Slimes","floor":1.0,"turns":2.0},{"damage":0.0,"enemies":"2 Louse","floor":2.0,"turns":3.0},{"damage":0.0,"enemies":"Jaw Worm","floor":5.0,"turns":4.0},{"damage":18.0,"enemies":"Lagavulin","floor":7.0,"turns":8.0},{"damage":14.0,"enemies":"Red Slaver","floor":10.0,"turns":2.0},{"damage":1.0,"enemies":"Blue Slaver","floor":14.0,"turns":3.0},{"damage":5.0,"enemies":"Hexaghost","floor":16.0,"turns":11.0},{"damage":8.0,"enemies":"3 Byrds","floor":18.0,"turns":3.0},{"damage":7.0,"enemies":"Shell Parasite","floor":24.0,"turns":5.0},{"damage":0.0,"enemies":"Snake Plant","floor":30.0,"turns":1.0},{"damage":3.0,"enemies":"Book of Stabbing","floor":31.0,"turns":5.0},{"damage":34.0,"enemies":"Champ","floor":33.0,"turns":8.0},{"damage":16.0,"enemies":"Orb Walker","floor":35.0,"turns":2.0},{"damage":7.0,"enemies":"3 Shapes","floor":36.0,"turns":3.0},{"damage":23.0,"enemies":"2 Orb Walkers","floor":39.0,"turns":4.0},{"damage":0.0,"enemies":"Giant Head","floor":41.0,"turns":7.0},{"damage":8.0,"enemies":"Reptomancer","floor":42.0,"turns":4.0},{"damage":0.0,"enemies":"Giant Head","floor":44.0,"turns":6.0},{"damage":9.0,"enemies":"Reptomancer","floor":46.0,"turns":7.0},{"damage":0.0,"enemies":"Transient","floor":48.0,"turns":5.0},{"damage":6.0,"enemies":"Time Eater","floor":50.0,"turns":6.0},{"damage":18.0,"enemies":"Shield and Spear","floor":54.0,"turns":5.0},{"damage":91,"enemies":"The Heart","floor":55,"turns":9}],"seed_played":"3616467927281032777","potions_obtained":[{"floor":1.0,"key":"Dexterity Potion"},{"floor":5.0,"key":"LiquidMemories"},{"floor":12.0,"key":"ColorlessPotion"},{"floor":12.0,"key":"Ancient Potion"},{"floor":16.0,"key":"SpeedPotion"},{"floor":24.0,"key":"FocusPotion"},{"floor":30.0,"key":"AttackPotion"},{"floor":39.0,"key":"Swift Potion"},{"floor":44.0,"key":"LiquidMemories"},{"floor":46.0,"key":"EssenceOfDarkness"},{"floor":48.0,"key":"Ancient Potion"}],"is_trial":false,"path_per_floor":["M","M","?","?","M","R","E","R","T","M","R","?","$","M","R","B",null,"M","?","?","?","$","R","M","R","T","T","R","?","M","E","R","B",null,"M","M","?","$","?","R","E","E","T","E","R","E","$","M","R","B",null,"R","$","E","B",null],"character_chosen":"DEFECT","items_purchased":["Medical Kit","PrismaticShard","Coolheaded","Cables","Capacitor","Ball Lightning","FairyPotion","EntropicBrew","Reboot","Storm"],"campfire_rested":1,"item_purchase_floors":[13,38,38,47,47,47,47,53,53,53],"current_hp_per_floor":[64,64,22,22,22,22,4,30,30,16,16,16,16,15,15,35,76,68,68,68,68,68,68,61,61,61,61,61,61,61,58,58,49,79,63,58,58,58,35,35,51,59,59,73,73,86,86,107,107,107,107,107,107,103,30],"gold":249,"neow_bonus":"ONE_RARE_RELIC","is_daily":false,"chose_seed":false,"campfire_upgraded":7,"win_rate":0.0,"timestamp":1609828206,"path_taken":["M","M","?","?","M","R","E","R","T","M","R","?","$","M","R","BOSS","M","?","?","?","$","R","M","R","T","?","R","?","?","E","R","BOSS","M","M","?","$","?","R","E","E","T","E","R","E","$","M","R","BOSS","R","$","E","BOSS"],"items_purchased_type":["Relic","Relic","Card","Relic","Card","Card","Potion","Potion","Card","Card"],"build_version":"2020-12-22","purchased_purges":4,"victory":true,"max_hp_per_floor":[89,89,89,89,89,89,89,89,89,89,89,89,89,89,89,89,89,89,89,89,89,89,89,89,89,89,89,89,89,89,89,89,89,89,89,91,91,91,91,91,93,95,95,95,95,105,105,107,107,107,107,107,107,107,107],"card_choices":[{"not_picked":["Force Field","Darkness"],"picked":"Tempest","floor":1.0},{"not_picked":["Skim","Loop"],"picked":"Glacier","floor":2.0},{"not_picked":["Hologram","Sunder"],"picked":"Consume","floor":5.0},{"not_picked":["Ball Lightning","Steam Power"],"picked":"Biased Cognition","floor":7.0},{"not_picked":["Rebound","Redo","Steam"],"picked":"SKIP","floor":10.0},{"not_picked":["Beam Cell","Leap"],"picked":"Turbo","floor":14.0},{"not_picked":["All For One","Amplify"],"picked":"Echo Form","floor":16.0},{"not_picked":["Beam Cell","Conserve Battery","Streamline"],"picked":"SKIP","floor":18.0},{"not_picked":["Force Field+1","Barrage+1"],"picked":"Machine Learning","floor":24.0},{"not_picked":["Sweeping Beam","Steam"],"picked":"Chill","floor":30.0},{"not_picked":["Hologram+1","Chill"],"picked":"Storm","floor":31.0},{"not_picked":["Machine Learning","Core Surge"],"picked":"Fission","floor":33.0},{"not_picked":["Leap","Barrage+1"],"picked":"Defragment","floor":35.0},{"not_picked":["Static Discharge+1","Conserve Battery","Turbo+1"],"picked":"Singing Bowl","floor":36.0},{"not_picked":["Body Slam+1","Flying Knee"],"picked":"Shockwave","floor":39.0},{"not_picked":["Trip+1","Bane+1","Blade Dance"],"picked":"Singing Bowl","floor":41.0},{"not_picked":["FlurryOfBlows","Die Die Die","ThirdEye+1"],"picked":"Singing Bowl","floor":42.0},{"not_picked":["Backflip","Anger+1"],"picked":"Acrobatics","floor":44.0},{"not_picked":["Armaments","Force Field+1"],"picked":"MasterReality","floor":46.0},{"not_picked":["Dodge and Roll","Rebound+1","Compile Driver+1"],"picked":"Singing Bowl","floor":48.0},{"not_picked":["Unload","Backstab"],"picked":"Evaluate","floor":54.0}],"player_experience":227876,"relics_obtained":[{"floor":7.0,"key":"InkBottle"},{"floor":9.0,"key":"Pantograph"},{"floor":27.0,"key":"Bottled Tornado"},{"floor":31.0,"key":"Singing Bowl"},{"floor":39.0,"key":"Bird Faced Urn"},{"floor":39.0,"key":"Gambling Chip"},{"floor":39.0,"key":"Turnip"},{"floor":39.0,"key":"WingedGreaves"},{"floor":39.0,"key":"TungstenRod"},{"floor":39.0,"key":"StoneCalendar"},{"floor":39.0,"key":"CaptainsWheel"},{"floor":39.0,"key":"Du-Vu Doll"},{"floor":39.0,"key":"Shovel"},{"floor":39.0,"key":"Peace Pipe"},{"floor":39.0,"key":"FossilizedHelix"},{"floor":39.0,"key":"Pocketwatch"},{"floor":39.0,"key":"Thread and Needle"},{"floor":39.0,"key":"Ice Cream"},{"floor":39.0,"key":"Lizard Tail"},{"floor":41.0,"key":"Oddly Smooth Stone"},{"floor":42.0,"key":"PreservedInsect"},{"floor":43.0,"key":"Blood Vial"},{"floor":44.0,"key":"Bag of Marbles"},{"floor":46.0,"key":"Pear"},{"floor":54.0,"key":"Art of War"}],"event_choices":[{"damage_healed":0.0,"max_hp_gain":0.0,"max_hp_loss":0.0,"gold_gain":0.0,"event_name":"Scrap Ooze","player_choice":"Success","floor":3.0,"gold_loss":0.0,"damage_taken":42.0,"relics_obtained":["Torii"]},{"damage_healed":0.0,"max_hp_gain":0.0,"max_hp_loss":0.0,"gold_gain":0.0,"cards_transformed":["Strike_B"],"event_name":"Living Wall","player_choice":"Change","floor":4.0,"gold_loss":0.0,"damage_taken":0.0,"cards_obtained":["Core Surge"]},{"damage_healed":0.0,"max_hp_gain":0.0,"max_hp_loss":0.0,"gold_gain":0.0,"event_name":"Lab","player_choice":"Got Potions","floor":12.0,"gold_loss":0.0,"damage_taken":0.0},{"damage_healed":0.0,"max_hp_gain":0.0,"max_hp_loss":0.0,"gold_gain":0.0,"event_name":"Vampires","player_choice":"Ignored","floor":19.0,"gold_loss":0.0,"damage_taken":0.0},{"damage_healed":0.0,"max_hp_gain":0.0,"max_hp_loss":0.0,"gold_gain":0.0,"event_name":"The Mausoleum","player_choice":"Opened","floor":20.0,"gold_loss":0.0,"damage_taken":0.0,"relics_obtained":["Letter Opener"]},{"cards_removed":["Strike_B"],"damage_healed":0.0,"max_hp_gain":0.0,"max_hp_loss":0.0,"gold_gain":0.0,"event_name":"Beggar","player_choice":"Gave Gold","floor":21.0,"gold_loss":75.0,"damage_taken":0.0},{"damage_healed":0.0,"max_hp_gain":0.0,"max_hp_loss":0.0,"gold_gain":275.0,"event_name":"Golden Shrine","player_choice":"Desecrate","floor":29.0,"gold_loss":0.0,"damage_taken":0.0,"cards_obtained":["Regret"]},{"cards_removed":["Fission"],"damage_healed":0.0,"max_hp_gain":0.0,"max_hp_loss":0.0,"gold_gain":0.0,"event_name":"Falling","player_choice":"Removed Skill","floor":37.0,"gold_loss":0.0,"damage_taken":0.0},{"damage_healed":0.0,"max_hp_gain":0.0,"max_hp_loss":0.0,"gold_gain":0.0,"event_name":"Mysterious Sphere","player_choice":"Fight","floor":39.0,"gold_loss":0.0,"damage_taken":0.0},{"damage_healed":0.0,"max_hp_gain":0.0,"max_hp_loss":0.0,"gold_gain":0.0,"event_name":"Mysterious Sphere","player_choice":"Fight","floor":39.0,"gold_loss":0.0,"damage_taken":0.0},{"damage_healed":0.0,"max_hp_gain":0.0,"max_hp_loss":0.0,"gold_gain":0.0,"event_name":"Mysterious Sphere","player_choice":"Fight","floor":39.0,"gold_loss":0.0,"damage_taken":0.0},{"damage_healed":0.0,"max_hp_gain":0.0,"max_hp_loss":0.0,"gold_gain":0.0,"event_name":"Mysterious Sphere","player_choice":"Fight","floor":39.0,"gold_loss":0.0,"damage_taken":0.0},{"damage_healed":0.0,"max_hp_gain":0.0,"max_hp_loss":0.0,"gold_gain":0.0,"event_name":"Mysterious Sphere","player_choice":"Fight","floor":39.0,"gold_loss":0.0,"damage_taken":0.0},{"damage_healed":0.0,"max_hp_gain":0.0,"max_hp_loss":0.0,"gold_gain":0.0,"event_name":"Mysterious Sphere","player_choice":"Fight","floor":39.0,"gold_loss":0.0,"damage_taken":0.0},{"damage_healed":0.0,"max_hp_gain":0.0,"max_hp_loss":0.0,"gold_gain":0.0,"event_name":"Mysterious Sphere","player_choice":"Fight","floor":39.0,"gold_loss":0.0,"damage_taken":0.0},{"damage_healed":0.0,"max_hp_gain":0.0,"max_hp_loss":0.0,"gold_gain":0.0,"event_name":"Mysterious Sphere","player_choice":"Fight","floor":39.0,"gold_loss":0.0,"damage_taken":0.0},{"damage_healed":0.0,"max_hp_gain":0.0,"max_hp_loss":0.0,"gold_gain":0.0,"event_name":"Mysterious Sphere","player_choice":"Fight","floor":39.0,"gold_loss":0.0,"damage_taken":0.0},{"damage_healed":0.0,"max_hp_gain":0.0,"max_hp_loss":0.0,"gold_gain":0.0,"event_name":"Mysterious Sphere","player_choice":"Fight","floor":39.0,"gold_loss":0.0,"damage_taken":0.0},{"damage_healed":0.0,"max_hp_gain":0.0,"max_hp_loss":0.0,"gold_gain":0.0,"event_name":"Mysterious Sphere","player_choice":"Fight","floor":39.0,"gold_loss":0.0,"damage_taken":0.0},{"damage_healed":0.0,"max_hp_gain":0.0,"max_hp_loss":0.0,"gold_gain":0.0,"event_name":"Mysterious Sphere","player_choice":"Fight","floor":39.0,"gold_loss":0.0,"damage_taken":0.0},{"damage_healed":0.0,"max_hp_gain":0.0,"max_hp_loss":0.0,"gold_gain":0.0,"event_name":"Mysterious Sphere","player_choice":"Fight","floor":39.0,"gold_loss":0.0,"damage_taken":0.0},{"damage_healed":0.0,"max_hp_gain":0.0,"max_hp_loss":0.0,"gold_gain":0.0,"event_name":"Mysterious Sphere","player_choice":"Fight","floor":39.0,"gold_loss":0.0,"damage_taken":0.0},{"damage_healed":0.0,"max_hp_gain":0.0,"max_hp_loss":0.0,"gold_gain":0.0,"event_name":"Mysterious Sphere","player_choice":"Fight","floor":39.0,"gold_loss":0.0,"damage_taken":0.0}],"is_beta":false,"boss_relics":[{"not_picked":["Busted Crown","Calling Bell"],"picked":"Nuclear Battery"},{"not_picked":["Velvet Choker","SacredBark"],"picked":"Inserter"}],"items_purged_floors":[22,38,47,53],"is_endless":false,"potions_floor_spawned":[1,5,16,24,30,39,41,42,44,46,48],"ascension_level":7}}