{"host":"mi0eibewekhugwl1","time":1609858115,"event":{"mods":["AchievementEnabler","BaseMod","Colored Map","Colored Powertips","DeckTracker","Keyboard Shortcuts","Minty Spire (QoL Compilation)","Quick Restart","Rare Cards Sparkle","Relic Stats","StSLib","SuperFastMode","everything is the same but u backflip on backflip"],"gold_per_floor":[110,110,185,21,31,58,81,81,81,6,21,34,34,46,46,119,119,138,138,157,171,171,171],"floor_reached":22,"playtime":315,"items_purged":["Strike_R"],"score":422,"play_id":"324976a5-f139-48f5-8f10-057cd1401128","local_time":"20210105234835","is_ascension_mode":true,"campfire_choices":[{"data":"Uppercut","floor":8,"key":"SMITH"},{"data":"1","floor":15,"key":"LIFT"}],"circlet_count":0,"master_deck":["AscendersBane","Strike_R","Strike_R","Defend_R","Defend_R","Defend_R","Bash","Pommel Strike","Sword Boomerang","Uppercut+1","Cleave","Cleave","Rage","Fire Breathing+1"],"relics":["Burning Blood","NeowsBlessing","MealTicket","StrikeDummy","Odd Mushroom","Girya","Cursed Key"],"acts_visited":["Exordium","TheCity"],"potions_floor_usage":[16,18,21,22],"damage_taken":[{"damage":0,"enemies":"Cultist","floor":1,"turns":1},{"damage":0,"enemies":"Jaw Worm","floor":5,"turns":1},{"damage":0,"enemies":"Lagavulin","floor":6,"turns":1},{"damage":39,"enemies":"The Mushroom Lair","floor":7,"turns":4},{"damage":0,"enemies":"2 Louse","floor":11,"turns":2},{"damage":7,"enemies":"Blue Slaver","floor":12,"turns":4},{"damage":10,"enemies":"Red Slaver","floor":14,"turns":3},{"damage":52,"enemies":"Hexaghost","floor":16,"turns":11},{"damage":24,"enemies":"Shell Parasite","floor":18,"turns":4},{"damage":22,"enemies":"3 Byrds","floor":20,"turns":5},{"damage":16,"enemies":"Centurion and Healer","floor":21,"turns":4},{"damage":16,"enemies":"Snake Plant","floor":22,"turns":2}],"seed_played":"5493394891649835398","potions_obtained":[{"floor":6,"key":"Dexterity Potion"},{"floor":7,"key":"Dexterity Potion"},{"floor":16,"key":"SkillPotion"},{"floor":20,"key":"AttackPotion"}],"is_trial":false,"path_per_floor":["M","?","?","$","M","E","?","R","T","$","M","M","?","M","R","B",null,"M","?","M","M","M"],"character_chosen":"IRONCLAD","items_purchased":["MealTicket"],"campfire_rested":0,"item_purchase_floors":[4],"current_hp_per_floor":[74,74,63,63,69,75,42,42,42,57,63,62,62,58,58,12,59,41,41,25,15,0,0],"gold":171,"neow_bonus":"THREE_ENEMY_KILL","is_daily":false,"chose_seed":false,"campfire_upgraded":1,"win_rate":0.0,"timestamp":1609858115,"path_taken":["M","?","?","?","M","E","?","R","T","$","M","?","?","M","R","BOSS","M","?","M","?","M"],"items_purchased_type":["Relic"],"build_version":"2020-12-22","purchased_purges":1,"victory":false,"max_hp_per_floor":[75,75,75,75,75,75,75,75,75,75,75,75,75,75,75,75,75,75,75,75,75,75,75],"relic_stats":{"counters":[12,42],"MealTicket":15,"Cursed Key":0,"obtain_stats":[{"Girya":9,"NeowsBlessing":0,"MealTicket":4,"Odd Mushroom":7,"StrikeDummy":6,"Cursed Key":17,"Burning Blood":0},{"Girya":4,"NeowsBlessing":0,"MealTicket":1,"Odd Mushroom":4,"StrikeDummy":3,"Cursed Key":8,"Burning Blood":0},{"Girya":7,"NeowsBlessing":0,"MealTicket":1,"Odd Mushroom":7,"StrikeDummy":3,"Cursed Key":27,"Burning Blood":0}],"Burning Blood":66},"card_choices":[{"not_picked":["Sentinel","Anger"],"picked":"Pommel Strike","floor":1},{"not_picked":["Hemokinesis","Uppercut"],"picked":"Sword Boomerang","floor":5},{"not_picked":["Headbutt","True Grit","Limit Break"],"picked":"SKIP","floor":6},{"not_picked":["Rupture","Clash"],"picked":"Uppercut","floor":7},{"not_picked":["Dual Wield","Shockwave","Iron Wave"],"picked":"SKIP","floor":11},{"not_picked":["Flex","Sword Boomerang"],"picked":"Cleave","floor":12},{"not_picked":["Body Slam","Warcry","True Grit"],"picked":"SKIP","floor":14},{"not_picked":["Clash","True Grit"],"picked":"Rage","floor":18},{"not_picked":["Iron Wave","Reckless Charge","Clash"],"picked":"SKIP","floor":20},{"not_picked":["True Grit","Cleave"],"picked":"Fire Breathing+1","floor":21}],"player_experience":1733145,"relics_obtained":[{"floor":6,"key":"StrikeDummy"},{"floor":7,"key":"Odd Mushroom"},{"floor":9,"key":"Girya"}],"event_choices":[{"cards_removed":["Strike_R"],"damage_healed":0,"gold_gain":0,"player_choice":"Forget","damage_taken":0,"max_hp_gain":0,"max_hp_loss":0,"event_name":"Living Wall","floor":2,"gold_loss":0},{"damage_healed":0,"gold_gain":75,"player_choice":"Gather Gold","damage_taken":11,"max_hp_gain":0,"max_hp_loss":0,"event_name":"World of Goop","floor":3,"gold_loss":0},{"damage_healed":0,"gold_gain":0,"player_choice":"Fought Mushrooms","damage_taken":0,"max_hp_gain":0,"max_hp_loss":0,"event_name":"Mushrooms","floor":7,"gold_loss":0},{"damage_healed":0,"gold_gain":0,"cards_transformed":["Strike_R"],"player_choice":"Transformed","damage_taken":0,"max_hp_gain":0,"max_hp_loss":0,"event_name":"Transmorgrifier","floor":13,"gold_loss":0,"cards_obtained":["Cleave"]},{"cards_removed":["Defend_R"],"damage_healed":0,"gold_gain":0,"player_choice":"Purged","damage_taken":0,"max_hp_gain":0,"max_hp_loss":0,"event_name":"Purifier","floor":19,"gold_loss":0}],"is_beta":false,"boss_relics":[{"not_picked":["Pandora\u0027s Box","SacredBark"],"picked":"Cursed Key"}],"items_purged_floors":[10],"is_endless":false,"potions_floor_spawned":[6,7,16,20],"killed_by":"Snake Plant","ascension_level":20}}