{"host":"q79spna8ofw6hj3r","time":1609841580,"event":{"mods":["Aspiration","BaseMod","Bestiary","Better Altar","Better Match","Better Note","Better Sensory Stone","Better Skull","Better Third Choice","Better Vampires","BetterRewards","Block Reminder","Card Filter","Challenge The Spire","Colored Map","Colored Powertips","Conspire","Custom Start","Energized Spire","Halation","Hubris","Infinite Spire","Jedi Mod","Mimic Mod","Minty Spire (QoL Compilation)","Permanent Neow","Quick Restart","Relic Filter","Relic Sorter","Replay The Spire","Shop Mod","StSLib","SuperFastMode","Synergy Search","The Servant 0.9.4","vexMod"],"gold_per_floor":[111,111,122,122,136,136,161,181,211,226,226,237,272,197,197,300,300,240,271,291,291,291],"floor_reached":21,"playtime":919,"items_purged":["Starlight"],"score":251,"play_id":"5b096c25-3164-43a9-b8ea-bcbf6b430df4","local_time":"20210105121300","is_ascension_mode":true,"campfire_choices":[{"data":"KidneyShot","floor":6,"key":"SMITH"},{"data":"KillingDoll","floor":11,"key":"SMITH"},{"data":"SurpressingFire","floor":15,"key":"SMITH"}],"circlet_count":0,"master_deck":["Strike_S","Defend_S","Defend_S","Defend_S","Defend_S+1","KidneyShot+1","Exchange+1","Rearm","KillingDoll+1","SurpressingFire+1","Barrier","MurderousAura","Contraction"],"relics":["Uniform","Nunchaku","aspiration:HiddenCompartment","Oddly Smooth Stone","Empty Cage","Red Mask"],"acts_visited":["Exordium","TheCity"],"potions_floor_usage":[8,13,16,16,21],"damage_taken":[{"damage":1,"enemies":"Jaw Worm","floor":1,"turns":4},{"damage":3,"enemies":"2 Louse","floor":3,"turns":2},{"damage":2,"enemies":"Small Slimes","floor":5,"turns":4},{"damage":22,"enemies":"Gremlin Nob","floor":7,"turns":4},{"damage":0,"enemies":"2 Fungi Beasts","floor":8,"turns":2},{"damage":3,"enemies":"Large Slime","floor":9,"turns":8},{"damage":4,"enemies":"Large Slime","floor":10,"turns":6},{"damage":0,"enemies":"Red Slaver","floor":12,"turns":4},{"damage":4,"enemies":"3 Sentries","floor":13,"turns":7},{"damage":0,"enemies":"Hexaghost","floor":16,"turns":10},{"damage":13,"enemies":"2 Thieves","floor":18,"turns":4},{"damage":48,"enemies":"Masked Bandits","floor":19,"turns":7},{"damage":2,"enemies":"3 Byrds","floor":20,"turns":14},{"damage":10,"enemies":"3 Cultists","floor":21,"turns":4}],"seed_played":"2161338676010481441","potions_obtained":[{"floor":3,"key":"SpeedPotion"},{"floor":7,"key":"Fire Potion"},{"floor":8,"key":"SteroidPotion"},{"floor":12,"key":"CultistPotion"},{"floor":13,"key":"Weak Potion"},{"floor":20,"key":"SkillPotion"}],"is_trial":false,"path_per_floor":["M","?","M","?","M","R","E","M","MIM","M","R","M","E","$","R","B",null,"M","?","M","M"],"character_chosen":"THE_SERVANT","items_purchased":[],"campfire_rested":0,"item_purchase_floors":[],"current_hp_per_floor":[64,57,54,41,39,39,17,17,14,10,10,10,6,6,6,6,65,52,4,2,0,0],"gold":291,"neow_bonus":"THREE_CARDS","is_daily":false,"chose_seed":false,"campfire_upgraded":3,"win_rate":0.0,"timestamp":1609841580,"path_taken":["M","?","M","?","?","R","E","M","MIM","M","R","M","E","$","R","BOSS","M","?","M","M"],"items_purchased_type":[],"build_version":"2020-12-22","purchased_purges":1,"victory":false,"max_hp_per_floor":[65,65,65,65,65,65,65,65,65,65,65,65,65,65,65,65,65,65,65,65,65,65],"card_choices":[{"not_picked":["Alleviate","Reset"],"picked":"Starlight","floor":0},{"not_picked":["Rewind","Unruled","ShatteredReality"],"picked":"SKIP","floor":1},{"not_picked":["Deadline","Replace","FastForward"],"picked":"SKIP","floor":3},{"not_picked":["Reset","Spin","BottledTime"],"picked":"SKIP","floor":5},{"not_picked":["Unruled","BottledTime"],"picked":"Rearm","floor":7},{"not_picked":["Rearm","Read"],"picked":"KillingDoll","floor":8},{"not_picked":["RealityMarble","Foresight"],"picked":"SurpressingFire","floor":9},{"not_picked":["Unruled","Revamp"],"picked":"Barrier","floor":10},{"not_picked":["Advance","FastForward","Spin"],"picked":"SKIP","floor":12},{"not_picked":["Shuttle","Starlight","Rewind"],"picked":"SKIP","floor":13},{"not_picked":["Embodiment","LightFlow"],"picked":"MurderousAura","floor":16},{"not_picked":["TimeTheft","Unruled","Snipe"],"picked":"SKIP","floor":18},{"not_picked":["Defy","TimeWarp"],"picked":"Contraction","floor":19},{"not_picked":["DualDimension+1","Defy+1","Alleviate"],"picked":"SKIP","floor":20}],"player_experience":218639,"relics_obtained":[{"floor":7,"key":"Nunchaku"},{"floor":9,"key":"aspiration:HiddenCompartment"},{"floor":13,"key":"Oddly Smooth Stone"},{"floor":19,"key":"Red Mask"}],"event_choices":[{"cards_removed":["Strike_S"],"damage_healed":0,"gold_gain":0,"player_choice":"Card Removal","damage_taken":7,"max_hp_gain":0,"max_hp_loss":0,"event_name":"Golden Wing","floor":2,"gold_loss":0},{"damage_healed":54,"gold_gain":0,"player_choice":"Upgrade","damage_taken":13,"max_hp_gain":0,"max_hp_loss":65,"event_name":"betterThird:BetterShining","floor":4,"gold_loss":0,"cards_upgraded":["Exchange","Defend_S"]},{"damage_healed":0,"gold_gain":0,"player_choice":"Fought Bandits","damage_taken":0,"max_hp_gain":0,"max_hp_loss":0,"event_name":"Masked Bandits","floor":19,"gold_loss":0}],"is_beta":false,"boss_relics":[{"not_picked":["Replay:Drink Me","energizedSpire:DeadBattery"],"picked":"Empty Cage"}],"items_purged_floors":[14],"is_endless":false,"potions_floor_spawned":[3,7,8,12,13,20],"killed_by":"3 Cultists","ascension_level":1}}