{"host":"981nlwu0905dw1bz","time":1609869232,"event":{"mods":["AchievementEnabler","BaseMod","DeckTracker","Minty Spire (QoL Compilation)","Rare Cards Sparkle","SuperFastMode"],"gold_per_floor":[116,135,146,161,7,7,38,38,63,63,76,34,34,64,64,166,166,181,193,193,193,193,225,225,225],"floor_reached":24,"playtime":688,"items_purged":[],"score":356,"play_id":"d95d3005-9d40-4347-bab5-b5899fddb58d","local_time":"20210106025352","is_ascension_mode":true,"campfire_choices":[{"data":"Anger","floor":6.0,"key":"SMITH"},{"data":"Rupture","floor":8.0,"key":"SMITH"},{"data":"Brutality","floor":10.0,"key":"SMITH"},{"floor":15.0,"key":"REST"}],"circlet_count":0,"master_deck":["Strike_R","Strike_R","Strike_R","Strike_R","Defend_R","Defend_R","Defend_R","Defend_R","Bash","Rage","Clothesline","Brutality+1","Anger+1","Rupture+1","Thunderclap","Offering"],"relics":["Burning Blood","Medical Kit","Nunchaku","Strawberry","Dream Catcher","Runic Cube","Orichalcum","Bottled Lightning"],"acts_visited":["Exordium","TheCity"],"potions_floor_usage":[16,16,19,23],"damage_taken":[{"damage":1.0,"enemies":"Cultist","floor":1.0,"turns":4.0},{"damage":0.0,"enemies":"2 Louse","floor":2.0,"turns":3.0},{"damage":5.0,"enemies":"Small Slimes","floor":3.0,"turns":3.0},{"damage":8.0,"enemies":"3 Louse","floor":4.0,"turns":5.0},{"damage":27.0,"enemies":"Gremlin Nob","floor":7.0,"turns":4.0},{"damage":4.0,"enemies":"Looter","floor":11.0,"turns":4.0},{"damage":24.0,"enemies":"Lagavulin","floor":14.0,"turns":5.0},{"damage":4,"enemies":"Slime Boss","floor":16,"turns":5},{"damage":29,"enemies":"Shell Parasite","floor":18,"turns":4},{"damage":15,"enemies":"3 Byrds","floor":19,"turns":4},{"damage":28,"enemies":"Gremlin Leader","floor":23,"turns":5},{"damage":14,"enemies":"Snake Plant","floor":24,"turns":3}],"seed_played":"-5897174395338590116","potions_obtained":[{"floor":3.0,"key":"GamblersBrew"},{"floor":7.0,"key":"SteroidPotion"},{"floor":14.0,"key":"Swift Potion"},{"floor":16,"key":"FearPotion"},{"floor":18,"key":"DistilledChaos"}],"is_trial":false,"path_per_floor":["M","M","M","M","$","R","E","R","T","R","M","?","?","E","R","B",null,"M","M","?","?","?","E","M"],"character_chosen":"IRONCLAD","items_purchased":["Medical Kit"],"campfire_rested":1,"item_purchase_floors":[5],"current_hp_per_floor":[77,80,80,78,78,78,57,57,64,64,66,66,66,48,74,76,84,61,52,52,52,35,13,0,0],"gold":225,"neow_bonus":"REMOVE_CARD","is_daily":false,"chose_seed":false,"campfire_upgraded":3,"win_rate":0.0,"timestamp":1609869232,"path_taken":["M","M","?","M","$","R","E","R","T","R","M","?","?","E","R","BOSS","M","M","?","?","?","E","M"],"items_purchased_type":["Relic"],"build_version":"2020-12-22","purchased_purges":0,"victory":false,"max_hp_per_floor":[80,80,80,80,80,80,80,80,87,87,87,87,87,87,87,87,87,87,87,87,87,92,92,92,92],"card_choices":[{"not_picked":["Heavy Blade","Uppercut"],"picked":"Rage","floor":1.0},{"not_picked":["Whirlwind","Body Slam"],"picked":"Clothesline","floor":2.0},{"not_picked":["Metallicize","Feel No Pain"],"picked":"Brutality","floor":3.0},{"not_picked":["Intimidate","Heavy Blade"],"picked":"Anger","floor":4.0},{"not_picked":["Searing Blow","Disarm"],"picked":"Rupture","floor":7.0},{"not_picked":["Perfected Strike","Iron Wave"],"picked":"Thunderclap","floor":11.0},{"not_picked":["True Grit","Havoc","Whirlwind"],"picked":"SKIP","floor":14.0},{"not_picked":["Juggernaut","Brutality"],"picked":"Offering","floor":16},{"not_picked":["Iron Wave","Pommel Strike","True Grit"],"picked":"SKIP","floor":18},{"not_picked":["Flame Barrier","Anger","Clothesline"],"picked":"SKIP","floor":19},{"not_picked":["Armaments","Infernal Blade","Havoc"],"picked":"SKIP","floor":23}],"player_experience":532761,"relics_obtained":[{"floor":7.0,"key":"Nunchaku"},{"floor":9.0,"key":"Strawberry"},{"floor":14.0,"key":"Dream Catcher"},{"floor":23,"key":"Bottled Lightning"}],"event_choices":[{"damage_healed":0.0,"max_hp_gain":0.0,"max_hp_loss":0.0,"gold_gain":0.0,"event_name":"World of Goop","player_choice":"Left Gold","floor":12.0,"gold_loss":42.0,"damage_taken":0.0},{"damage_healed":0.0,"max_hp_gain":0.0,"max_hp_loss":0.0,"gold_gain":0.0,"event_name":"Golden Idol","player_choice":"Ignored","floor":13.0,"gold_loss":0.0,"damage_taken":0.0},{"damage_healed":0,"gold_gain":0,"player_choice":"Opened","damage_taken":0,"relics_obtained":["Orichalcum"],"max_hp_gain":0,"max_hp_loss":0,"event_name":"The Mausoleum","floor":20,"gold_loss":0},{"damage_healed":0,"gold_gain":0,"player_choice":"Ignored","damage_taken":0,"max_hp_gain":0,"max_hp_loss":0,"event_name":"Ghosts","floor":21,"gold_loss":0},{"damage_healed":0,"gold_gain":0,"player_choice":"Shed Blood","damage_taken":22,"max_hp_gain":5,"max_hp_loss":0,"event_name":"Forgotten Altar","floor":22,"gold_loss":0}],"is_beta":false,"boss_relics":[{"not_picked":["Tiny House","Runic Dome"],"picked":"Runic Cube"}],"items_purged_floors":[],"is_endless":false,"potions_floor_spawned":[3,7,14,16,18],"killed_by":"Snake Plant","ascension_level":6}}