{"host":"es89jqq87guwhc1m","time":1609812682,"event":{"mods":["BaseMod","Colored Map","DeckTracker","Lobotomy","Minty Spire (QoL Compilation)","StSLib","SuperFastMode"],"gold_per_floor":[110,110,125,125,75,110,69,69,69,88,102,118,118,150,150,250,250,269,280,293,293,40,40,51,51,76,76,76,91,104,115,115,216,216,235,255,255,255,39,58,92,92,92,107,118,148,167,167,167,167,167,167,22,54,54],"floor_reached":56,"playtime":6230,"items_purged":["Writhe","Woodsman"],"score":2121,"play_id":"0b691369-105b-47d8-9efe-007df092281d","local_time":"20210105111122","is_ascension_mode":false,"campfire_choices":[{"data":"Blood for Blood","floor":8.0,"key":"SMITH"},{"data":"Dual Wield","floor":13.0,"key":"SMITH"},{"data":"Battle Trance","floor":15.0,"key":"SMITH"},{"data":"Burning Pact","floor":23.0,"key":"SMITH"},{"data":"Armaments","floor":27.0,"key":"SMITH"},{"data":"Havoc","floor":32.0,"key":"SMITH"},{"data":"Battle Trance","floor":42.0,"key":"SMITH"},{"floor":49.0,"key":"RECALL"},{"data":"Rage","floor":52.0,"key":"SMITH"}],"circlet_count":0,"master_deck":["Strike_R","Strike_R","Strike_R","Defend_R","Defend_R","Defend_R","Defend_R","Bash","Clothesline","Havoc+1","Blood for Blood+1","WallGazer","Dual Wield+1","Battle Trance+1","UniverseFragment","OSAHOGD","LittleHelper","Dropkick","Power Through","Wellcheers","RedShoes","Impervious","CENSORED","Headbutt+1","ShyLook","Burning Pact+1","Fire Breathing+1","Double Tap","SpiderBud","Body Slam+1","Armaments+1","Inflame+1","MHz","Porccubus","VoidDream","LittlePrince","Battle Trance+1","Trip","Finesse","Dark Embrace+1","Rage+1","SnowQueen","BlackSwan"],"relics":["Burning Blood","CogitoBucket","Boot","HornCleat","Theresia","Molten Egg 2","Philosopher\u0027s Stone","BackwardClock","Frozen Egg 2","Singing Bowl","Coffee Dripper","AtMidnight","LuminousBracelet","Kunai","Dream Catcher","White Beast Statue","Bag of Preparation","Gambling Chip"],"acts_visited":["Exordium","TheCity","TheBeyond","TheEnding"],"potions_floor_usage":[],"damage_taken":[{"damage":0.0,"enemies":"Small Slimes","floor":1.0,"turns":3.0},{"damage":14.0,"enemies":"2 Louse","floor":3.0,"turns":4.0},{"damage":43.0,"enemies":"3 Sentries","floor":6.0,"turns":8.0},{"damage":10.0,"enemies":"Jaw Worm","floor":10.0,"turns":2.0},{"damage":4.0,"enemies":"3 Louse","floor":11.0,"turns":4.0},{"damage":32.0,"enemies":"Blue Slaver","floor":12.0,"turns":6.0},{"damage":36.0,"enemies":"Lagavulin","floor":14.0,"turns":5.0},{"damage":25.0,"enemies":"Slime Boss","floor":16.0,"turns":7.0},{"damage":3.0,"enemies":"Shell Parasite","floor":18.0,"turns":4.0},{"damage":57.0,"enemies":"Spheric Guardian","floor":19.0,"turns":6.0},{"damage":68.0,"enemies":"Snake Plant","floor":20.0,"turns":12.0},{"damage":30.0,"enemies":"Chosen and Byrds","floor":24.0,"turns":6.0},{"damage":2.0,"enemies":"Snecko","floor":29.0,"turns":3.0},{"damage":57.0,"enemies":"3 Cultists","floor":30.0,"turns":6.0},{"damage":21.0,"enemies":"Snake Plant","floor":31.0,"turns":4.0},{"damage":58.0,"enemies":"Champ","floor":33.0,"turns":11.0},{"damage":29.0,"enemies":"Orb Walker","floor":35.0,"turns":5.0},{"damage":27.0,"enemies":"3 Darklings","floor":36.0,"turns":6.0},{"damage":51.0,"enemies":"Maw","floor":40.0,"turns":10.0},{"damage":92.0,"enemies":"Reptomancer","floor":41.0,"turns":8.0},{"damage":35.0,"enemies":"Transient","floor":44.0,"turns":5.0},{"damage":74.0,"enemies":"3 Darklings","floor":45.0,"turns":6.0},{"damage":141.0,"enemies":"Giant Head","floor":46.0,"turns":11.0},{"damage":4.0,"enemies":"Writhing Mass","floor":47.0,"turns":5.0},{"damage":197.0,"enemies":"Awakened One","floor":50.0,"turns":17.0},{"damage":202,"enemies":"Shield and Spear","floor":54,"turns":9},{"damage":157,"enemies":"The Heart","floor":55,"turns":11}],"seed_played":"8292112449819038014","potions_obtained":[{"floor":1.0,"key":"FearPotion"},{"floor":11.0,"key":"ElixirPotion"},{"floor":14.0,"key":"Ancient Potion"},{"floor":16.0,"key":"Energy Potion"},{"floor":24.0,"key":"FearPotion"},{"floor":29.0,"key":"AttackPotion"},{"floor":33.0,"key":"Energy Potion"},{"floor":36.0,"key":"BlessingOfTheForge"},{"floor":45.0,"key":"BloodPotion"},{"floor":47.0,"key":"SpeedPotion"},{"floor":54,"key":"SteroidPotion"}],"is_trial":false,"path_per_floor":["M","?","M","?","?","E","$","R","T","M","M","M","R","E","R","B",null,"M","M","M","?","$","R","M","?","T","R","T","M","M","M","R","B",null,"M","M","?","?","$","M","E","R","T","M","M","E","M","?","R","B",null,"R","$","E","B",null],"character_chosen":"IRONCLAD","items_purchased":["Battle Trance","Fire Breathing+1","Double Tap","Dark Embrace+1","Rage","Bag of Preparation"],"campfire_rested":0,"item_purchase_floors":[7,22,22,39,39,53],"current_hp_per_floor":[80,80,80,85,85,66,66,66,66,68,85,77,77,53,53,55,85,85,62,30,30,30,30,56,56,56,56,56,68,52,64,64,57,91,108,108,108,100,100,112,85,85,85,91,99,67,91,91,91,101,116,116,116,40,116],"gold":54,"neow_bonus":"","is_daily":false,"chose_seed":false,"campfire_upgraded":8,"win_rate":0.0,"timestamp":1609812682,"path_taken":["M","?","M","?","?","E","$","R","T","M","M","M","R","E","R","BOSS","M","M","M","?","$","R","M","?","T","R","?","M","M","M","R","BOSS","M","?","?","?","$","M","E","R","T","M","M","E","M","?","R","BOSS","R","$","E","BOSS"],"items_purchased_type":["Card","Card","Card","Card","Card","Relic"],"build_version":"2020-12-22","purchased_purges":2,"victory":true,"max_hp_per_floor":[80,80,80,85,85,85,85,85,85,85,85,85,85,85,85,85,85,85,85,85,85,85,85,85,85,85,85,85,87,87,89,89,91,91,108,108,108,110,110,112,114,114,114,116,118,120,122,116,116,116,116,116,116,116,116],"card_choices":[{"not_picked":["MHz","VoidDream"],"picked":"Woodsman","floor":1.0},{"not_picked":["Armaments","Sever Soul"],"picked":"Clothesline","floor":1.0},{"not_picked":["CrumblingArmor","Bloodbath"],"picked":"Murderer","floor":3.0},{"not_picked":["Clash","Flame Barrier"],"picked":"Blood for Blood","floor":3.0},{"not_picked":["NakedNest","WhitesApple"],"picked":"WallGazer","floor":6.0},{"not_picked":["Dropkick","Sever Soul"],"picked":"Dual Wield","floor":6.0},{"not_picked":["FairyFestival","OSAHOGD"],"picked":"UniverseFragment","floor":10.0},{"not_picked":["Body Slam","Clothesline","Perfected Strike"],"picked":"SKIP","floor":10.0},{"not_picked":["SingingMachine","LittlePrince"],"picked":"OSAHOGD","floor":11.0},{"not_picked":["Ghostly Armor","Thunderclap","Entrench"],"picked":"SKIP","floor":11.0},{"not_picked":["PunishingBird","MeatLantern"],"picked":"LittleHelper","floor":12.0},{"not_picked":["Clash","Flex"],"picked":"Dropkick","floor":12.0},{"not_picked":["Reaper+1","Havoc"],"picked":"Power Through","floor":14.0},{"not_picked":["NakedNest","FieryBird"],"picked":"Wellcheers","floor":14.0},{"not_picked":["BlackArmy","CrumblingArmor"],"picked":"RedShoes","floor":16.0},{"not_picked":["Bludgeon+1","Juggernaut"],"picked":"Impervious","floor":16.0},{"not_picked":["ShyLook","Rudolta"],"picked":"CENSORED","floor":18.0},{"not_picked":["Rampage+1","Flex","True Grit"],"picked":"SKIP","floor":18.0},{"not_picked":["LaLuna","CrumblingArmor"],"picked":"GalaxyChild","floor":19.0},{"not_picked":["Havoc+1","Anger+1"],"picked":"Headbutt+1","floor":19.0},{"not_picked":["PunishingBird","LaLuna"],"picked":"ShyLook","floor":20.0},{"not_picked":["Combust","Power Through"],"picked":"Burning Pact","floor":20.0},{"not_picked":["CrumblingArmor","FairyFestival"],"picked":"SpiderBud","floor":24.0},{"not_picked":["Hemokinesis+1","Spot Weakness"],"picked":"Body Slam+1","floor":24.0},{"not_picked":["CrumblingArmor","CherryBlossoms"],"picked":"MHz","floor":29.0},{"not_picked":["Power Through","Dropkick+1","Seeing Red"],"picked":"Singing Bowl","floor":29.0},{"not_picked":["Body Slam+1","Heavy Blade+1","Sword Boomerang+1"],"picked":"SKIP","floor":30.0},{"not_picked":["Body Slam+1","Dual Wield","Clothesline+1"],"picked":"Singing Bowl","floor":31.0},{"not_picked":["Yin","BlueStar"],"picked":"Porccubus","floor":33.0},{"not_picked":["Immolate+1","Reaper+1","Feed+1"],"picked":"Singing Bowl","floor":33.0},{"not_picked":["Pummel+1","Rampage+1","Inflame+1"],"picked":"Singing Bowl","floor":35.0},{"not_picked":["OldLady","Scorched"],"picked":"VoidDream","floor":35.0},{"not_picked":["BigBird","SingingMachine"],"picked":"LittlePrince","floor":36.0},{"not_picked":["Iron Wave+1","Twin Strike+1"],"picked":"Battle Trance","floor":36.0},{"not_picked":["Mayhem+1","Good Instincts"],"picked":"Trip","floor":38.0},{"not_picked":["Impatience","Blind","Violence"],"picked":"Singing Bowl","floor":38.0},{"not_picked":["Magnetism+1","Violence"],"picked":"Finesse","floor":38.0},{"not_picked":["Flex+1","Cleave+1","Sword Boomerang+1"],"picked":"Singing Bowl","floor":40.0},{"not_picked":["Anger+1","Headbutt+1","Warcry"],"picked":"Singing Bowl","floor":41.0},{"not_picked":["Inflame+1","Warcry","Heavy Blade+1"],"picked":"Singing Bowl","floor":44.0},{"not_picked":["Dark Embrace+1","Havoc","Cleave+1"],"picked":"Singing Bowl","floor":45.0},{"not_picked":["QueenOfHatred","Freischutz"],"picked":"SnowQueen","floor":46.0},{"not_picked":["Uppercut+1","Searing Blow+1","Demon Form+1"],"picked":"Singing Bowl","floor":46.0},{"not_picked":["Freischutz","BlueStar"],"picked":"BlackSwan","floor":47.0},{"not_picked":["Iron Wave+1","Infernal Blade","Anger+1"],"picked":"Singing Bowl","floor":47.0},{"not_picked":["Anger+1","Clothesline+1","Dark Embrace+1"],"picked":"SKIP","floor":54}],"player_experience":1619583,"relics_obtained":[{"floor":6.0,"key":"Boot"},{"floor":9.0,"key":"HornCleat"},{"floor":14.0,"key":"Molten Egg 2"},{"floor":28.0,"key":"Singing Bowl"},{"floor":35.0,"key":"AtMidnight"},{"floor":41.0,"key":"Kunai"},{"floor":43.0,"key":"Dream Catcher"},{"floor":46.0,"key":"White Beast Statue"},{"floor":54,"key":"Gambling Chip"}],"event_choices":[{"damage_healed":0.0,"max_hp_gain":0.0,"max_hp_loss":0.0,"gold_gain":0.0,"cards_transformed":["Strike_R"],"event_name":"Living Wall","player_choice":"Change","floor":2.0,"gold_loss":0.0,"damage_taken":0.0,"cards_obtained":["Havoc"]},{"damage_healed":0.0,"max_hp_gain":5.0,"max_hp_loss":0.0,"gold_gain":0.0,"event_name":"Big Fish","player_choice":"Donut","floor":4.0,"gold_loss":0.0,"damage_taken":0.0},{"cards_removed":["Strike_R"],"damage_healed":0.0,"max_hp_gain":0.0,"max_hp_loss":0.0,"gold_gain":0.0,"event_name":"The Cleric","player_choice":"Card Removal","floor":5.0,"gold_loss":50.0,"damage_taken":0.0},{"damage_healed":0.0,"max_hp_gain":0.0,"max_hp_loss":0.0,"gold_gain":0.0,"event_name":"The Mausoleum","player_choice":"Opened","floor":21.0,"gold_loss":0.0,"damage_taken":0.0,"relics_obtained":["Frozen Egg 2"],"cards_obtained":["Writhe"]},{"damage_healed":0.0,"max_hp_gain":0.0,"max_hp_loss":0.0,"gold_gain":0.0,"cards_transformed":["GalaxyChild","Murderer"],"event_name":"Drug Dealer","player_choice":"Became Test Subject","floor":25.0,"gold_loss":0.0,"damage_taken":0.0,"cards_obtained":["Armaments","Inflame"]},{"damage_healed":0.0,"max_hp_gain":0.0,"max_hp_loss":0.0,"gold_gain":0.0,"event_name":"Tomb of Lord Red Mask","player_choice":"Ignored","floor":37.0,"gold_loss":0.0,"damage_taken":0.0},{"damage_healed":0.0,"max_hp_gain":0.0,"max_hp_loss":0.0,"gold_gain":0.0,"event_name":"SensoryStone","player_choice":"Memory 3","floor":38.0,"gold_loss":0.0,"damage_taken":10.0},{"damage_healed":0.0,"max_hp_gain":0.0,"max_hp_loss":6.0,"gold_gain":0.0,"event_name":"Winding Halls","player_choice":"Max HP","floor":48.0,"gold_loss":0.0,"damage_taken":0.0}],"is_beta":false,"boss_relics":[{"not_picked":["Velvet Choker","Busted Crown"],"picked":"Philosopher\u0027s Stone"},{"not_picked":["Black Blood","Black Star"],"picked":"Coffee Dripper"}],"items_purged_floors":[22,39],"is_endless":false,"potions_floor_spawned":[1,11,14,16,18,24,29,33,36,45,47,54],"ascension_level":0}}