{"host":"0azimyi6n3ugndj4","time":1609888941,"event":{"mods":["2.2 Compatiblity","BaseMod","Bestiary","Conspire","Curses Come First","Defuse TimeMaze Blight","Hermit","Hubris","Hyrulean Relics","Infinite Spire","Jorbs\u0027s Wanderer Trilogy","Minty Spire (QoL Compilation)","Relic Stats","Replay The Spire","StSLib","SuperFastMode","The Cursed","The Hierophant","Uncapped","¡¼?Úª?ø«¡½REMEMod"],"gold_per_floor":[159,159,159,159,159,264,351,351,351],"floor_reached":8,"playtime":152,"items_purged":[],"score":224,"play_id":"16b53101-4a57-421d-af8a-de1e6cb9cbb2","local_time":"20210106082221","daily_mods":["SealedDeck","Hoarder","Insanity","Chimera","Specialized","Vintage","ControlledChaos","Allstar","Diverse","Colorless Cards","Heirloom","Time Dilation","Flight","DeadlyEvents","Elite Swarm","Lethality","Midas","Binary"],"is_ascension_mode":true,"campfire_choices":[],"circlet_count":0,"master_deck":["Demon Form","Wraith Form v2","Echo Form","DevaForm","stsjorbsmod:ArcaneForm","stsjorbsmod:WastingForm","AscendersBane","hubris:Hubris","Bash","Survivor","Zap","Eruption","Strike_R","Strike_B","Defend_R","Defend_G","Defend_P","hierophant:ArchangelShield","TheCursedMod:WearCloak","TheCursedMod:Wield","FlyingSleeves","stsjorbsmod:AnimateObjects","MentalFortress","hermit:Dive","hierophant:FlamingChariot","Lockon","Deflect","Armaments","Shrug It Off","REME_FirmDetermination","Underhanded Strike","stsjorbsmod:BlackTentacles","Time Bomb","hermit:WideOpen","Consecrate","Dark Shackles","Thunderclap","FlyingSleeves","hermit:Ricochet","hermit:Deadeye","ReplayTheSpireMod:Strike From Hell","hermit:Misfire","Warcry","Crystallizer","REME_MagicPocketWatch","SandsOfTime","Tantrum","hermit:Glare","Anger","TheCursedMod:AbyssShockwave","hermit:Cheat","hermit:LowProfile","BasicCrystalCard","EmptyBody","Ball Lightning","TheCursedMod:BloodBarrier","ReachHeaven","TheCursedMod:RavingStaff","hermit:CursedWeapon","Deadly Poison","conspire:PoisonWeapons","Replay:Hum","BasicCrystalCard","Replay:ManipulateFuture","BasicCrystalCard","stsjorbsmod:ChatteringStrike","REME_FearOfPain","FearNoEvil","FearNoEvil","FearNoEvil","FearNoEvil","FearNoEvil","FearNoEvil","FearNoEvil","FearNoEvil","FearNoEvil","FearNoEvil","FearNoEvil","FearNoEvil","FearNoEvil","FearNoEvil","FearNoEvil","stsjorbsmod:DoubleCheck","stsjorbsmod:DoubleCheck","stsjorbsmod:DoubleCheck","Hidden Blade","Hidden Blade","Hidden Blade","Outmaneuver","Outmaneuver","Outmaneuver","Crystallizer","Crystallizer","Crystallizer","Predator","Predator","Predator","stsjorbsmod:FracturedMind","stsjorbsmod:FracturedMind","stsjorbsmod:FracturedMind","Blade Dance","Blade Dance","Blade Dance","CrushJoints","CrushJoints","CrushJoints","TheCursedMod:SpreadPlague","TheCursedMod:SpreadPlague","TheCursedMod:SpreadPlague","Second Wind","Second Wind","Second Wind","hubris:StunningStrike","hubris:StunningStrike","hubris:StunningStrike","infinitespire:FinalStrike","infinitespire:FinalStrike","infinitespire:FinalStrike"],"relics":["hermit:Momento","Frozen Eye","Busted Crown","REME_ComplimentaryCards","REME_IWantAll","Happy Flower","infinitespire:Cubic Diamond","zeldaRelics:CourageTriforce"],"acts_visited":["Exordium"],"potions_floor_usage":[8,8],"damage_taken":[{"damage":15,"enemies":"Jaw Worm","floor":1,"turns":2},{"damage":23,"enemies":"Lagavulin","floor":6,"turns":3},{"damage":14,"enemies":"Replay:BlueRogue","floor":7,"turns":2},{"damage":13,"enemies":"3 Sentries","floor":8,"turns":2}],"seed_played":"5820861336589166515","potions_obtained":[{"floor":1,"key":"FearPotion"},{"floor":7,"key":"AttackPotion"}],"is_trial":true,"path_per_floor":["M","?","T","?","?","E","E","E"],"character_chosen":"IRONCLAD","items_purchased":[],"campfire_rested":0,"item_purchase_floors":[],"current_hp_per_floor":[59,59,59,59,40,17,3,0,0],"gold":351,"neow_bonus":"","is_daily":false,"chose_seed":false,"campfire_upgraded":0,"win_rate":0.0,"timestamp":1609888941,"path_taken":["M","?","?","?","?","E","?","E"],"items_purchased_type":[],"build_version":"2020-12-22","purchased_purges":0,"victory":false,"max_hp_per_floor":[75,75,75,75,75,75,75,75,75],"relic_stats":{"Busted Crown":6,"Happy Flower":[2],"counters":[4,9],"obtain_stats":[{"Frozen Eye":0,"Busted Crown":0,"Happy Flower":1,"infinitespire:Cubic Diamond":2,"zeldaRelics:CouragePiece":3,"REME_IWantAll":0,"Burning Blood":0,"hermit:Momento":2,"zeldaRelics:CourageTriforce":7,"REME_ComplimentaryCards":0},{"Frozen Eye":0,"Busted Crown":0,"Happy Flower":1,"infinitespire:Cubic Diamond":1,"zeldaRelics:CouragePiece":1,"REME_IWantAll":0,"Burning Blood":0,"hermit:Momento":1,"zeldaRelics:CourageTriforce":3,"REME_ComplimentaryCards":0},{"Frozen Eye":0,"Busted Crown":0,"Happy Flower":2,"infinitespire:Cubic Diamond":2,"zeldaRelics:CouragePiece":2,"REME_IWantAll":0,"Burning Blood":0,"hermit:Momento":2,"zeldaRelics:CourageTriforce":7,"REME_ComplimentaryCards":0}]},"card_choices":[{"not_picked":["infinitespire:Starlight","infinitespire:SealOfDarkness+"],"picked":"infinitespire:FinalStrike","floor":5}],"player_experience":1561640,"relics_obtained":[{"floor":1,"key":"Happy Flower"},{"floor":3,"key":"zeldaRelics:CouragePiece"},{"floor":6,"key":"zeldaRelics:CouragePiece"},{"floor":7,"key":"zeldaRelics:CouragePiece"}],"event_choices":[],"is_beta":false,"boss_relics":[],"items_purged_floors":[],"is_endless":false,"potions_floor_spawned":[1,7],"killed_by":"3 Sentries","ascension_level":20}}