{"host":"cv77zuuuekizn3ic","time":1609850649,"event":{"mods":["AchievementEnabler","BaseMod","Marisa£®ÏF”Í°°ƒß¿Ì…≥£©","Minty Spire (QoL Compilation)","StSLib","Waifu the Spire","everything is the same but u backflip on backflip","slay the spire mod where everything is the same but ironclad has a cowboy hat"],"gold_per_floor":[113,63,63,63,87,131,154,185,185,185,185,220,235,280,280,418,418,440,465,465,465,88,141,141,141,141,154,202,88,132,151,151,291,291,316,340,340,362,54,54,54,94,94,128,152,172,195,70,70,70,70,70,43,86,86],"floor_reached":56,"playtime":3386,"items_purged":["Strike_G","Strike_G","Strike_G"],"score":2044,"play_id":"e85414b0-a2e0-45df-a0a4-e8b7a56f284d","local_time":"20210105204409","is_ascension_mode":true,"campfire_choices":[{"floor":10.0,"key":"REST"},{"floor":15.0,"key":"REST"},{"data":"Acrobatics","floor":24.0,"key":"SMITH"},{"data":"Tactician","floor":32.0,"key":"SMITH"},{"data":"Acrobatics","floor":41.0,"key":"SMITH"},{"floor":49,"key":"RECALL"},{"data":"Accuracy","floor":52,"key":"SMITH"}],"circlet_count":0,"master_deck":["AscendersBane","Strike_G+1","Defend_G+1","Defend_G","Defend_G","Defend_G","Defend_G","Survivor","Neutralize","Poisoned Stab","Blade Dance","Adrenaline","Accuracy+1","Acrobatics+1","All Out Attack","Tactician+1","Venomology","Crippling Poison","Flash of Steel","Accuracy","Acrobatics+1","Footwork","Flash of Steel","PiercingWail+1","After Image","Prepared+1","Escape Plan+1","Blur+1","Crippling Poison+1","Prepared+1","Cloak And Dagger+1","After Image","Expertise+1"],"relics":["Busted Crown","Golden Idol","Happy Flower","Sundial","Question Card","Centennial Puzzle","CeramicFish","WristBlade","TwistedFunnel","StrikeDummy","Toxic Egg 2","Matryoshka","Bottled Tornado","Paper Crane","Coffee Dripper","TheAbacus","Ice Cream","Toy Ornithopter","FossilizedHelix"],"acts_visited":["Exordium","TheCity","TheBeyond","TheEnding"],"potions_floor_usage":[55,55],"damage_taken":[{"damage":1.0,"enemies":"Jaw Worm","floor":1.0,"turns":7.0},{"damage":2.0,"enemies":"2 Louse","floor":5.0,"turns":3.0},{"damage":19.0,"enemies":"3 Sentries","floor":6.0,"turns":9.0},{"damage":0.0,"enemies":"Small Slimes","floor":7.0,"turns":3.0},{"damage":21.0,"enemies":"Lagavulin","floor":8.0,"turns":7.0},{"damage":17.0,"enemies":"3 Sentries","floor":12.0,"turns":10.0},{"damage":0.0,"enemies":"Blue Slaver","floor":13.0,"turns":3.0},{"damage":0.0,"enemies":"Gremlin Nob","floor":14.0,"turns":2.0},{"damage":19.0,"enemies":"The Guardian","floor":16.0,"turns":13.0},{"damage":0.0,"enemies":"3 Byrds","floor":18.0,"turns":5.0},{"damage":16.0,"enemies":"2 Thieves","floor":19.0,"turns":4.0},{"damage":16.0,"enemies":"Gremlin Leader","floor":23.0,"turns":6.0},{"damage":0.0,"enemies":"Centurion and Healer","floor":27.0,"turns":5.0},{"damage":8.0,"enemies":"Book of Stabbing","floor":28.0,"turns":3.0},{"damage":0.0,"enemies":"Gremlin Leader","floor":30.0,"turns":5.0},{"damage":8.0,"enemies":"Shelled Parasite and Fungi","floor":31.0,"turns":5.0},{"damage":28.0,"enemies":"Collector","floor":33.0,"turns":9.0},{"damage":0.0,"enemies":"Orb Walker","floor":35.0,"turns":3.0},{"damage":18.0,"enemies":"3 Shapes","floor":36.0,"turns":2.0},{"damage":0.0,"enemies":"3 Darklings","floor":38.0,"turns":5.0},{"damage":1.0,"enemies":"Reptomancer","floor":42.0,"turns":8.0},{"damage":1.0,"enemies":"4 Shapes","floor":44.0,"turns":5.0},{"damage":17.0,"enemies":"Sphere and 2 Shapes","floor":45.0,"turns":4.0},{"damage":0.0,"enemies":"Maw","floor":46.0,"turns":5.0},{"damage":10.0,"enemies":"Spire Growth","floor":47.0,"turns":4.0},{"damage":0,"enemies":"Awakened One","floor":50,"turns":11},{"damage":0,"enemies":"Shield and Spear","floor":54,"turns":8},{"damage":10,"enemies":"The Heart","floor":55,"turns":9}],"seed_played":"4067347022542304376","potions_obtained":[{"floor":7.0,"key":"Fruit Juice"},{"floor":13.0,"key":"FearPotion"},{"floor":14.0,"key":"EssenceOfSteel"},{"floor":16.0,"key":"SkillPotion"},{"floor":19.0,"key":"Dexterity Potion"},{"floor":30.0,"key":"LiquidMemories"},{"floor":33.0,"key":"PowerPotion"},{"floor":44.0,"key":"Dexterity Potion"},{"floor":46.0,"key":"DuplicationPotion"}],"is_trial":false,"path_per_floor":["M","$","?","?","M","E","M","E","T","R","?","E","M","E","R","B",null,"M","M","?","?","$","E","R","T","T","M","E","$","E","M","R","B",null,"M","M","?","M","$","?","R","E","T","M","M","M","M","$","R","B",null,"R","$","E","B",null],"character_chosen":"THE_SILENT","items_purchased":["Blade Dance","Flash of Steel","Accuracy","TwistedFunnel","Flash of Steel","PiercingWail+1","Blur+1","TheAbacus","Expertise+1"],"campfire_rested":2,"item_purchase_floors":[2,22,22,22,29,29,39,39,53],"current_hp_per_floor":[62,62,62,49,47,28,33,12,12,33,26,9,9,9,30,11,55,55,39,39,39,39,23,23,23,23,23,15,15,15,7,7,8,55,55,37,37,37,37,80,80,79,79,78,63,68,63,63,63,63,76,76,76,76,70],"gold":86,"neow_bonus":"BOSS_RELIC","is_daily":false,"chose_seed":false,"campfire_upgraded":4,"win_rate":0.0,"timestamp":1609850649,"path_taken":["M","$","?","?","?","E","M","E","T","R","?","E","M","E","R","BOSS","M","M","?","?","?","E","R","?","T","M","E","$","E","M","R","BOSS","M","M","?","M","$","?","R","E","T","?","M","M","?","?","R","BOSS","R","$","E","BOSS"],"items_purchased_type":["Card","Card","Card","Relic","Card","Card","Card","Relic","Card"],"build_version":"2020-12-22","purchased_purges":3,"victory":true,"max_hp_per_floor":[70,70,65,65,65,65,70,70,70,70,70,70,70,70,70,70,70,70,70,70,70,70,70,70,70,70,70,70,70,70,70,70,70,70,70,70,70,70,70,80,80,80,80,80,80,80,80,80,80,80,80,80,80,80,80],"card_choices":[{"not_picked":[],"picked":"Poisoned Stab","floor":1.0},{"not_picked":["Sucker Punch"],"picked":"SKIP","floor":5.0},{"not_picked":[],"picked":"Adrenaline","floor":6.0},{"not_picked":["Dodge and Roll"],"picked":"SKIP","floor":7.0},{"not_picked":[],"picked":"Accuracy","floor":8.0},{"not_picked":["Blade Dance"],"picked":"Acrobatics","floor":12.0},{"not_picked":["Slice"],"picked":"All Out Attack","floor":13.0},{"not_picked":["PiercingWail"],"picked":"Tactician","floor":14.0},{"not_picked":["Envenom"],"picked":"Venomology","floor":16.0},{"not_picked":["Infinite Blades+1"],"picked":"Crippling Poison","floor":18.0},{"not_picked":["Deadly Poison","Dash"],"picked":"SKIP","floor":19.0},{"not_picked":["Endless Agony"],"picked":"Acrobatics","floor":23.0},{"not_picked":["Dagger Spray","Sucker Punch"],"picked":"SKIP","floor":27.0},{"not_picked":["Setup+1"],"picked":"Footwork","floor":28.0},{"not_picked":["Dodge and Roll+1"],"picked":"After Image","floor":30.0},{"not_picked":["Flying Knee","Predator"],"picked":"SKIP","floor":31.0},{"not_picked":["Night Terror+1"],"picked":"Grand Finale","floor":33.0},{"not_picked":["Quick Slash+1"],"picked":"Prepared+1","floor":35.0},{"not_picked":["Sucker Punch","Slice"],"picked":"SKIP","floor":36.0},{"not_picked":["Backstab"],"picked":"Escape Plan+1","floor":38.0},{"not_picked":["Leg Sweep+1"],"picked":"Crippling Poison+1","floor":42.0},{"not_picked":["Poisoned Stab"],"picked":"Prepared+1","floor":44.0},{"not_picked":["Infinite Blades+1"],"picked":"Cloak And Dagger+1","floor":45.0},{"not_picked":["Noxious Fumes","Flying Knee"],"picked":"SKIP","floor":46.0},{"not_picked":["Masterful Stab"],"picked":"After Image","floor":47.0},{"not_picked":["Cloak And Dagger+1","Deadly Poison+1"],"picked":"SKIP","floor":54}],"player_experience":748731,"relics_obtained":[{"floor":6.0,"key":"Happy Flower"},{"floor":8.0,"key":"Sundial"},{"floor":9.0,"key":"Question Card"},{"floor":12.0,"key":"Centennial Puzzle"},{"floor":14.0,"key":"CeramicFish"},{"floor":23.0,"key":"StrikeDummy"},{"floor":25.0,"key":"Toxic Egg 2"},{"floor":26.0,"key":"Matryoshka"},{"floor":28.0,"key":"Bottled Tornado"},{"floor":30.0,"key":"Paper Crane"},{"floor":42.0,"key":"Ice Cream"},{"floor":43.0,"key":"Toy Ornithopter"},{"floor":54,"key":"FossilizedHelix"}],"event_choices":[{"damage_healed":0.0,"max_hp_gain":0.0,"max_hp_loss":5.0,"gold_gain":0.0,"event_name":"Golden Idol","player_choice":"Lose Max HP","floor":3.0,"gold_loss":0.0,"damage_taken":0.0,"relics_obtained":["Golden Idol"]},{"damage_healed":0.0,"max_hp_gain":0.0,"max_hp_loss":0.0,"gold_gain":0.0,"event_name":"Shining Light","player_choice":"Entered Light","floor":4.0,"gold_loss":0.0,"damage_taken":13.0,"cards_upgraded":["Strike_G","Defend_G"]},{"cards_removed":["Strike_G"],"damage_healed":0.0,"max_hp_gain":0.0,"max_hp_loss":0.0,"gold_gain":0.0,"event_name":"Golden Wing","player_choice":"Card Removal","floor":11.0,"gold_loss":0.0,"damage_taken":7.0},{"damage_healed":0.0,"max_hp_gain":0.0,"max_hp_loss":0.0,"gold_gain":0.0,"event_name":"Vampires","player_choice":"Ignored","floor":20.0,"gold_loss":0.0,"damage_taken":0.0},{"damage_healed":0.0,"max_hp_gain":0.0,"max_hp_loss":0.0,"gold_gain":0.0,"event_name":"Cursed Tome","player_choice":"Ignored","floor":21.0,"gold_loss":0.0,"damage_taken":0.0},{"damage_healed":0.0,"max_hp_gain":0.0,"max_hp_loss":0.0,"gold_gain":0.0,"event_name":"SensoryStone","player_choice":"Memory 1","floor":37.0,"gold_loss":0.0,"damage_taken":0.0},{"cards_removed":["Grand Finale"],"damage_healed":33.0,"max_hp_gain":10.0,"max_hp_loss":0.0,"gold_gain":0.0,"event_name":"Bonfire Elementals","player_choice":"Offered Rare","floor":40.0,"gold_loss":0.0,"damage_taken":0.0}],"is_beta":false,"boss_relics":[{"not_picked":["Runic Dome","Cursed Key"],"picked":"WristBlade"},{"not_picked":["Sozu","SlaversCollar"],"picked":"Coffee Dripper"}],"items_purged_floors":[22,39,48],"is_endless":false,"potions_floor_spawned":[7,13,14,16,19,27,30,33,35,44,46,47],"ascension_level":12}}