{"host":"ktoxvvst1mwxww91","time":1609844547,"event":{"mods":["BaseMod","Hermit","Minty Spire (QoL Compilation)","StSLib","The Hierophant","The Mystic","The Necromancer"],"gold_per_floor":[109,109,109,51,51,81,81,92,92,103,117,117,128,143,143,143,143],"floor_reached":16,"playtime":390,"items_purged":[],"score":189,"play_id":"3d011c7f-3ee4-4635-891d-edfbaaaed313","local_time":"20210105120227","is_ascension_mode":true,"campfire_choices":[{"floor":7,"key":"REST"},{"data":"Defragment","floor":12,"key":"SMITH"},{"data":"Conserve Battery","floor":15,"key":"SMITH"}],"circlet_count":0,"master_deck":["AscendersBane","Strike_B","Strike_B","Strike_B","Defend_B","Defend_B","Defend_B","Defend_B+1","Zap","Dualcast+1","Go for the Eyes","Go for the Eyes","Cold Snap","Leap","Conserve Battery+1","Beam Cell","Defragment+1","Cold Snap"],"relics":["Cracked Core","Pear","Centennial Puzzle","Vajra"],"acts_visited":["Exordium"],"potions_floor_usage":[1,14],"damage_taken":[{"damage":8,"enemies":"2 Louse","floor":1,"turns":3},{"damage":26,"enemies":"Gremlin Nob","floor":6,"turns":5},{"damage":0,"enemies":"Small Slimes","floor":8,"turns":2},{"damage":4,"enemies":"Jaw Worm","floor":10,"turns":2},{"damage":1,"enemies":"Blue Slaver","floor":11,"turns":3},{"damage":3,"enemies":"Looter","floor":13,"turns":2},{"damage":8,"enemies":"3 Louse","floor":14,"turns":3},{"damage":31,"enemies":"Hexaghost","floor":16,"turns":16}],"seed_played":"-766452860624671709","potions_obtained":[{"floor":1,"key":"Fruit Juice"},{"floor":10,"key":"Fire Potion"},{"floor":11,"key":"FearPotion"}],"is_trial":false,"path_per_floor":["M","?","?","$","?","E","R","M","T","M","M","R","M","M","R","B"],"character_chosen":"DEFECT","items_purchased":["Cold Snap"],"campfire_rested":1,"item_purchase_floors":[4],"current_hp_per_floor":[61,38,63,63,47,21,46,46,46,42,41,41,38,30,30,0,0],"gold":143,"neow_bonus":"TRANSFORM_CARD","is_daily":false,"chose_seed":false,"campfire_upgraded":2,"win_rate":0.0,"timestamp":1609844547,"path_taken":["M","?","?","$","?","E","R","M","T","M","M","R","M","M","R","BOSS"],"items_purchased_type":["Card"],"build_version":"2020-12-22","purchased_purges":0,"victory":false,"max_hp_per_floor":[76,76,76,76,86,86,86,86,86,86,86,86,86,86,86,86,86],"card_choices":[{"not_picked":["Genetic Algorithm","Streamline"],"picked":"Go for the Eyes","floor":1},{"not_picked":["Hello World","Beam Cell"],"picked":"Leap","floor":6},{"not_picked":["Ball Lightning","Genetic Algorithm"],"picked":"Conserve Battery","floor":8},{"not_picked":["Scrape","Conserve Battery"],"picked":"Beam Cell","floor":10},{"not_picked":["Sweeping Beam","Redo"],"picked":"Defragment","floor":11},{"not_picked":["Core Surge","Steam"],"picked":"Cold Snap","floor":13},{"not_picked":["Sunder","Ball Lightning","Sweeping Beam"],"picked":"SKIP","floor":14}],"player_experience":967385,"relics_obtained":[{"floor":6,"key":"Centennial Puzzle"},{"floor":9,"key":"Vajra"}],"event_choices":[{"damage_healed":0,"gold_gain":0,"player_choice":"Entered Light","damage_taken":23,"max_hp_gain":0,"max_hp_loss":0,"event_name":"Shining Light","floor":2,"gold_loss":0,"cards_upgraded":["Dualcast","Defend_B"]},{"damage_healed":25,"gold_gain":0,"player_choice":"Banana","damage_taken":0,"max_hp_gain":0,"max_hp_loss":0,"event_name":"Big Fish","floor":3,"gold_loss":0},{"damage_healed":0,"gold_gain":0,"player_choice":"Success","damage_taken":26,"relics_obtained":["Pear"],"max_hp_gain":0,"max_hp_loss":0,"event_name":"Scrap Ooze","floor":5,"gold_loss":0}],"is_beta":false,"boss_relics":[],"items_purged_floors":[],"is_endless":false,"potions_floor_spawned":[1,10,11],"killed_by":"Hexaghost","ascension_level":17}}