{"host":"ikjt6v4q6zrcj3if","time":1609836248,"event":{"mods":["BaseMod","CapriCore","Colored Map","Downfall","Luminous","Minty Spire (QoL Compilation)","Permanent Neow","Quick Restart","Replay The Spire","Robot Space Explorer","Somnambulant","Spicy Shops","StSLib","SuperFastMode","The Exalted","The Marked","The Runesmith","TheSwordswoman","WarShipGirlsR/??è≠èóR mod"],"gold_per_floor":[115,127,127,127,139,139,159,159,159,176,193,193,223,239,239,335,335,245,245,170,220,220,220],"floor_reached":22,"playtime":1743,"items_purged":["Writhe"],"score":184,"play_id":"9d0d32d1-99f7-4190-b593-bcd10dd0f7c2","local_time":"20210105174408","is_ascension_mode":false,"campfire_choices":[{"data":"Runesmith:Firestorm","floor":6,"key":"SMITH"},{"data":"Runesmith:CraftFirestone","floor":8,"key":"SMITH"},{"data":"Runesmith:Fortify","floor":12,"key":"SMITH"},{"data":"Runesmith:CraftMagma","floor":15,"key":"SMITH"}],"circlet_count":0,"master_deck":["Runesmith:Strike_RS","Runesmith:Strike_RS","Runesmith:Strike_RS","Runesmith:Defend_RS","Runesmith:Defend_RS","Runesmith:Defend_RS","Runesmith:CraftFirestone+1","Runesmith:Fortify+1","Runesmith:Firestorm+1","Runesmith:OneForEveryone+1","Runesmith:Terraform","Runesmith:CraftProtectio","Runesmith:Repurpose","Runesmith:Duplicate","Runesmith:CraftMagma+1","Runesmith:CraftIndustria","Sickly","CommonCold"],"relics":["Runesmith:BrokenRuby","Kunai","Runesmith:Nanobots","Replay:Ancient Bell","Happy Flower","Replay:Bottled Steam","Pondfish Scales"],"acts_visited":["Exordium","TheCity"],"potions_floor_usage":[13,13,18],"damage_taken":[{"damage":0,"enemies":"Cultist","floor":1,"turns":3},{"damage":4,"enemies":"Small Slimes","floor":2,"turns":5},{"damage":0,"enemies":"Jaw Worm","floor":5,"turns":3},{"damage":1,"enemies":"Red Slaver","floor":7,"turns":5},{"damage":3,"enemies":"Gremlin Gang","floor":10,"turns":5},{"damage":0,"enemies":"2 Fungi Beasts","floor":11,"turns":4},{"damage":7,"enemies":"3 Sentries","floor":13,"turns":8},{"damage":2,"enemies":"Blue Slaver","floor":14,"turns":5},{"damage":29,"enemies":"The Guardian","floor":16,"turns":11},{"damage":28,"enemies":"2 Thieves","floor":18,"turns":5},{"damage":18,"enemies":"3 Byrds","floor":22,"turns":2}],"seed_played":"7161365832403076807","potions_obtained":[{"floor":2,"key":"Block Potion"},{"floor":7,"key":"LiquidMemories"},{"floor":10,"key":"GamblersBrew"},{"floor":16,"key":"Strength Potion"}],"is_trial":false,"path_per_floor":["M","M","?","?","M","R","M","R","T","M","M","R","E","M","R","B",null,"M","?","$","?","M"],"character_chosen":"RUNESMITH_CLASS","items_purchased":[],"campfire_rested":0,"item_purchase_floors":[],"current_hp_per_floor":[49,45,50,50,50,50,49,49,49,46,46,46,39,37,37,8,75,47,47,47,47,29,29],"gold":220,"neow_bonus":"REMOVE_TWO","is_daily":false,"chose_seed":false,"campfire_upgraded":4,"win_rate":0.0,"timestamp":1609836248,"path_taken":["M","?","?","?","?","R","?","R","T","M","M","R","E","M","R","BOSS","M","?","$","?","M"],"items_purchased_type":[],"build_version":"2020-12-22","purchased_purges":1,"victory":false,"max_hp_per_floor":[70,70,75,75,75,75,75,75,75,75,75,75,75,75,75,75,75,75,75,75,75,75,75],"card_choices":[{"not_picked":["Runesmith:HammerThrow","Runesmith:ElementalConversion"],"picked":"Runesmith:Firestorm","floor":1},{"not_picked":["Runesmith:WhiteBalance","Runesmith:PerfectChisel"],"picked":"Runesmith:OneForEveryone","floor":2},{"not_picked":["Runesmith:StaticCage","Runesmith:Overpower"],"picked":"Runesmith:Terraform","floor":5},{"not_picked":["Runesmith:ElementalConversion","Runesmith:Terraform"],"picked":"Runesmith:CraftProtectio","floor":7},{"not_picked":["Runesmith:Grindstone","Runesmith:UnstableHammer"],"picked":"Runesmith:Repurpose","floor":10},{"not_picked":["Runesmith:Overpower","Runesmith:EnergizedChisel","Runesmith:EarthShield"],"picked":"SKIP","floor":11},{"not_picked":["Runesmith:Repurpose","Runesmith:EarthShield"],"picked":"Runesmith:Duplicate","floor":13},{"not_picked":["Runesmith:HeatedChisel","Runesmith:EarthShield"],"picked":"Runesmith:CraftMagma","floor":14},{"not_picked":["Runesmith:CraftMedicinae","Runesmith:GrandSlam"],"picked":"Runesmith:CraftIndustria","floor":16},{"not_picked":["ReplayTheSpireMod:Faulty Equipment","Replay:Hysterical Blindness"],"picked":"Writhe","floor":17},{"not_picked":["Shame","Regret"],"picked":"Sickly","floor":17},{"not_picked":["Pain","Injury"],"picked":"CommonCold","floor":17},{"not_picked":["Runesmith:FrozenChisel","Runesmith:EnergizedChisel","Runesmith:BackupBattery"],"picked":"SKIP","floor":18}],"player_experience":339486,"relics_obtained":[{"floor":9,"key":"Kunai"},{"floor":13,"key":"Runesmith:Nanobots"}],"event_choices":[{"damage_healed":0,"gold_gain":0,"player_choice":"Donut","damage_taken":0,"max_hp_gain":5,"max_hp_loss":0,"event_name":"Big Fish","floor":3,"gold_loss":0},{"damage_healed":0,"gold_gain":0,"player_choice":"Forge","damage_taken":0,"max_hp_gain":0,"max_hp_loss":0,"event_name":"Accursed Blacksmith","floor":4,"gold_loss":0,"cards_upgraded":["Runesmith:OneForEveryone"]},{"damage_healed":0,"gold_gain":0,"player_choice":"Ignored","damage_taken":0,"max_hp_gain":0,"max_hp_loss":0,"event_name":"Ghosts","floor":19,"gold_loss":0},{"damage_healed":0,"gold_gain":100,"player_choice":"Bet on Murderer","damage_taken":0,"max_hp_gain":0,"max_hp_loss":0,"event_name":"The Joust","floor":21,"gold_loss":50}],"is_beta":false,"boss_relics":[{"not_picked":["Runic Dome","Honey Jar"],"picked":"Replay:Ancient Bell"},{"not_picked":["Bromod:ArcaneMomentum","Bromod:ArcaneConsequence"],"picked":"Happy Flower"},{"not_picked":["Snack Pack","The Courier"],"picked":"Replay:Bottled Steam"},{"not_picked":["Bromod:ArcaneFury","Turnip"],"picked":"Pondfish Scales"}],"items_purged_floors":[20],"is_endless":false,"potions_floor_spawned":[2,7,10,11,16],"killed_by":"3 Byrds","ascension_level":0}}