{"host":"j45ucdvl5ntpx4kf","time":1609811081,"event":{"mods":["AchievementEnabler","BaseMod","Colored Map","Colored Powertips","Minty Spire (QoL Compilation)","StSLib"],"gold_per_floor":[118,118,118,41,51,78,91,104,104,30,59,9,67,99,99,194,194,206,206,220,220,246,275,302,302,325,338,338,338,8,39,39,143,143,162,172,97,97,114,144,144,144,169,186,539,566,584,600,600,600,600,600,119,144,144],"floor_reached":56,"playtime":2850,"items_purged":["Strike_B+1"],"score":1570,"play_id":"76f6a1c7-ccc5-497e-a6d9-529bce441b1a","local_time":"20210104204441","is_ascension_mode":true,"campfire_choices":[{"data":"Defragment","floor":15.0,"key":"SMITH"},{"data":"Storm","floor":25.0,"key":"SMITH"},{"data":"Static Discharge","floor":29.0,"key":"SMITH"},{"data":"Storm","floor":32.0,"key":"SMITH"},{"data":"Electrodynamics","floor":41.0,"key":"SMITH"},{"floor":49,"key":"RECALL"},{"data":"White Noise","floor":52,"key":"SMITH"}],"circlet_count":0,"master_deck":["Defend_B+1","Defend_B+1","Defend_B+1","Defend_B+1","Zap","Dualcast","Go for the Eyes+1","Storm+1","Defragment+1","Glacier","Conserve Battery","Thunder Strike+1","Static Discharge+1","Chill","Electrodynamics+1","Defragment+1","Force Field","Steam","Storm+1","Loop+1","Heatsinks+1","Heatsinks","Storm+1","White Noise+1","Static Discharge","Storm+1"],"relics":["Cracked Core","Blood Vial","Centennial Puzzle","Pantograph","Symbiotic Virus","PreservedInsect","Velvet Choker","Enchiridion","Red Mask","Anchor","Oddly Smooth Stone","Lantern","DataDisk","OrangePellets","Whetstone","Sozu","Toy Ornithopter","Old Coin","Bronze Scales","Bottled Tornado","Lee\u0027s Waffle","Strawberry"],"acts_visited":["Exordium","TheCity","TheBeyond","TheEnding"],"potions_floor_usage":[55,55],"damage_taken":[{"damage":0.0,"enemies":"2 Louse","floor":1.0,"turns":1.0},{"damage":0.0,"enemies":"Jaw Worm","floor":5.0,"turns":3.0},{"damage":2.0,"enemies":"Lagavulin","floor":6.0,"turns":10.0},{"damage":0.0,"enemies":"Cultist","floor":7.0,"turns":2.0},{"damage":0.0,"enemies":"Large Slime","floor":8.0,"turns":7.0},{"damage":15.0,"enemies":"Gremlin Nob","floor":11.0,"turns":5.0},{"damage":3.0,"enemies":"Gremlin Nob","floor":13.0,"turns":3.0},{"damage":2.0,"enemies":"Lagavulin","floor":14.0,"turns":7.0},{"damage":18.0,"enemies":"Hexaghost","floor":16.0,"turns":9.0},{"damage":5.0,"enemies":"Spheric Guardian","floor":18.0,"turns":3.0},{"damage":9.0,"enemies":"Chosen","floor":20.0,"turns":5.0},{"damage":0.0,"enemies":"Masked Bandits","floor":22.0,"turns":2.0},{"damage":0.0,"enemies":"Gremlin Leader","floor":23.0,"turns":4.0},{"damage":0.0,"enemies":"3 Cultists","floor":27.0,"turns":2.0},{"damage":0.0,"enemies":"Slavers","floor":31.0,"turns":4.0},{"damage":0.0,"enemies":"Automaton","floor":33.0,"turns":5.0},{"damage":0.0,"enemies":"3 Shapes","floor":35.0,"turns":2.0},{"damage":0.0,"enemies":"3 Darklings","floor":36.0,"turns":3.0},{"damage":0.0,"enemies":"4 Shapes","floor":39.0,"turns":1.0},{"damage":3.0,"enemies":"Nemesis","floor":40.0,"turns":3.0},{"damage":0.0,"enemies":"Jaw Worm Horde","floor":44.0,"turns":2.0},{"damage":0.0,"enemies":"2 Orb Walkers","floor":45.0,"turns":3.0},{"damage":0.0,"enemies":"Reptomancer","floor":46.0,"turns":2.0},{"damage":0.0,"enemies":"3 Darklings","floor":47.0,"turns":2.0},{"damage":0.0,"enemies":"4 Shapes","floor":48.0,"turns":2.0},{"damage":27,"enemies":"Donu and Deca","floor":50,"turns":4},{"damage":0,"enemies":"Shield and Spear","floor":54,"turns":1},{"damage":43,"enemies":"The Heart","floor":55,"turns":4}],"seed_played":"-7389739085974427180","potions_obtained":[{"floor":1.0,"key":"Block Potion"},{"floor":6.0,"key":"AttackPotion"},{"floor":8.0,"key":"Ancient Potion"},{"floor":11.0,"key":"DistilledChaos"},{"floor":18.0,"key":"FocusPotion"},{"floor":20.0,"key":"SteroidPotion"},{"floor":23.0,"key":"FocusPotion"}],"is_trial":false,"path_per_floor":["M","?","?","$","M","E","M","M","T","$","E","?","?","E","R","B",null,"M","?","M","?","?","E","T","R","T","M","?","R","$","E","R","B",null,"M","M","$","?","M","E","R","?","T","M","?","E","M","M","R","B",null,"R","$","E","B",null],"character_chosen":"DEFECT","items_purchased":["Defragment","Static Discharge","Storm","DataDisk","OrangePellets","Bottled Tornado","Lee\u0027s Waffle","Static Discharge"],"campfire_rested":0,"item_purchase_floors":[4,10,30,30,30,53,53,53],"current_hp_per_floor":[75,75,80,80,80,78,80,80,80,80,65,65,64,64,64,62,80,75,75,68,52,54,56,56,56,56,58,58,58,58,60,60,80,80,80,80,80,80,80,77,77,77,77,79,80,80,80,80,80,53,80,80,87,94,61],"gold":144,"neow_bonus":"THREE_CARDS","is_daily":false,"chose_seed":false,"campfire_upgraded":6,"win_rate":0.0,"timestamp":1609811081,"path_taken":["M","?","?","$","?","E","M","M","T","?","E","?","?","E","R","BOSS","M","?","M","?","?","E","?","R","T","M","?","R","?","E","R","BOSS","M","M","$","?","?","E","R","?","T","M","?","E","M","M","R","BOSS","R","$","E","BOSS"],"items_purchased_type":["Card","Card","Card","Relic","Relic","Relic","Relic","Card"],"build_version":"2020-12-22","purchased_purges":1,"victory":true,"max_hp_per_floor":[75,75,80,80,80,80,80,80,80,80,80,80,80,80,80,80,80,80,80,80,80,80,80,80,80,80,80,80,80,80,80,80,80,80,80,80,80,80,80,80,80,80,80,80,80,80,80,80,80,80,80,80,87,94,94],"card_choices":[{"not_picked":["Ball Lightning","Redo"],"picked":"Go for the Eyes","floor":0.0},{"not_picked":["Fusion","Go for the Eyes","Steam"],"picked":"SKIP","floor":1.0},{"not_picked":["Melter","Gash"],"picked":"Glacier","floor":5.0},{"not_picked":["Skim","Leap","Redo"],"picked":"SKIP","floor":6.0},{"not_picked":["Barrage","Cold Snap"],"picked":"Conserve Battery","floor":7.0},{"not_picked":["Genetic Algorithm","Recycle"],"picked":"Thunder Strike","floor":8.0},{"not_picked":["Leap","Coolheaded","Conserve Battery"],"picked":"SKIP","floor":11.0},{"not_picked":["Hello World","Coolheaded"],"picked":"Chill","floor":13.0},{"not_picked":["Sweeping Beam","Rebound","Scrape"],"picked":"SKIP","floor":14.0},{"not_picked":["Sweeping Beam","Rebound","Scrape"],"picked":"SKIP","floor":14.0},{"not_picked":["Thunder Strike","Multi-Cast"],"picked":"Electrodynamics","floor":16.0},{"not_picked":["Stack","Sweeping Beam","Streamline"],"picked":"SKIP","floor":18.0},{"not_picked":["Electrodynamics","Streamline","Coolheaded"],"picked":"SKIP","floor":20.0},{"not_picked":["Electrodynamics","Streamline","Coolheaded"],"picked":"SKIP","floor":20.0},{"not_picked":["Chill","Hello World"],"picked":"Defragment+1","floor":23.0},{"not_picked":["FTL","Gash"],"picked":"Force Field","floor":27.0},{"not_picked":["Consume","Coolheaded"],"picked":"Loop+1","floor":31.0},{"not_picked":["Beam Cell+1","Sweeping Beam"],"picked":"Heatsinks+1","floor":35.0},{"not_picked":["Chill","Melter","Gash+1"],"picked":"SKIP","floor":36.0},{"not_picked":["Hello World+1","Steam","Beam Cell"],"picked":"SKIP","floor":39.0},{"not_picked":["Leap+1","Reprogram","Blizzard+1"],"picked":"SKIP","floor":40.0},{"not_picked":["Reinforced Body+1","Skim","Core Surge"],"picked":"SKIP","floor":44.0},{"not_picked":["Beam Cell+1","Stack"],"picked":"Heatsinks","floor":45.0},{"not_picked":["Redo","Ball Lightning"],"picked":"Storm+1","floor":46.0},{"not_picked":["White Noise","Consume","Glacier"],"picked":"SKIP","floor":47.0},{"not_picked":["Consume","Glacier"],"picked":"White Noise","floor":47.0},{"not_picked":["Rebound","Turbo+1","FTL"],"picked":"SKIP","floor":48.0},{"not_picked":["Hello World","Leap"],"picked":"Storm+1","floor":54}],"player_experience":124988,"relics_obtained":[{"floor":6.0,"key":"Blood Vial"},{"floor":9.0,"key":"Centennial Puzzle"},{"floor":11.0,"key":"Pantograph"},{"floor":14.0,"key":"PreservedInsect"},{"floor":21.0,"key":"Enchiridion"},{"floor":22.0,"key":"Red Mask"},{"floor":23.0,"key":"Anchor"},{"floor":24.0,"key":"Oddly Smooth Stone"},{"floor":26.0,"key":"Lantern"},{"floor":31.0,"key":"Whetstone"},{"floor":40.0,"key":"Toy Ornithopter"},{"floor":45.0,"key":"Old Coin"},{"floor":46.0,"key":"Bronze Scales"},{"floor":54,"key":"Strawberry"}],"event_choices":[{"damage_healed":0.0,"max_hp_gain":0.0,"max_hp_loss":0.0,"gold_gain":0.0,"cards_transformed":["Strike_B"],"event_name":"Living Wall","player_choice":"Change","floor":2.0,"gold_loss":0.0,"damage_taken":0.0,"cards_obtained":["Storm"]},{"damage_healed":0.0,"max_hp_gain":5.0,"max_hp_loss":0.0,"gold_gain":0.0,"event_name":"Big Fish","player_choice":"Donut","floor":3.0,"gold_loss":0.0,"damage_taken":0.0},{"cards_removed":["Strike_B"],"damage_healed":0.0,"max_hp_gain":0.0,"max_hp_loss":0.0,"gold_gain":0.0,"event_name":"The Cleric","player_choice":"Card Removal","floor":12.0,"gold_loss":50.0,"damage_taken":0.0},{"damage_healed":0.0,"max_hp_gain":0.0,"max_hp_loss":0.0,"gold_gain":0.0,"event_name":"Dead Adventurer","player_choice":"Searched \u00273\u0027 times","floor":13.0,"gold_loss":0.0,"damage_taken":0.0,"relics_obtained":["Symbiotic Virus"]},{"damage_healed":0.0,"max_hp_gain":0.0,"max_hp_loss":0.0,"gold_gain":0.0,"event_name":"Back to Basics","player_choice":"Simplicity","floor":19.0,"gold_loss":0.0,"damage_taken":0.0,"cards_upgraded":["Strike_B","Strike_B","Defend_B","Defend_B","Defend_B","Defend_B"]},{"damage_healed":0.0,"max_hp_gain":0.0,"max_hp_loss":0.0,"gold_gain":0.0,"event_name":"Cursed Tome","player_choice":"Obtained Book","floor":21.0,"gold_loss":0.0,"damage_taken":16.0},{"damage_healed":0.0,"max_hp_gain":0.0,"max_hp_loss":0.0,"gold_gain":0.0,"event_name":"Masked Bandits","player_choice":"Fought Bandits","floor":22.0,"gold_loss":0.0,"damage_taken":0.0},{"damage_healed":0.0,"max_hp_gain":0.0,"max_hp_loss":0.0,"gold_gain":0.0,"event_name":"The Library","player_choice":"Read","floor":28.0,"gold_loss":0.0,"damage_taken":0.0,"cards_obtained":["Steam"]},{"damage_healed":0.0,"max_hp_gain":0.0,"max_hp_loss":0.0,"gold_gain":0.0,"event_name":"The Woman in Blue","player_choice":"Bought 0 Potions","floor":38.0,"gold_loss":0.0,"damage_taken":0.0},{"cards_removed":["Strike_B"],"damage_healed":0.0,"max_hp_gain":0.0,"max_hp_loss":0.0,"gold_gain":0.0,"event_name":"Falling","player_choice":"Removed Attack","floor":42.0,"gold_loss":0.0,"damage_taken":0.0},{"damage_healed":0.0,"max_hp_gain":0.0,"max_hp_loss":0.0,"gold_gain":0.0,"event_name":"Mysterious Sphere","player_choice":"Fight","floor":45.0,"gold_loss":0.0,"damage_taken":0.0}],"is_beta":false,"boss_relics":[{"not_picked":["Nuclear Battery","FrozenCore"],"picked":"Velvet Choker"},{"not_picked":["Snecko Eye","Tiny House"],"picked":"Sozu"}],"items_purged_floors":[37],"is_endless":false,"potions_floor_spawned":[1,6,8,11,18,20,23,31,39,40,44,45,46],"ascension_level":2}}