{"host":"788p3pvxhs5s9n7p","time":1609878331,"event":{"mods":["AchievementEnabler","BaseMod","Downfall","Hubris","Infinite Spire","Minty Spire (QoL Compilation)","READ ME - Guardian Mod","Replay The Spire","StSLib","The Jungle","vexMod"],"gold_per_floor":[118,118,130,130,130,130,187,187,212,47,71,22,36,66,83,118,118,218,218,233,233,233,27,43,71,71,83,107,138,138,138,164,182,182,287,287,302,23,36,36,71,71,89,89,103,103,103,122,122,122,122],"floor_reached":52,"playtime":3230,"items_purged":["Strike_R","Strike_R","Defend_R","Defend_R"],"score":588,"play_id":"bb7a9cd4-46ee-4708-9748-c492d7440f63","local_time":"20210105142531","is_ascension_mode":true,"campfire_choices":[{"data":"Inflame","floor":8,"key":"SMITH"},{"data":"ReplayTheSpireMod:LeadingStrike","floor":17,"key":"SMITH"},{"data":"Sword Boomerang","floor":26,"key":"SMITH"},{"data":"Inflame","floor":30,"key":"SMITH"},{"data":"Searing Blow+1","floor":34,"key":"SMITH"},{"data":"Searing Blow+2","floor":43,"key":"SMITH"},{"floor":47,"key":"RECALL"}],"circlet_count":0,"master_deck":["Defend_R","Defend_R","Bash+1","Havoc","Inflame+1","Sword Boomerang+1","Armaments+1","Infernal Blade+1","ReplayTheSpireMod:Muscle Training+1","Life Link+1","Cleave+1","Searing Blow+3","ReplayTheSpireMod:Muscle Training","ReplayTheSpireMod:LeadingStrike+1","infinitespire:OneForAll+1","ReplayTheSpireMod:Limb From Limb","Double Tap+1","Inflame+1","Ghostly","Ghostly","Ghostly","Ghostly+1","Ghostly","Headbutt+1","Flex+1","Feed+1","ReplayTheSpireMod:Muscle Training+1","Bloodletting+1","Parasite","Intimidate+1","Bloodletting"],"relics":["Burning Blood","ReplayTheSpireMod:Ring of Addiction","hubris:EmptyBottle","Toy Ornithopter","Golden Egg","MawBank","ReplayTheSpireMod:TigerMarble","Red Skull","Smiling Mask","Runic Pyramid","Guide Book","Pet Ghost","hubris:CuriousFeather","infinitespire:Satchel","hubris:RunicObelisk","Whetstone","hubris:Teleporter","vexMod:PlasmaPancake","Mirror"],"acts_visited":["Exordium","TheCity","TheBeyond"],"potions_floor_usage":[7,7,7,7,7,9,13,14,16,18,20,25,25,27,29,35,35,35,37,39,49,49,49,49],"damage_taken":[{"damage":6,"enemies":"Jaw Worm","floor":1,"turns":4},{"damage":0,"enemies":"Small Slimes","floor":3,"turns":3},{"damage":2,"enemies":"Lagavulin Event","floor":7,"turns":3},{"damage":40,"enemies":"3 Sentries","floor":9,"turns":10},{"damage":1,"enemies":"Cultist","floor":13,"turns":2},{"damage":14,"enemies":"Replay:BlueRogue","floor":14,"turns":4},{"damage":3,"enemies":"Looter","floor":15,"turns":2},{"damage":20,"enemies":"3 Sentries","floor":16,"turns":3},{"damage":15,"enemies":"Slime Boss","floor":18,"turns":8},{"damage":8,"enemies":"Chosen","floor":20,"turns":4},{"damage":11,"enemies":"Shell Parasite","floor":24,"turns":3},{"damage":5,"enemies":"Book of Stabbing","floor":25,"turns":5},{"damage":7,"enemies":"Cultist and Chosen","floor":27,"turns":5},{"damage":6,"enemies":"Gremlin Leader","floor":29,"turns":4},{"damage":5,"enemies":"Centurion and Healer","floor":33,"turns":4},{"damage":22,"enemies":"Champ","floor":35,"turns":8},{"damage":10,"enemies":"Orb Walker","floor":37,"turns":1},{"damage":2,"enemies":"3 Shapes","floor":39,"turns":2},{"damage":3,"enemies":"R_Hoarder","floor":42,"turns":7},{"damage":2,"enemies":"Writhing Mass","floor":44,"turns":4},{"damage":0,"enemies":"Sphere and 2 Shapes","floor":46,"turns":2},{"damage":27,"enemies":"Maw","floor":49,"turns":5},{"damage":42,"enemies":"hubris:GrandSnecko","floor":52,"turns":5}],"seed_played":"26929447204359290","potions_obtained":[{"floor":1,"key":"Strength Potion"},{"floor":2,"key":"Dexterity Potion"},{"floor":2,"key":"LifebloodPotion"},{"floor":3,"key":"SkillPotion"},{"floor":13,"key":"Guardian:BlockOnCardUsePotion"},{"floor":18,"key":"Weak Potion"},{"floor":24,"key":"Flashbang"},{"floor":25,"key":"Toxic Potion"},{"floor":33,"key":"Fire Potion"},{"floor":35,"key":"champ:CounterPotion"},{"floor":44,"key":"Dexterity Potion"},{"floor":46,"key":"Reflective Coating"}],"is_trial":false,"path_per_floor":["M","?","M","?","PTL","PTL","?","R","E","$","T","$","M","E","M","E","R","B",null,"M","AVR","?","$","M","E","R","M","T","E","R","?","T","M","R","B",null,"M","$","M","AVR","E","R","M","T","M","R","?","M","R","B"],"character_chosen":"IRONCLAD","items_purchased":["Life Link","Cleave","Searing Blow","SteroidPotion","Guide Book","Whetstone","Bloodletting"],"campfire_rested":0,"item_purchase_floors":[10,10,10,12,23,38,38],"current_hp_per_floor":[72,72,72,58,58,58,70,70,40,40,40,40,50,47,50,41,41,37,68,66,66,34,34,27,32,32,32,32,32,32,32,32,30,30,17,30,26,26,30,30,36,36,34,34,41,39,39,30,39,0,0],"gold":122,"neow_bonus":"TRANSFORM_TWO_CARDS","is_daily":false,"chose_seed":false,"campfire_upgraded":6,"win_rate":0.0,"timestamp":1609878331,"path_taken":["M","?","M","?","PTL","PTL","?","R","E","$","T","?","M","E","M","E","R","BOSS","M","AVR","?","$","M","E","R","M","T","E","R","?","?","M","R","BOSS","M","$","M","AVR","E","R","M","T","M","R","?","?","R","BOSS"],"items_purchased_type":["Card","Card","Card","Potion","Relic","Relic","Card"],"build_version":"2020-12-22","purchased_purges":4,"victory":false,"max_hp_per_floor":[72,72,72,72,72,70,70,70,70,70,70,70,68,68,68,68,68,68,68,68,68,34,34,32,32,32,32,32,32,32,32,32,30,30,30,30,30,30,30,30,36,36,34,34,41,39,39,39,39,39,39],"card_choices":[{"not_picked":["Perfected Strike","Body Slam"],"picked":"Sword Boomerang","floor":1},{"not_picked":["Anger","Iron Wave"],"picked":"Armaments","floor":3},{"not_picked":["Rage","Metallicize"],"picked":"Infernal Blade","floor":7},{"not_picked":["Armaments","hubris:ReadiedAction"],"picked":"ReplayTheSpireMod:Muscle Training","floor":9},{"not_picked":["Havoc","Power Through"],"picked":"ReplayTheSpireMod:Muscle Training","floor":13},{"not_picked":["Pommel Strike","ReplayTheSpireMod:Corrosion Curse"],"picked":"ReplayTheSpireMod:LeadingStrike","floor":14},{"not_picked":["Replay:Undeath\u0027s Touch","Pommel Strike"],"picked":"infinitespire:OneForAll","floor":15},{"not_picked":["Second Wind","Reckless Charge"],"picked":"ReplayTheSpireMod:Limb From Limb","floor":16},{"not_picked":["Reaper","Barricade"],"picked":"Double Tap","floor":18},{"not_picked":["Feel No Pain","Thunderclap"],"picked":"Inflame","floor":20},{"not_picked":["Iron Wave","Second Wind","Dropkick"],"picked":"SKIP","floor":24},{"not_picked":["Anger","hubris:ReadiedAction+1"],"picked":"Headbutt+1","floor":25},{"not_picked":["hubris:SharpeningStone","Body Slam","Twin Strike+1"],"picked":"SKIP","floor":27},{"not_picked":["Thunderclap","Cleave","Clothesline"],"picked":"SKIP","floor":29},{"not_picked":["ReplayTheSpireMod:LeadingStrike","Replay:Undeath\u0027s Touch+1"],"picked":"Flex+1","floor":33},{"not_picked":["Berserk","Replay:Many Hands"],"picked":"Feed","floor":35},{"not_picked":["Clothesline+1","Life Link"],"picked":"ReplayTheSpireMod:Muscle Training+1","floor":37},{"not_picked":["Iron Wave","Rampage","Entrench+1"],"picked":"SKIP","floor":39},{"not_picked":["ReplayTheSpireMod:Strike From Hell","Armaments","Dark Embrace"],"picked":"SKIP","floor":42},{"not_picked":["Infernal Blade","Evolve+1"],"picked":"Intimidate+1","floor":44},{"not_picked":["Havoc","Replay:Many Hands","ReplayTheSpireMod:Strike From Hell+1"],"picked":"SKIP","floor":46},{"not_picked":["Replay:Undeath\u0027s Touch","hubris:ReadiedAction+1"],"picked":"Bloodletting","floor":49}],"player_experience":132018,"relics_obtained":[{"floor":2,"key":"ReplayTheSpireMod:Ring of Addiction"},{"floor":2,"key":"hubris:EmptyBottle"},{"floor":2,"key":"Toy Ornithopter"},{"floor":9,"key":"MawBank"},{"floor":11,"key":"ReplayTheSpireMod:TigerMarble"},{"floor":14,"key":"Red Skull"},{"floor":16,"key":"Smiling Mask"},{"floor":25,"key":"Pet Ghost"},{"floor":29,"key":"hubris:CuriousFeather"},{"floor":32,"key":"infinitespire:Satchel"},{"floor":42,"key":"vexMod:PlasmaPancake"},{"floor":45,"key":"Mirror"}],"event_choices":[{"damage_healed":0,"gold_gain":0,"player_choice":"Entered Light","damage_taken":14,"max_hp_gain":0,"max_hp_loss":0,"event_name":"Shining Light","floor":4,"gold_loss":0,"cards_upgraded":["Strike_R","Armaments"]},{"damage_healed":0,"gold_gain":0,"player_choice":"Searched \u00272\u0027 times","damage_taken":0,"relics_obtained":["Golden Egg"],"max_hp_gain":0,"max_hp_loss":0,"event_name":"Dead Adventurer","floor":7,"gold_loss":0},{"damage_healed":0,"gold_gain":0,"player_choice":"Became a Ghost","damage_taken":0,"max_hp_gain":0,"max_hp_loss":34,"event_name":"Ghosts","floor":22,"gold_loss":0,"cards_obtained":["Ghostly","Ghostly","Ghostly","Ghostly","Ghostly"]},{"damage_healed":0,"gold_gain":0,"player_choice":"Ignored","damage_taken":0,"max_hp_gain":0,"max_hp_loss":0,"event_name":"Cursed Tome","floor":31,"gold_loss":0},{"cards_removed":["Strike_R"],"damage_healed":0,"gold_gain":0,"player_choice":"Purged","damage_taken":0,"max_hp_gain":0,"max_hp_loss":0,"event_name":"Purifier","floor":48,"gold_loss":0}],"is_beta":false,"boss_relics":[{"not_picked":["Painkiller Herb","hubris:GrandSneckoEye"],"picked":"Runic Pyramid"},{"not_picked":["Pandora\u0027s Box","Tiny House"],"picked":"hubris:RunicObelisk"}],"items_purged_floors":[21,23,38,40],"is_endless":false,"potions_floor_spawned":[1,3,13,18,24,25,33,35,44,46],"killed_by":"hubris:GrandSnecko","ascension_level":1}}