{"host":"0m7uut7ws4kj19nt","time":1609845312,"event":{"mods":["AchievementEnabler","BaseMod","Minty Spire (QoL Compilation)","Replay The Spire","StSLib","The Cursed","The Necromancer"],"gold_per_floor":[112,129,146,166,166,198,198,55,80,115,127,144,157,157,157,253,253,265,265,300,300,315,345,345,370,396,396,415,415,71,98,98,197,197,207,226,226,88,88,138,148,148,148],"floor_reached":42,"playtime":2215,"items_purged":["Defend_G","Bite"],"score":614,"play_id":"754bc8f6-25cd-4a52-adcc-cd71d26aca46","local_time":"20210105181512","is_ascension_mode":true,"campfire_choices":[{"data":"Neutralize","floor":7.0,"key":"SMITH"},{"data":"A Thousand Cuts","floor":15.0,"key":"SMITH"},{"data":"Finisher","floor":24.0,"key":"SMITH"},{"floor":27.0,"key":"REST"},{"floor":29.0,"key":"REST"},{"floor":32.0,"key":"REST"}],"circlet_count":0,"master_deck":["Defend_G","Defend_G","Defend_G","Defend_G","Survivor","Neutralize+1","Corpse Explosion","Leg Sweep","A Thousand Cuts+1","Grand Finale","Bite","Bite","Bite","Setup","Backflip","Footwork"],"relics":["Ring of the Serpent","Replay:Wax Seal","Frozen Eye","Replay:Baseball","Busted Crown","Red Mask","Ancient Tea Set","PreservedInsect","Blood Vial","BargainBundle","Bag of Preparation","Replay:WaspNest","Pocketwatch"],"acts_visited":["Exordium","TheCity","TheBeyond"],"potions_floor_usage":[40,40,42],"damage_taken":[{"damage":1.0,"enemies":"Small Slimes","floor":1.0,"turns":4.0},{"damage":1.0,"enemies":"Cultist","floor":2.0,"turns":4.0},{"damage":0.0,"enemies":"2 Louse","floor":3.0,"turns":2.0},{"damage":6.0,"enemies":"Red Slaver","floor":4.0,"turns":4.0},{"damage":31.0,"enemies":"Lagavulin","floor":6.0,"turns":6.0},{"damage":22.0,"enemies":"3 Sentries","floor":10.0,"turns":4.0},{"damage":0.0,"enemies":"3 Louse","floor":11.0,"turns":3.0},{"damage":5.0,"enemies":"Large Slime","floor":12.0,"turns":9.0},{"damage":3.0,"enemies":"Blue Slaver","floor":13.0,"turns":5.0},{"damage":56.0,"enemies":"Fading Forest","floor":16.0,"turns":11.0},{"damage":10.0,"enemies":"Shell Parasite","floor":18.0,"turns":7.0},{"damage":7.0,"enemies":"Masked Bandits","floor":20.0,"turns":2.0},{"damage":13.0,"enemies":"Chosen","floor":22.0,"turns":6.0},{"damage":6.0,"enemies":"Gremlin Leader","floor":23.0,"turns":8.0},{"damage":56.0,"enemies":"Book of Stabbing","floor":25.0,"turns":8.0},{"damage":24.0,"enemies":"Snake Plant","floor":28.0,"turns":5.0},{"damage":18.0,"enemies":"Slavers","floor":31.0,"turns":3.0},{"damage":51.0,"enemies":"Automaton","floor":33.0,"turns":8.0},{"damage":22.0,"enemies":"3 Shapes","floor":35.0,"turns":3.0},{"damage":13.0,"enemies":"3 Darklings","floor":36.0,"turns":2.0},{"damage":8,"enemies":"Mind Bloom Boss Battle","floor":40,"turns":8},{"damage":10,"enemies":"4 Shapes","floor":41,"turns":5},{"damage":54,"enemies":"Giant Head","floor":42,"turns":7}],"seed_played":"-4868055939166489766","potions_obtained":[{"floor":3.0,"key":"FearPotion"},{"floor":4.0,"key":"Explosive Potion"},{"floor":5.0,"key":"Strength Potion"},{"floor":5.0,"key":"SteroidPotion"},{"floor":6.0,"key":"Dexterity Potion"},{"floor":12.0,"key":"LifebloodPotion"},{"floor":13.0,"key":"Venom Potion"},{"floor":18.0,"key":"LifebloodPotion"},{"floor":22.0,"key":"FearPotion"},{"floor":28.0,"key":"SkillPotion"},{"floor":31.0,"key":"Adrenaline Potion"},{"floor":35.0,"key":"LiquidBronze"},{"floor":36.0,"key":"Strength Potion"},{"floor":41,"key":"SteroidPotion"}],"is_trial":false,"path_per_floor":["M","M","M","M","?","E","R","$","T","E","M","M","M","?","R","B",null,"M","?","?","?","M","E","R","E","T","R","M","R","$","E","R","B",null,"M","M","?","$","?","?","M","E"],"character_chosen":"THE_SILENT","items_purchased":["Frozen Eye","BargainBundle","Backflip","Regen Potion","Fire Potion","Bag of Preparation","Footwork"],"campfire_rested":3,"item_purchase_floors":[8,30,30,30,30,30,38],"current_hp_per_floor":[76,75,75,69,69,38,38,38,38,16,16,11,8,77,77,31,66,56,53,50,50,46,51,51,11,11,26,18,33,33,34,49,14,43,31,28,28,28,28,32,32,0,0],"gold":148,"neow_bonus":"TEN_PERCENT_HP_BONUS","is_daily":false,"chose_seed":false,"campfire_upgraded":3,"win_rate":0.0,"timestamp":1609845312,"path_taken":["M","M","M","M","?","E","R","$","T","E","M","M","?","?","R","BOSS","M","?","?","?","M","E","R","E","T","R","M","R","$","E","R","BOSS","M","M","?","$","?","?","M","E"],"items_purchased_type":["Relic","Relic","Card","Potion","Potion","Relic","Card"],"build_version":"2020-12-22","purchased_purges":2,"victory":false,"max_hp_per_floor":[77,77,77,77,77,77,77,77,77,77,77,77,77,77,77,77,77,77,53,53,53,53,53,53,53,53,53,53,53,53,53,53,53,53,53,53,53,53,53,53,53,53,53],"card_choices":[{"not_picked":["Sucker Punch","Dagger Spray"],"picked":"Finisher","floor":1.0},{"not_picked":["PiercingWail","Sneak Up","Flying Knee"],"picked":"SKIP","floor":2.0},{"not_picked":["Dagger Throw","Deadly Poison"],"picked":"Corpse Explosion","floor":3.0},{"not_picked":["Deadly Poison","Slice","Fluid Movement"],"picked":"SKIP","floor":4.0},{"not_picked":["Underhanded Strike","Sucker Punch","Riddle With Holes"],"picked":"SKIP","floor":6.0},{"not_picked":["Replay:Poison Smokescreen","Quick Slash"],"picked":"Leg Sweep","floor":10.0},{"not_picked":["Cloak And Dagger","Prepared"],"picked":"ReplayTheSpireMod:Scrap Shanks","floor":11.0},{"not_picked":["Replay:Poison Smokescreen","Concentrate"],"picked":"A Thousand Cuts","floor":12.0},{"not_picked":["Slice","Prepared","Underhanded Strike"],"picked":"SKIP","floor":13.0},{"not_picked":["Glass Knife","Poison Darts"],"picked":"Grand Finale","floor":16.0},{"not_picked":["Blade Dance"],"picked":"SKIP","floor":18.0},{"not_picked":["Blade Dance"],"picked":"SKIP","floor":22.0},{"not_picked":["Fluid Movement+1"],"picked":"SKIP","floor":23.0},{"not_picked":[],"picked":"Setup","floor":25.0},{"not_picked":["Fluid Movement"],"picked":"SKIP","floor":28.0},{"not_picked":["Underhanded Strike"],"picked":"SKIP","floor":31.0},{"not_picked":["Dagger Throw"],"picked":"SKIP","floor":35.0},{"not_picked":["Dagger Throw"],"picked":"SKIP","floor":36.0},{"not_picked":["Flying Knee+1"],"picked":"SKIP","floor":41}],"player_experience":128497,"relics_obtained":[{"floor":6.0,"key":"Replay:Wax Seal"},{"floor":10.0,"key":"Replay:Baseball"},{"floor":20.0,"key":"Red Mask"},{"floor":23.0,"key":"Ancient Tea Set"},{"floor":25.0,"key":"PreservedInsect"},{"floor":26.0,"key":"Blood Vial"},{"floor":31.0,"key":"Replay:WaspNest"},{"floor":40,"key":"Pocketwatch"}],"event_choices":[{"damage_healed":0.0,"max_hp_gain":0.0,"max_hp_loss":0.0,"gold_gain":0.0,"event_name":"Lab","player_choice":"Got Potions","floor":5.0,"gold_loss":0.0,"damage_taken":0.0},{"cards_removed":["ReplayTheSpireMod:Scrap Shanks"],"damage_healed":69.0,"max_hp_gain":0.0,"max_hp_loss":0.0,"gold_gain":0.0,"event_name":"Bonfire Elementals","player_choice":"Offered Uncommon","floor":14.0,"gold_loss":0.0,"damage_taken":0.0},{"damage_healed":0.0,"max_hp_gain":0.0,"max_hp_loss":24.0,"gold_gain":0.0,"event_name":"Vampires","player_choice":"Became a vampire","floor":19.0,"gold_loss":0.0,"damage_taken":0.0,"cards_obtained":["Bite","Bite","Bite","Bite","Bite"]},{"damage_healed":0.0,"max_hp_gain":0.0,"max_hp_loss":0.0,"gold_gain":0.0,"event_name":"Masked Bandits","player_choice":"Fought Bandits","floor":20.0,"gold_loss":0.0,"damage_taken":0.0},{"cards_removed":["Bite"],"damage_healed":0.0,"max_hp_gain":0.0,"max_hp_loss":0.0,"gold_gain":0.0,"event_name":"Back to Basics","player_choice":"Elegance","floor":21.0,"gold_loss":0.0,"damage_taken":0.0},{"cards_removed":["Finisher"],"damage_healed":0.0,"max_hp_gain":0.0,"max_hp_loss":0.0,"gold_gain":0.0,"event_name":"Falling","player_choice":"Removed Attack","floor":37.0,"gold_loss":0.0,"damage_taken":0.0},{"damage_healed":0,"gold_gain":0,"player_choice":"Ignored","damage_taken":0,"max_hp_gain":0,"max_hp_loss":0,"event_name":"Mysterious Sphere","floor":39,"gold_loss":0},{"damage_healed":0,"gold_gain":0,"player_choice":"Fight","damage_taken":0,"max_hp_gain":0,"max_hp_loss":0,"event_name":"MindBloom","floor":40,"gold_loss":0}],"is_beta":false,"boss_relics":[{"not_picked":["Honey Jar","HoveringKite"],"picked":"Busted Crown"},{"not_picked":["ReplayTheSpireMod:DimensionalGlitch","Black Star"],"picked":"Ring of the Serpent"}],"items_purged_floors":[30,38],"is_endless":false,"potions_floor_spawned":[3,4,6,12,13,18,22,28,31,35,36,41],"killed_by":"Giant Head","ascension_level":5}}