{"host":"dgf4n6lo35jtjz0c","time":1609838593,"event":{"mods":["AchievementEnabler","BaseMod","Bestiary","Colored Powertips","Minty Spire (QoL Compilation)"],"gold_per_floor":[114,124,124,143,156,156,171,181,181,198,198,216,56,74,74,179,179,196,215,227,326,91,91,110,110,110,140,18,18,36,36,36,136,136,153,168,168,168,181,181,192,210,210,224,224,274,286,0,0,0],"floor_reached":51,"playtime":3379,"items_purged":[],"score":692,"play_id":"572c9a7b-4760-466a-82d9-8aa1ebbe4b65","local_time":"20210105202313","is_ascension_mode":false,"campfire_choices":[{"data":"Infinite Blades","floor":6.0,"key":"SMITH"},{"data":"Accuracy","floor":15.0,"key":"SMITH"},{"data":"Footwork","floor":23.0,"key":"SMITH"},{"floor":29.0,"key":"REST"},{"data":"Footwork","floor":32.0,"key":"SMITH"},{"floor":40.0,"key":"REST"},{"floor":49.0,"key":"REST"}],"circlet_count":0,"master_deck":["Strike_G","Strike_G","Strike_G","Strike_G","Strike_G","Defend_G","Defend_G","Defend_G","Defend_G","Defend_G","Survivor","Neutralize","Terror","Cloak And Dagger","Infinite Blades+1","Slice","Finisher","Leg Sweep","Acrobatics","Accuracy+1","Footwork+1","Dramatic Entrance","Crippling Poison","Venomology","Deflect","Backflip","Blade Dance","Slice","Blade Dance","Footwork+1","Cloak And Dagger","Shame","A Thousand Cuts","Accuracy+1","Predator","Infinite Blades+1","Leg Sweep+1","Cloak And Dagger","Envenom","Caltrops+1"],"relics":["WristBlade","Pen Nib","Strawberry","SlaversCollar","Bronze Scales","Question Card","Thread and Needle","Centennial Puzzle","Potion Belt","Philosopher\u0027s Stone","Mango","Torii","Red Mask"],"acts_visited":["Exordium","TheCity","TheBeyond"],"potions_floor_usage":[50,50,50],"damage_taken":[{"damage":0.0,"enemies":"2 Louse","floor":1.0,"turns":3.0},{"damage":1.0,"enemies":"Jaw Worm","floor":2.0,"turns":4.0},{"damage":2.0,"enemies":"Small Slimes","floor":4.0,"turns":4.0},{"damage":0.0,"enemies":"Exordium Wildlife","floor":5.0,"turns":3.0},{"damage":5.0,"enemies":"Looter","floor":7.0,"turns":3.0},{"damage":2.0,"enemies":"Exordium Thugs","floor":8.0,"turns":3.0},{"damage":5.0,"enemies":"3 Louse","floor":10.0,"turns":3.0},{"damage":8.0,"enemies":"Red Slaver","floor":12.0,"turns":3.0},{"damage":1.0,"enemies":"Large Slime","floor":14.0,"turns":4.0},{"damage":7.0,"enemies":"The Guardian","floor":16.0,"turns":9.0},{"damage":0.0,"enemies":"Spheric Guardian","floor":18.0,"turns":3.0},{"damage":0.0,"enemies":"Chosen","floor":19.0,"turns":5.0},{"damage":15.0,"enemies":"Snecko","floor":20.0,"turns":3.0},{"damage":18.0,"enemies":"Snake Plant","floor":24.0,"turns":3.0},{"damage":6.0,"enemies":"Slavers","floor":27.0,"turns":5.0},{"damage":1.0,"enemies":"Centurion and Healer","floor":30.0,"turns":6.0},{"damage":22.0,"enemies":"Collector","floor":33.0,"turns":5.0},{"damage":7.0,"enemies":"3 Shapes","floor":35.0,"turns":2.0},{"damage":19.0,"enemies":"3 Darklings","floor":36.0,"turns":3.0},{"damage":14.0,"enemies":"4 Shapes","floor":39.0,"turns":3.0},{"damage":1.0,"enemies":"Transient","floor":41.0,"turns":5.0},{"damage":7.0,"enemies":"3 Darklings","floor":42.0,"turns":3.0},{"damage":7.0,"enemies":"Sphere and 2 Shapes","floor":44.0,"turns":6.0},{"damage":27.0,"enemies":"Mind Bloom Boss Battle","floor":46.0,"turns":3.0},{"damage":8.0,"enemies":"Spire Growth","floor":47.0,"turns":4.0},{"damage":24,"enemies":"Donu and Deca","floor":50,"turns":5}],"seed_played":"7335730344843528573","potions_obtained":[{"floor":1.0,"key":"PowerPotion"},{"floor":2.0,"key":"Dexterity Potion"},{"floor":7.0,"key":"SkillPotion"},{"floor":14.0,"key":"Block Potion"},{"floor":27.0,"key":"SpeedPotion"},{"floor":30.0,"key":"SpeedPotion"},{"floor":36.0,"key":"SneckoOil"},{"floor":39.0,"key":"Energy Potion"},{"floor":46.0,"key":"LiquidBronze"}],"is_trial":false,"path_per_floor":["M","M","?","M","M","R","M","M","T","M","T","M","$","M","R","B",null,"M","M","M","?","$","R","M","T","T","E","$","R","M","?","R","B",null,"M","M","?","?","M","R","M","M","T","M","?","?","M","?","R","B",null],"character_chosen":"THE_SILENT","items_purchased":["Footwork","Dramatic Entrance","Bronze Scales","Caltrops","Slice","Footwork","Block Potion"],"campfire_rested":3,"item_purchase_floors":[13,13,22,22,22,28,28],"current_hp_per_floor":[70,69,69,67,67,67,62,60,60,55,62,54,54,53,53,46,77,77,77,62,62,62,62,44,44,44,38,38,61,60,60,60,38,77,70,51,51,51,37,60,59,61,75,68,68,41,33,33,60,36],"gold":0,"neow_bonus":"BOSS_RELIC","is_daily":false,"chose_seed":false,"campfire_upgraded":4,"win_rate":0.0,"timestamp":1609838593,"path_taken":["M","M","?","M","M","R","M","M","T","M","?","M","$","M","R","BOSS","M","M","M","?","$","R","M","?","T","E","$","R","M","?","R","BOSS","M","M","?","?","?","R","M","M","T","M","?","?","M","?","R","BOSS"],"items_purchased_type":["Card","Card","Relic","Card","Card","Card","Potion"],"build_version":"2020-12-22","purchased_purges":0,"victory":true,"max_hp_per_floor":[70,70,70,70,70,70,70,70,70,70,77,77,77,77,77,77,77,77,77,77,77,77,77,77,77,77,77,77,77,77,77,77,77,77,77,77,77,77,77,77,77,77,91,91,91,91,91,91,91,91],"card_choices":[{"not_picked":["Endless Agony","Choke"],"picked":"Terror","floor":1.0},{"not_picked":["Dodge and Roll","Heel Hook"],"picked":"Cloak And Dagger","floor":2.0},{"not_picked":["Dagger Throw","Quick Slash"],"picked":"Infinite Blades","floor":4.0},{"not_picked":["Underhanded Strike","Terror"],"picked":"Slice","floor":5.0},{"not_picked":["Dagger Throw","Reflex"],"picked":"Finisher","floor":7.0},{"not_picked":["Endless Agony","Expertise"],"picked":"Leg Sweep","floor":8.0},{"not_picked":["Expertise","Dagger Spray"],"picked":"Acrobatics","floor":10.0},{"not_picked":["All Out Attack","Backflip"],"picked":"Accuracy","floor":12.0},{"not_picked":["Poisoned Stab","Bane"],"picked":"Crippling Poison","floor":14.0},{"not_picked":["Die Die Die","Glass Knife"],"picked":"Venomology","floor":16.0},{"not_picked":["Backstab","Outmaneuver+1"],"picked":"Deflect","floor":18.0},{"not_picked":["Eviscerate+1","Deflect"],"picked":"Backflip","floor":19.0},{"not_picked":["Eviscerate","Sucker Punch"],"picked":"Blade Dance","floor":20.0},{"not_picked":["Dagger Spray+1","Tools of the Trade","Quick Slash"],"picked":"SKIP","floor":24.0},{"not_picked":["Dagger Spray+1","Tools of the Trade","Quick Slash"],"picked":"SKIP","floor":24.0},{"not_picked":["Acrobatics+1","PiercingWail+1","Quick Slash+1"],"picked":"Blade Dance","floor":27.0},{"not_picked":["Quick Slash","Dodge and Roll","Deflect"],"picked":"Cloak And Dagger","floor":30.0},{"not_picked":["Malaise","After Image","Phantasmal Killer"],"picked":"A Thousand Cuts","floor":33.0},{"not_picked":["Outmaneuver+1","Noxious Fumes","PiercingWail"],"picked":"Accuracy+1","floor":35.0},{"not_picked":["Prepared+1","Skewer","Flechettes+1","Finisher+1"],"picked":"SKIP","floor":36.0},{"not_picked":["Quick Slash+1","Calculated Gamble+1","Flying Knee+1"],"picked":"Predator","floor":39.0},{"not_picked":["Acrobatics+1","Slice","Backstab"],"picked":"Infinite Blades+1","floor":41.0},{"not_picked":["Riddle With Holes","Quick Slash","Catalyst"],"picked":"Leg Sweep+1","floor":42.0},{"not_picked":["Slice+1","Underhanded Strike+1","Bane"],"picked":"Cloak And Dagger","floor":44.0},{"not_picked":["Prepared+1","Finisher+1","Backflip"],"picked":"Envenom","floor":46.0},{"not_picked":["Dodge and Roll","Blade Dance","Riddle With Holes+1"],"picked":"Caltrops+1","floor":47.0}],"player_experience":71220,"relics_obtained":[{"floor":9.0,"key":"Pen Nib"},{"floor":11.0,"key":"Strawberry"},{"floor":25.0,"key":"Question Card"},{"floor":26.0,"key":"Thread and Needle"},{"floor":27.0,"key":"Centennial Puzzle"},{"floor":43.0,"key":"Mango"},{"floor":46.0,"key":"Torii"}],"event_choices":[{"damage_healed":0.0,"max_hp_gain":0.0,"max_hp_loss":0.0,"gold_gain":0.0,"event_name":"The Cleric","player_choice":"Leave","floor":3.0,"gold_loss":0.0,"damage_taken":0.0},{"damage_healed":0.0,"max_hp_gain":0.0,"max_hp_loss":0.0,"gold_gain":99.0,"event_name":"Nest","player_choice":"Stole From Cult","floor":21.0,"gold_loss":0.0,"damage_taken":0.0},{"damage_healed":0.0,"max_hp_gain":0.0,"max_hp_loss":0.0,"gold_gain":0.0,"event_name":"Addict","player_choice":"Stole Relic","floor":31.0,"gold_loss":0.0,"damage_taken":0.0,"relics_obtained":["Potion Belt"],"cards_obtained":["Shame"]},{"cards_removed":["Caltrops"],"damage_healed":0.0,"max_hp_gain":0.0,"max_hp_loss":0.0,"gold_gain":0.0,"event_name":"Falling","player_choice":"Removed Power","floor":37.0,"gold_loss":0.0,"damage_taken":0.0},{"damage_healed":0.0,"max_hp_gain":0.0,"max_hp_loss":0.0,"gold_gain":0.0,"event_name":"SecretPortal","player_choice":"Ignored","floor":38.0,"gold_loss":0.0,"damage_taken":0.0},{"damage_healed":0.0,"max_hp_gain":0.0,"max_hp_loss":0.0,"gold_gain":0.0,"event_name":"Mysterious Sphere","player_choice":"Ignored","floor":45.0,"gold_loss":0.0,"damage_taken":0.0},{"damage_healed":0.0,"max_hp_gain":0.0,"max_hp_loss":0.0,"gold_gain":0.0,"event_name":"MindBloom","player_choice":"Fight","floor":46.0,"gold_loss":0.0,"damage_taken":0.0},{"damage_healed":0.0,"max_hp_gain":0.0,"max_hp_loss":0.0,"gold_gain":0.0,"event_name":"Tomb of Lord Red Mask","player_choice":"Paid","floor":48.0,"gold_loss":286.0,"damage_taken":0.0,"relics_obtained":["Red Mask"]}],"is_beta":false,"boss_relics":[{"not_picked":["Snecko Eye","Ectoplasm"],"picked":"SlaversCollar"},{"not_picked":["Astrolabe","Busted Crown"],"picked":"Philosopher\u0027s Stone"}],"items_purged_floors":[],"is_endless":false,"potions_floor_spawned":[1,2,7,14,27,30,36,39,46],"ascension_level":0}}