{"host":"a5lz0e76zb3fcwkm","time":1609863226,"event":{"mods":["AchievementEnabler","BaseMod","Colored Map","Colored Powertips","Minty Spire (QoL Compilation)","StSLib","SuperFastMode"],"gold_per_floor":[369,382,106,116,135,135,161,161,161,191,191,204,218,236,236,310,310,322,322,322],"floor_reached":19,"playtime":399,"items_purged":["Strike_R"],"score":342,"play_id":"ecebc1f3-2328-4728-9b37-ea8b2adb759b","local_time":"20210106011346","is_ascension_mode":true,"campfire_choices":[{"data":"Inflame","floor":6.0,"key":"SMITH"},{"data":"Sword Boomerang","floor":11,"key":"SMITH"},{"data":"Barricade","floor":15,"key":"SMITH"}],"circlet_count":0,"master_deck":["AscendersBane","Strike_R","Strike_R","Strike_R","Strike_R","Defend_R","Defend_R","Defend_R","Defend_R","Bash","Carnage","Pommel Strike","Inflame+1","Sword Boomerang+1","Shrug It Off","Anger","Barricade+1","Feel No Pain","Feed","Body Slam"],"relics":["Burning Blood","Medical Kit","Self Forming Clay","StrikeDummy","Runic Cube"],"acts_visited":["Exordium","TheCity"],"potions_floor_usage":[14,16],"damage_taken":[{"damage":13.0,"enemies":"Small Slimes","floor":1.0,"turns":5.0},{"damage":1.0,"enemies":"Cultist","floor":2.0,"turns":3.0},{"damage":0.0,"enemies":"2 Louse","floor":4.0,"turns":1.0},{"damage":23.0,"enemies":"Lots of Slimes","floor":5.0,"turns":7.0},{"damage":20.0,"enemies":"Lagavulin","floor":7.0,"turns":4.0},{"damage":13,"enemies":"Gremlin Gang","floor":12,"turns":5},{"damage":16,"enemies":"Exordium Wildlife","floor":13,"turns":4},{"damage":2,"enemies":"Lots of Slimes","floor":14,"turns":4},{"damage":10,"enemies":"Slime Boss","floor":16,"turns":10},{"damage":27,"enemies":"Shell Parasite","floor":18,"turns":4},{"damage":0,"enemies":"2 Thieves","floor":19,"turns":1}],"seed_played":"-1962706822033699726","potions_obtained":[{"floor":1.0,"key":"FearPotion"},{"floor":2.0,"key":"Explosive Potion"},{"floor":13,"key":"EssenceOfSteel"},{"floor":14,"key":"DuplicationPotion"}],"is_trial":false,"path_per_floor":["M","M","$","M","M","R","E","?","T","?","R","M","M","M","R","B",null,"M","M"],"character_chosen":"IRONCLAD","items_purchased":["Inflame","Medical Kit"],"campfire_rested":0,"item_purchase_floors":[3,3],"current_hp_per_floor":[43,48,48,54,37,37,23,28,28,28,28,21,11,15,15,11,63,42,42,42],"gold":322,"neow_bonus":"TWO_FIFTY_GOLD","is_daily":false,"chose_seed":false,"campfire_upgraded":3,"win_rate":0.0,"timestamp":1609863226,"path_taken":["M","M","$","M","M","R","E","?","T","?","R","M","M","M","R","BOSS","M","M"],"items_purchased_type":["Card","Relic"],"build_version":"2020-12-22","purchased_purges":1,"victory":false,"max_hp_per_floor":[75,75,75,75,75,75,75,80,80,80,80,80,80,80,80,80,80,80,80,80],"card_choices":[{"not_picked":["Pummel","Shockwave"],"picked":"Carnage","floor":1.0},{"not_picked":["Armaments","Headbutt"],"picked":"Pommel Strike","floor":2.0},{"not_picked":["Clash","Anger"],"picked":"Sword Boomerang","floor":4.0},{"not_picked":["Bloodletting","Armaments"],"picked":"Shrug It Off","floor":5.0},{"not_picked":["Clash","Sentinel","Sword Boomerang"],"picked":"SKIP","floor":7.0},{"not_picked":["Warcry","Flex"],"picked":"Anger","floor":12},{"not_picked":["Twin Strike","Flex"],"picked":"Barricade","floor":13},{"not_picked":["Flex","Bloodletting"],"picked":"Feel No Pain","floor":14},{"not_picked":["Double Tap","Berserk"],"picked":"Feed","floor":16},{"not_picked":["Thunderclap","Wild Strike+1"],"picked":"Body Slam","floor":18}],"player_experience":1673005,"relics_obtained":[{"floor":7.0,"key":"Self Forming Clay"},{"floor":9.0,"key":"StrikeDummy"}],"event_choices":[{"damage_healed":0.0,"max_hp_gain":5.0,"max_hp_loss":0.0,"gold_gain":0.0,"event_name":"Big Fish","player_choice":"Donut","floor":8.0,"gold_loss":0.0,"damage_taken":0.0},{"damage_healed":0,"gold_gain":30,"player_choice":"Searched \u00271\u0027 times","damage_taken":0,"max_hp_gain":0,"max_hp_loss":0,"event_name":"Dead Adventurer","floor":10,"gold_loss":0}],"is_beta":false,"boss_relics":[{"not_picked":["Velvet Choker","Calling Bell"],"picked":"Runic Cube"}],"items_purged_floors":[3],"is_endless":false,"potions_floor_spawned":[1,2,13,14],"killed_by":"2 Thieves","ascension_level":20}}