{"host":"9l1knhxfturzliqa","time":1609842981,"event":{"mods":["BaseMod","Colored Map","Colored Powertips","DeckTracker","Highlight Path","Keyboard Shortcuts","Minty Spire (QoL Compilation)","Random Character Button"],"gold_per_floor":[115,115,126,142,152,152,186,186,186,217,229,229,229,179,179,281,281,294,31,43,43,43,68,68,103,128,128,141,2,2,2],"floor_reached":30,"playtime":6162,"items_purged":["Strike_G"],"score":406,"play_id":"a9deb6d7-f713-4ff2-a2ef-60b33473e56b","local_time":"20210105193621","is_ascension_mode":true,"campfire_choices":[{"floor":6.0,"key":"REST"},{"floor":8.0,"key":"REST"},{"floor":12.0,"key":"REST"},{"floor":15.0,"key":"REST"},{"data":"Adrenaline","floor":24.0,"key":"SMITH"},{"data":"Chrysalis","floor":27.0,"key":"SMITH"}],"circlet_count":0,"master_deck":["Strike_G+1","Strike_G+1","Strike_G+1","Defend_G+1","Defend_G+1","Defend_G+1","Defend_G+1","Survivor","Neutralize","Chrysalis+1","Well Laid Plans","Deadly Poison","Tactician","A Thousand Cuts","Poisoned Stab","Night Terror+1","Noxious Fumes","Blur+1","Adrenaline+1","Prepared","Caltrops"],"relics":["Ring of the Snake","Boot","StrikeDummy","Dead Branch","FossilizedHelix","Coffee Dripper","TwistedFunnel","Anchor","Toy Ornithopter","Centennial Puzzle"],"acts_visited":["Exordium","TheCity"],"potions_floor_usage":[],"damage_taken":[{"damage":9.0,"enemies":"Small Slimes","floor":1.0,"turns":5.0},{"damage":6.0,"enemies":"2 Louse","floor":3.0,"turns":5.0},{"damage":12.0,"enemies":"Jaw Worm","floor":4.0,"turns":8.0},{"damage":18.0,"enemies":"Exordium Thugs","floor":5.0,"turns":11.0},{"damage":28.0,"enemies":"3 Sentries","floor":7.0,"turns":11.0},{"damage":5.0,"enemies":"Lagavulin","floor":10.0,"turns":9.0},{"damage":8.0,"enemies":"3 Louse","floor":11.0,"turns":4.0},{"damage":26.0,"enemies":"The Guardian","floor":16.0,"turns":13.0},{"damage":0.0,"enemies":"3 Byrds","floor":18.0,"turns":4.0},{"damage":7.0,"enemies":"Shell Parasite","floor":20.0,"turns":4.0},{"damage":30.0,"enemies":"Slavers","floor":23.0,"turns":7.0},{"damage":0.0,"enemies":"Gremlin Leader","floor":25.0,"turns":6.0},{"damage":0,"enemies":"Snecko","floor":28,"turns":5}],"seed_played":"-8579843232277942617","potions_obtained":[{"floor":3.0,"key":"Poison Potion"},{"floor":4.0,"key":"ColorlessPotion"},{"floor":7.0,"key":"Weak Potion"},{"floor":10.0,"key":"ColorlessPotion"},{"floor":20.0,"key":"Strength Potion"}],"is_trial":false,"path_per_floor":["M","?","M","M","M","R","E","R","T","E","M","R","?","?","R","B",null,"M","$","M","?","?","E","R","E","T","R","M","$","?"],"character_chosen":"THE_SILENT","items_purchased":["TwistedFunnel","Noxious Fumes","Block Potion","Energy Potion","Caltrops"],"campfire_rested":4,"item_purchase_floors":[19,19,29,29,29],"current_hp_per_floor":[54,47,41,29,11,29,1,19,19,14,6,24,12,12,30,4,48,48,48,41,41,41,11,11,11,11,11,11,11,0,0],"gold":2,"neow_bonus":"RANDOM_COLORLESS_2","is_daily":false,"chose_seed":false,"campfire_upgraded":2,"win_rate":0.0,"timestamp":1609842981,"path_taken":["M","?","M","M","M","R","E","R","T","E","M","R","?","?","R","BOSS","M","$","M","?","?","E","R","E","T","R","?","$","?"],"items_purchased_type":["Relic","Card","Potion","Potion","Card"],"build_version":"2020-12-22","purchased_purges":1,"victory":false,"max_hp_per_floor":[63,63,63,63,63,63,63,63,63,63,63,63,63,63,63,63,63,63,63,63,63,63,63,63,63,63,63,63,63,63,63],"card_choices":[{"not_picked":["Panache","Magnetism"],"picked":"Chrysalis","floor":0.0},{"not_picked":["All Out Attack","Slice"],"picked":"Well Laid Plans","floor":1.0},{"not_picked":["Heel Hook","Predator","Dodge and Roll"],"picked":"SKIP","floor":3.0},{"not_picked":["Quick Slash","Caltrops","Dodge and Roll"],"picked":"SKIP","floor":4.0},{"not_picked":["Finisher","Dagger Spray"],"picked":"Deadly Poison","floor":5.0},{"not_picked":["Reflex","Slice"],"picked":"Tactician","floor":7.0},{"not_picked":["Predator","Dagger Throw"],"picked":"A Thousand Cuts","floor":10.0},{"not_picked":["All Out Attack","Sucker Punch"],"picked":"Poisoned Stab","floor":11.0},{"not_picked":["After Image","Storm of Steel"],"picked":"Night Terror","floor":16.0},{"not_picked":["Flying Knee","Sucker Punch","Masterful Stab"],"picked":"SKIP","floor":18.0},{"not_picked":["Outmaneuver","Bane"],"picked":"Blur+1","floor":20.0},{"not_picked":["Quick Slash","Deadly Poison"],"picked":"Adrenaline","floor":23.0},{"not_picked":["Slice","Quick Slash+1","Dagger Spray"],"picked":"SKIP","floor":25.0},{"not_picked":["Bane","Deflect"],"picked":"Prepared","floor":28}],"player_experience":327941,"relics_obtained":[{"floor":7.0,"key":"Boot"},{"floor":9.0,"key":"StrikeDummy"},{"floor":10.0,"key":"Dead Branch"},{"floor":23.0,"key":"Anchor"},{"floor":25.0,"key":"Toy Ornithopter"},{"floor":26.0,"key":"Centennial Puzzle"}],"event_choices":[{"cards_removed":["Strike_G"],"damage_healed":0.0,"max_hp_gain":0.0,"max_hp_loss":0.0,"gold_gain":0.0,"event_name":"Golden Wing","player_choice":"Card Removal","floor":2.0,"gold_loss":0.0,"damage_taken":7.0},{"damage_healed":0.0,"max_hp_gain":0.0,"max_hp_loss":0.0,"gold_gain":0.0,"event_name":"Scrap Ooze","player_choice":"Success","floor":13.0,"gold_loss":0.0,"damage_taken":12.0,"relics_obtained":["FossilizedHelix"]},{"cards_removed":["Defend_G"],"damage_healed":0.0,"max_hp_gain":0.0,"max_hp_loss":0.0,"gold_gain":0.0,"event_name":"The Cleric","player_choice":"Card Removal","floor":14.0,"gold_loss":50.0,"damage_taken":0.0},{"damage_healed":0.0,"max_hp_gain":0.0,"max_hp_loss":0.0,"gold_gain":0.0,"event_name":"Back to Basics","player_choice":"Simplicity","floor":21.0,"gold_loss":0.0,"damage_taken":0.0,"cards_upgraded":["Strike_G","Strike_G","Strike_G","Defend_G","Defend_G","Defend_G","Defend_G"]},{"damage_healed":0.0,"max_hp_gain":0.0,"max_hp_loss":0.0,"gold_gain":0.0,"event_name":"Accursed Blacksmith","player_choice":"Forge","floor":22.0,"gold_loss":0.0,"damage_taken":0.0,"cards_upgraded":["Night Terror"]},{"damage_healed":0,"gold_gain":0,"player_choice":"Obtained Book","damage_taken":16,"max_hp_gain":0,"max_hp_loss":0,"event_name":"Cursed Tome","floor":30,"gold_loss":0}],"is_beta":false,"boss_relics":[{"not_picked":["Velvet Choker","Cursed Key"],"picked":"Coffee Dripper"}],"items_purged_floors":[19],"is_endless":false,"potions_floor_spawned":[3,4,7,10,20],"ascension_level":7}}