{"host":"uceopoba4zvqsgiy","time":1609823876,"event":{"mods":["Act Like it!","BaseMod","Better Skull","Better Third Choice","Elementarium","Evolution","GifTheSpireLib","Hermit","Humility","Infinite Spire","Jorbs\u0027s Wanderer Trilogy","Marked Mod","Minty Spire (QoL Compilation)","Potionbrewer","Replay The Spire","Robot Space Explorer","Shade Mod","Spicy Shops","StSLib","Stuff the Spire","The Blue Laboratory","The Caster","The Cursed","The Dragon Tamer","The Hierophant","The Judge","The Jungle","Wandering Minibosses"],"gold_per_floor":[119,51,65,83,97,97,97],"floor_reached":6,"playtime":886,"items_purged":[],"score":49,"play_id":"367ae85c-041f-4366-8bae-5e0c2a7df9a9","local_time":"20210105154756","is_ascension_mode":true,"campfire_choices":[],"circlet_count":0,"master_deck":["Strike_G","Strike_G","Strike_G","Strike_G","Strike_G","Defend_G","Defend_G","Defend_G","Defend_G","Defend_G","Survivor","Neutralize","potionbrewer:Collect","Strike_G","ReplayTheSpireMod:Scrap Shanks","Footwork","Blade Dance"],"relics":["Ring of the Snake","EVO:Axolotl"],"acts_visited":["Exordium"],"potions_floor_usage":[3,4,6],"damage_taken":[{"damage":2,"enemies":"Cultist","floor":1,"turns":4},{"damage":3,"enemies":"Jaw Worm","floor":3,"turns":5},{"damage":9,"enemies":"2 Louse","floor":4,"turns":5},{"damage":7,"enemies":"2 Fungi Beasts","floor":5,"turns":4},{"damage":59,"enemies":"3 Sentries","floor":6,"turns":7}],"seed_played":"5903283697115422148","potions_obtained":[{"floor":1,"key":"potionbrewer:DiscountPotion"}],"is_trial":false,"path_per_floor":["M","$","M","M","M","E"],"character_chosen":"THE_SILENT","items_purchased":["ReplayTheSpireMod:Scrap Shanks"],"campfire_rested":0,"item_purchase_floors":[2],"current_hp_per_floor":[75,75,72,63,56,0,0],"gold":97,"neow_bonus":"TWENTY_PERCENT_HP_BONUS","is_daily":false,"chose_seed":false,"campfire_upgraded":0,"win_rate":0.0,"timestamp":1609823876,"path_taken":["M","$","M","M","?","E"],"items_purchased_type":["Card"],"build_version":"2020-12-22","purchased_purges":0,"victory":false,"max_hp_per_floor":[84,84,84,84,84,84,84],"card_choices":[{"not_picked":["Flying Knee","Dagger Throw","StuffTheSpire:BumpUp"],"picked":"SKIP","floor":1},{"not_picked":["Hidden Blade","Backflip"],"picked":"Footwork","floor":3},{"not_picked":["Sucker Punch","Acrobatics"],"picked":"Blade Dance","floor":4},{"not_picked":["StuffTheSpire:Fury","Bane","StuffTheSpire:Python"],"picked":"SKIP","floor":5}],"player_experience":1583405,"relics_obtained":[],"event_choices":[],"is_beta":false,"boss_relics":[],"items_purged_floors":[],"is_endless":false,"potions_floor_spawned":[1],"killed_by":"3 Sentries","ascension_level":6}}