{"host":"02uosbn8hju1jzqf","time":1609814396,"event":{"mods":["ATMod(??Mod)","Act Like it!","Arknights The Spire","BaseMod","Colored Powertips","Defective Defect","GifTheSpireLib","Koishi","Marisa????????","Minty Spire (QoL Compilation)","Reimu??????","Remilia??????","StSLib","The Awakened One except there are too many feathers","The Bug Knight","The Poker Player","The Servant 0.9.4","Yakumo Yukari mod","everything is the same but u backflip on backflip","??????REMEMod"],"gold_per_floor":[116,135,150,120,163,197,197,197,273,273,273,273,73,84,84,189,189,204,204,204,218,5,37,54,72,122,122,122,140,174,217,217,314,364,384,384,402,81,92,155,155,174,198,233,283,301,319,330,330,330,330,330,10,93,118],"floor_reached":56,"playtime":6798,"items_purged":["TransientEternity"],"score":1326,"play_id":"42311f83-0e41-4a9b-8137-9ef73b327fd7","local_time":"20210104183956","is_ascension_mode":false,"campfire_choices":[{"data":"ScarletImprint","floor":11.0,"key":"SMITH"},{"data":"UnstableMagic","floor":15.0,"key":"SMITH"},{"data":"EternalNight","floor":27,"key":"SMITH"},{"data":"FitfulNightmare","floor":32,"key":"SMITH"},{"data":"EmergencyRegeneration","floor":41,"key":"SMITH"},{"floor":49,"key":"RECALL"},{"data":"BloodAndWine","floor":52,"key":"SMITH"}],"circlet_count":0,"master_deck":["Strike_RM","Defend_RM","Defend_RM","Defend_RM","Defend_RM","RedMoon+1","ScarletShoot+1","ScarletDevil","ReincarnationDial","ScarletImprint+1","DiffusionOfMisfortune","ScarletSymphony","UnstableMagic+1","VampirishNight","EndlessAdversity+1","ScarletGensokyo","EmergencyRegeneration+1","KillingBlow+1","EternalNight+1","UnstableMagic","RedRainbow","FitfulNightmare+1","BloodAndWine+1","BlasphemousPunishment+1","Stigmanizer+1","MillenniumVampire","ScarletImprint+1","Parasite","TricksterDevil","VampireFantasy+1"],"relics":["ScarletHat","REME_ComplimentaryCards","AT_ATBox","Torii","AT_SunfireAegis","RedBat","TentaclePot:ReiMu","AT_TrinityForce","Nilry\u0027s Codex","Meat on the Bone","Whetstone","AT_RabadonDeathcap","White Beast Statue","Tiny House","AT_ForceNature","Lizard Tail","Strawberry","Bird Faced Urn","Membership Card","AT_MibuBalloonWealth","Bottled Tornado"],"acts_visited":["Exordium","TheCity","TheBeyond","TheEnding"],"potions_floor_usage":[31,40,48,55,55,55],"damage_taken":[{"damage":0.0,"enemies":"Small Slimes","floor":1.0,"turns":3.0},{"damage":0.0,"enemies":"Cultist","floor":2.0,"turns":4.0},{"damage":1.0,"enemies":"Jaw Worm","floor":3.0,"turns":5.0},{"damage":3.0,"enemies":"Large Slime","floor":5.0,"turns":8.0},{"damage":17.0,"enemies":"3 Sentries","floor":6.0,"turns":12.0},{"damage":1.0,"enemies":"3 Louse","floor":14.0,"turns":2.0},{"damage":12.0,"enemies":"Slime Boss","floor":16.0,"turns":7.0},{"damage":0,"enemies":"2 Thieves","floor":18,"turns":3},{"damage":0,"enemies":"Chosen","floor":21,"turns":2},{"damage":11,"enemies":"Gremlin Leader","floor":23,"turns":4},{"damage":0,"enemies":"Snake Plant","floor":24,"turns":1},{"damage":14,"enemies":"Shelled Parasite and Fungi","floor":25,"turns":2},{"damage":14,"enemies":"3 Cultists","floor":29,"turns":2},{"damage":8,"enemies":"Book of Stabbing","floor":30,"turns":3},{"damage":0,"enemies":"Centurion and Healer","floor":31,"turns":2},{"damage":8,"enemies":"Champ","floor":33,"turns":6},{"damage":1,"enemies":"Orb Walker","floor":35,"turns":2},{"damage":0,"enemies":"3 Shapes","floor":37,"turns":2},{"damage":1,"enemies":"3 Darklings","floor":39,"turns":3},{"damage":34,"enemies":"Nemesis","floor":40,"turns":5},{"damage":5,"enemies":"Writhing Mass","floor":42,"turns":2},{"damage":12,"enemies":"Giant Head","floor":44,"turns":4},{"damage":41,"enemies":"Mind Bloom Boss Battle","floor":45,"turns":5},{"damage":14,"enemies":"Jaw Worm Horde","floor":46,"turns":3},{"damage":1,"enemies":"Sphere and 2 Shapes","floor":47,"turns":5},{"damage":26,"enemies":"Writhing Mass","floor":48,"turns":6},{"damage":116,"enemies":"Time Eater","floor":50,"turns":7},{"damage":68,"enemies":"Shield and Spear","floor":54,"turns":5},{"damage":76,"enemies":"The Heart","floor":55,"turns":6}],"seed_played":"2328494254992098364","potions_obtained":[{"floor":1.0,"key":"SneckoOil"},{"floor":2.0,"key":"Swift Potion"},{"floor":4.0,"key":"REME_GoldPotion"},{"floor":4.0,"key":"Weak Potion"},{"floor":5.0,"key":"PowerPotion"},{"floor":21,"key":"REME_GoldPotion"},{"floor":29,"key":"DuplicationPotion"},{"floor":31,"key":"BlessingOfTheForge"},{"floor":33,"key":"REME_GoldPotion"},{"floor":40,"key":"EssenceOfSteel"},{"floor":44,"key":"CultistPotion"},{"floor":48,"key":"Fruit Juice"},{"floor":54,"key":"GrandPatriotsElixir:ReiMu"}],"is_trial":false,"path_per_floor":["M","M","M","?","M","E","?","?","T","?","R","?","$","M","R","B",null,"M","?","?","M","$","E","M","M","T","R","T","M","E","M","R","B",null,"M","?","M","$","M","E","R","M","T","E","?","M","M","M","R","B",null,"R","$","E","B",null],"character_chosen":"REMILIA","items_purchased":["UnstableMagic","TentaclePot:ReiMu","KillingBlow","AT_ForceNature","BloodAndWine","Membership Card","AT_MibuBalloonWealth","TricksterDevil","Weak Potion"],"campfire_rested":0,"item_purchase_floors":[13,13,22,38,38,53,53,53,53],"current_hp_per_floor":[82,82,81,81,78,63,68,68,68,68,68,68,68,68,68,68,87,87,87,71,71,71,82,85,73,73,73,73,79,82,87,87,87,92,92,102,102,102,102,81,81,92,92,109,79,104,108,91,91,90,114,114,114,107,93],"gold":118,"neow_bonus":"TEN_PERCENT_HP_BONUS","is_daily":false,"chose_seed":false,"campfire_upgraded":6,"win_rate":0.0,"timestamp":1609814396,"path_taken":["M","M","M","?","?","E","?","?","T","?","R","?","$","M","R","BOSS","M","?","?","M","$","E","M","?","T","R","?","M","E","M","R","BOSS","M","?","M","?","M","E","R","M","T","E","?","?","M","M","R","BOSS","R","$","E","BOSS"],"items_purchased_type":["Card","Relic","Card","Relic","Card","Relic","Relic","Card","Potion"],"build_version":"2020-12-22","purchased_purges":1,"victory":true,"max_hp_per_floor":[82,82,82,82,82,82,87,87,87,87,87,87,87,87,87,87,87,87,87,87,87,87,87,87,87,87,87,87,87,87,87,87,87,92,92,102,102,102,102,102,102,102,102,109,109,109,109,114,114,114,114,114,114,114,114],"card_choices":[{"not_picked":["EndlessAdversity","BloodHunter"],"picked":"ScarletDevil","floor":1.0},{"not_picked":["BombardNight","MastersStateliness"],"picked":"ReincarnationDial","floor":2.0},{"not_picked":["ScarletDevil","SuperhumanBloodyKnife"],"picked":"ScarletImprint","floor":3.0},{"not_picked":["TwelveNightmare","ScarletDevil","EquivalentExchange"],"picked":"SKIP","floor":5.0},{"not_picked":["HeartBreak","BloodHunter"],"picked":"DiffusionOfMisfortune","floor":6.0},{"not_picked":["VampireKiss","StarOfDavid"],"picked":"VampirishNight","floor":14.0},{"not_picked":["StarOfDavid","BombardNight"],"picked":"EndlessAdversity+1","floor":18},{"not_picked":["MastersStateliness","ScarletDream"],"picked":"EmergencyRegeneration","floor":21},{"not_picked":["BloodAndWine","FitfulNightmare"],"picked":"EternalNight","floor":23},{"not_picked":["ScarletDevil","CurseOfVladTepes"],"picked":"UnstableMagic","floor":24},{"not_picked":["RedMagic","TwelveNightmare+1","SuperhumanBloodyKnife+1"],"picked":"SKIP","floor":25},{"not_picked":["ScarletNetherworld","ScarletGensokyo+1"],"picked":"RedRainbow","floor":29},{"not_picked":["BloodHunter","CharismaGuard","VampireSweep"],"picked":"SKIP","floor":30},{"not_picked":["ScarletImprint","VampireFantasy"],"picked":"FitfulNightmare","floor":31},{"not_picked":["BloodyHallows","HeartBreak"],"picked":"HellCatastrophe","floor":33},{"not_picked":["EndlessAdversity","CharismaGuard+1","ScarletNetherworld"],"picked":"SKIP","floor":35},{"not_picked":["Stigmanizer+1","ScarletCoffin","Maim+1"],"picked":"SKIP","floor":37},{"not_picked":["ScarletDevil","UltimateOffering+1","BloodyTrap"],"picked":"SKIP","floor":39},{"not_picked":["MiserableFate","FitfulNightmare+1"],"picked":"BlasphemousPunishment+1","floor":40},{"not_picked":["VampireKiss+1","ScarletGensokyo"],"picked":"Stigmanizer+1","floor":42},{"not_picked":["ScarletSymphony","ScarletDream","VampireClaw+1"],"picked":"SKIP","floor":44},{"not_picked":["BloodyTrap","BombardNight+1"],"picked":"MillenniumVampire","floor":46},{"not_picked":["VampireKiss","FavorOfDestiny"],"picked":"ScarletImprint+1","floor":47},{"not_picked":["VampireClaw","BombardNight","UltimateOffering+1"],"picked":"SKIP","floor":48},{"not_picked":["BloodySeventeenLaser","VampireSweep"],"picked":"VampireFantasy+1","floor":54}],"player_experience":135643,"relics_obtained":[{"floor":6.0,"key":"Torii"},{"floor":9.0,"key":"RedBat"},{"floor":20,"key":"Nilry\u0027s Codex"},{"floor":23,"key":"Meat on the Bone"},{"floor":26,"key":"Whetstone"},{"floor":28,"key":"AT_RabadonDeathcap"},{"floor":30,"key":"White Beast Statue"},{"floor":40,"key":"Lizard Tail"},{"floor":44,"key":"Strawberry"},{"floor":45,"key":"Bird Faced Urn"},{"floor":54,"key":"Bottled Tornado"}],"event_choices":[{"damage_healed":0.0,"max_hp_gain":0.0,"max_hp_loss":0.0,"gold_gain":0.0,"event_name":"The Woman in Blue","player_choice":"Bought 2 Potions","floor":4.0,"gold_loss":0.0,"damage_taken":0.0},{"damage_healed":0.0,"max_hp_gain":5.0,"max_hp_loss":0.0,"gold_gain":0.0,"event_name":"Big Fish","player_choice":"Donut","floor":7.0,"gold_loss":0.0,"damage_taken":0.0},{"damage_healed":0.0,"max_hp_gain":0.0,"max_hp_loss":0.0,"gold_gain":0.0,"event_name":"Dead Adventurer","player_choice":"Searched \u00272\u0027 times","floor":8.0,"gold_loss":0.0,"damage_taken":0.0,"relics_obtained":["AT_SunfireAegis"]},{"damage_healed":0.0,"max_hp_gain":0.0,"max_hp_loss":0.0,"gold_gain":0.0,"event_name":"Liars Game","player_choice":"Ignored","floor":10.0,"gold_loss":0.0,"damage_taken":0.0},{"damage_healed":0.0,"max_hp_gain":0.0,"max_hp_loss":0.0,"gold_gain":0.0,"cards_transformed":["Strike_RM"],"event_name":"Transmorgrifier","player_choice":"Transformed","floor":12.0,"gold_loss":0.0,"damage_taken":0.0,"cards_obtained":["ScarletSymphony"]},{"damage_healed":0,"gold_gain":0,"cards_transformed":["Strike_RM","Strike_RM"],"player_choice":"Became Test Subject","damage_taken":0,"max_hp_gain":0,"max_hp_loss":0,"event_name":"Drug Dealer","floor":19,"gold_loss":0,"cards_obtained":["TransientEternity","ScarletGensokyo"]},{"damage_healed":0,"gold_gain":0,"player_choice":"Obtained Book","damage_taken":16,"max_hp_gain":0,"max_hp_loss":0,"event_name":"Cursed Tome","floor":20,"gold_loss":0},{"cards_removed":["HellCatastrophe"],"damage_healed":0,"gold_gain":0,"player_choice":"Offered Rare","damage_taken":0,"max_hp_gain":10,"max_hp_loss":0,"event_name":"Bonfire Elementals","floor":36,"gold_loss":0},{"damage_healed":0,"gold_gain":0,"player_choice":"Fight","damage_taken":0,"max_hp_gain":0,"max_hp_loss":0,"event_name":"MindBloom","floor":45,"gold_loss":0}],"is_beta":false,"boss_relics":[{"not_picked":["REME_DemonsWealth","Coffee Dripper"],"picked":"AT_TrinityForce"},{"not_picked":["Calling Bell","SlaversCollar"],"picked":"Tiny House"}],"items_purged_floors":[22],"is_endless":false,"potions_floor_spawned":[1,2,5,16,21,23,25,29,30,31,33,35,37,39,40,42,44,45,46,47,48,54],"ascension_level":0}}