{"host":"gsmj583br51y3r1c","time":1609858239,"event":{"mods":["AchievementEnabler","BaseMod","Better Note","Colored Map","Downfall","Hermit","Highlight Path","Hubris","Infinite Spire","Koishi","Marisa????????","Minty Spire (QoL Compilation)","Permanent Neow","Quick Restart","Shade Mod","StSLib","Td1madao Mod","The Bug Knight","The Cursed","The Disciple","The Elementalist","The Marked","The Mystic","The Runesmith","The Servant 0.9.4","everything is the same but u backflip on backflip"],"gold_per_floor":[113,113,139,139,106,117,130,130,130,130,130,130,142,158,158,259,259,249,249,449,449,165,165,184,184,209,209,241,181,193,210,210,314,314,324,340,358,358,358],"floor_reached":38,"playtime":4040,"items_purged":["Regret","hermit:Strike_Hermit"],"score":409,"play_id":"c73e0f00-f56e-4c95-9300-0dbc619bbca5","local_time":"20210105165039","is_ascension_mode":false,"campfire_choices":[{"data":"1","floor":8,"key":"LIFT"},{"data":"2","floor":10,"key":"LIFT"},{"data":"hermit:Manifest","floor":15,"key":"SMITH"},{"data":"hermit:Manifest","floor":23,"key":"SMITH"},{"data":"3","floor":25,"key":"LIFT"},{"data":"hermit:OverwhelmingPower","floor":32,"key":"SMITH"}],"circlet_count":0,"master_deck":["hermit:Strike_Hermit","hermit:Defend_Hermit+1","hermit:Defend_Hermit+1","hermit:Defend_Hermit","hermit:Snapshot","hermit:Covet","hermit:Misfire","hermit:Horror","hermit:LowProfile","hermit:Manifest+1","hermit:Headshot","hermit:Manifest+1","hermit:PistolWhip","hermit:OverwhelmingPower+1","hermit:Determination","hermit:Glare","hermit:CalledShot","hermit:Spite","hermit:Feint","hermit:Horror","hermit:GoldenBullet","hermit:Quickdraw+1","hermit:FatalDesire","hermit:EyeOfTheStorm","hermit:Horror","hermit:Manifest+1"],"relics":["hermit:Momento","Girya","Dream Catcher","MealTicket","Eternal Feather","SlaversCollar","infinitespire:Magic Flask","Philosopher\u0027s Stone","Lantern","Blood Vial","hubris:SphereOfDissonance","Empty Cage"],"acts_visited":["Exordium","TheCity","TheBeyond"],"potions_floor_usage":[16,18,28,30,33],"damage_taken":[{"damage":1,"enemies":"Jaw Worm","floor":1,"turns":3},{"damage":6,"enemies":"2 Louse","floor":6,"turns":3},{"damage":0,"enemies":"Small Slimes","floor":7,"turns":2},{"damage":5,"enemies":"2 Fungi Beasts","floor":13,"turns":3},{"damage":7,"enemies":"3 Louse","floor":14,"turns":3},{"damage":37,"enemies":"Slime Boss","floor":16,"turns":12},{"damage":0,"enemies":"2 Thieves","floor":18,"turns":4},{"damage":4,"enemies":"Chosen","floor":24,"turns":3},{"damage":8,"enemies":"HollowMod:Nosk","floor":28,"turns":4},{"damage":2,"enemies":"Shelled Parasite and Fungi","floor":30,"turns":3},{"damage":8,"enemies":"Sentry and Sphere","floor":31,"turns":4},{"damage":36,"enemies":"Champ","floor":33,"turns":9},{"damage":3,"enemies":"3 Shapes","floor":35,"turns":4},{"damage":0,"enemies":"Orb Walker","floor":36,"turns":3},{"damage":21,"enemies":"Sphere and 2 Shapes","floor":37,"turns":4},{"damage":21,"enemies":"Writhing Mass","floor":38,"turns":3}],"seed_played":"-1077515132726529547","potions_obtained":[{"floor":6,"key":"hermit:Tonic"},{"floor":13,"key":"FearPotion"},{"floor":14,"key":"Block Potion"},{"floor":24,"key":"AttackPotion"},{"floor":31,"key":"Strength Potion"},{"floor":37,"key":"Guardian:BlockOnCardUsePotion"}],"is_trial":false,"path_per_floor":["M","?","T","?","$","M","M","R","T","R","?","?","M","M","R","B",null,"M","AVR","?","?","$","R","M","R","T","?","E","?","M","M","R","B",null,"M","M","M","M"],"character_chosen":"HERMIT","items_purchased":["hermit:Horror","Lantern","hermit:Glare"],"campfire_rested":0,"item_purchase_floors":[5,22,22],"current_hp_per_floor":[74,74,74,74,75,69,69,69,69,75,60,60,55,48,57,20,75,75,75,75,75,75,75,71,75,75,75,67,67,67,61,73,39,75,72,74,54,35,35],"gold":358,"neow_bonus":"ONE_RARE_RELIC","is_daily":false,"chose_seed":false,"campfire_upgraded":3,"win_rate":0.0,"timestamp":1609858239,"path_taken":["M","?","?","?","$","M","M","R","T","R","?","?","M","M","R","BOSS","M","AVR","?","?","$","R","M","R","T","?","E","?","M","M","R","BOSS","M","M","M","M"],"items_purchased_type":["Card","Relic","Card"],"build_version":"2020-12-22","purchased_purges":2,"victory":false,"max_hp_per_floor":[75,75,75,75,75,75,75,75,75,75,75,75,75,75,75,75,75,75,75,75,75,75,75,75,75,75,75,75,75,75,75,75,75,75,75,75,75,75,75],"card_choices":[{"not_picked":["hermit:FullyLoaded","hermit:ItchyTrigger"],"picked":"hermit:Misfire","floor":1},{"not_picked":["hermit:Vantage","hermit:HighCaliber"],"picked":"hermit:LowProfile","floor":6},{"not_picked":["hermit:OverwhelmingPower","hermit:LowProfile"],"picked":"hermit:Manifest","floor":7},{"not_picked":["hermit:Coalescence","hermit:NoHoldsBarred"],"picked":"hermit:Manifest","floor":13},{"not_picked":["hermit:LuckOfTheDraw","hermit:Malice"],"picked":"hermit:PistolWhip","floor":14},{"not_picked":["hermit:BlackWind","hermit:Reprieve"],"picked":"hermit:OverwhelmingPower","floor":16},{"not_picked":["hermit:ItchyTrigger","hermit:TrackingShot","hermit:BodyArmor"],"picked":"SKIP","floor":18},{"not_picked":["hermit:BodyArmor","hermit:Vantage"],"picked":"hermit:CalledShot","floor":24},{"not_picked":["hermit:Quickdraw+1","hermit:HoleUp+1"],"picked":"hermit:Spite","floor":28},{"not_picked":["hermit:CursedWeapon","hermit:Desperado"],"picked":"hermit:GoldenBullet","floor":30},{"not_picked":["hermit:SprayPray","hermit:BodyArmor+1"],"picked":"hermit:Quickdraw+1","floor":31},{"not_picked":["hermit:Reprieve","hermit:Dissolve"],"picked":"hermit:FatalDesire","floor":33},{"not_picked":["hermit:SprayPray+1","hermit:FullyLoaded+1"],"picked":"hermit:EyeOfTheStorm","floor":35},{"not_picked":["hermit:TrackingShot+1","hermit:CalledShot+1"],"picked":"hermit:Horror","floor":36},{"not_picked":["hermit:Vantage","hermit:WideOpen"],"picked":"hermit:Manifest+1","floor":37}],"player_experience":332737,"relics_obtained":[{"floor":3,"key":"Dream Catcher"},{"floor":9,"key":"Eternal Feather"},{"floor":26,"key":"Blood Vial"},{"floor":28,"key":"hubris:SphereOfDissonance"}],"event_choices":[{"damage_healed":0,"gold_gain":0,"player_choice":"Box","damage_taken":0,"relics_obtained":["MealTicket"],"max_hp_gain":0,"max_hp_loss":0,"event_name":"Big Fish","floor":4,"gold_loss":0,"cards_obtained":["Regret"]},{"damage_healed":0,"gold_gain":0,"player_choice":"Entered Light","damage_taken":15,"max_hp_gain":0,"max_hp_loss":0,"event_name":"Shining Light","floor":11,"gold_loss":0,"cards_upgraded":["hermit:Defend_Hermit","hermit:Defend_Hermit"]},{"damage_healed":0,"gold_gain":200,"player_choice":"Gold","damage_taken":0,"max_hp_gain":0,"max_hp_loss":0,"event_name":"Wheel of Change","floor":20,"gold_loss":0},{"damage_healed":0,"gold_gain":0,"player_choice":"1 cards matched","damage_taken":0,"max_hp_gain":0,"max_hp_loss":0,"event_name":"Match and Keep!","floor":21,"gold_loss":0,"cards_obtained":["hermit:Determination"]},{"cards_removed":["hermit:Strike_Hermit"],"damage_healed":0,"gold_gain":0,"player_choice":"Give","damage_taken":0,"max_hp_gain":0,"max_hp_loss":0,"event_name":"betterNote:BetterNote","floor":27,"gold_loss":0,"cards_obtained":["hermit:Desperado"]},{"damage_healed":0,"gold_gain":0,"cards_transformed":["hermit:Strike_Hermit","hermit:Strike_Hermit"],"player_choice":"Transformed Cards","damage_taken":0,"max_hp_gain":0,"max_hp_loss":0,"event_name":"Designer","floor":29,"gold_loss":60,"cards_obtained":["hermit:Feint","hermit:Horror"]}],"is_beta":false,"boss_relics":[{"not_picked":["Runic Pyramid","hubris:HollowSoul"],"picked":"SlaversCollar"},{"not_picked":["infinitespire:Cupcake","Pandora\u0027s Box"],"picked":"Empty Cage"}],"items_purged_floors":[19,22],"is_endless":false,"potions_floor_spawned":[6,13,14,24,31,37],"killed_by":"Writhing Mass","ascension_level":0}}