{"host":"s6mlqkqtr3ey2mm2","time":1609884735,"event":{"mods":["2.2 Compatiblity","AchievementEnabler","Aspiration","Bard","BaseMod","Beaked The Cultist","Better Note","Better Vampires","BetterRewards","Challenge The Spire","Colored Map","Colored Powertips","Conspire","Curses Come First","Downfall","Emptier Cage","Energized Spire","GifTheSpireLib","GungeonMod","Halation","Hermit","Hubris","Infinite Spire","Ironclad Rager","Marked Mod","Minty Spire (QoL Compilation)","Quick Restart","RatMod","Replay The Spire","Retaliation","Robot Space Explorer","Shade Mod","Somnambulant","Spicy Shops","StSLib","Stuff the Spire","The Blue Laboratory","The Construct","The Druid","The IronCluck","The Mystic","The Necromancer","The Poker Player","The Runesmith","The Valiant","vexMod"],"gold_per_floor":[10,10,27,27,45,45,45],"floor_reached":6,"playtime":240,"items_purged":[],"score":36,"play_id":"2adfa96f-f246-4b16-9b5a-63ae47f1df45","local_time":"20210105171215","is_ascension_mode":false,"campfire_choices":[],"circlet_count":0,"master_deck":["Bash","hubris:Gluttony","Twin Strike","Twin Strike","Twin Strike","Twin Strike","Twin Strike","Iron Wave","Iron Wave","Iron Wave","Iron Wave","Shockwave","DDmod:BurningFumesPowerCard","Clothesline"],"relics":["Burning Blood"],"acts_visited":["Exordium"],"potions_floor_usage":[],"damage_taken":[{"damage":0,"enemies":"Cultist","floor":1,"turns":2},{"damage":8,"enemies":"conspire:RoseBush","floor":3,"turns":2},{"damage":0,"enemies":"Small Slimes","floor":5,"turns":3},{"damage":8,"enemies":"3 Sentries","floor":6,"turns":1}],"seed_played":"8333782924255718442","potions_obtained":[{"floor":1,"key":"GamblersBrew"},{"floor":3,"key":"DDmod:CleansePotion"},{"floor":4,"key":"blueLaboratory:FruitPreserves"}],"is_trial":false,"path_per_floor":["M","$","M","?","M","E"],"character_chosen":"IRONCLAD","items_purchased":[],"campfire_rested":0,"item_purchase_floors":[],"current_hp_per_floor":[57,57,55,55,61,53,53],"gold":45,"neow_bonus":"IRONCLAD_BERSERKER","is_daily":false,"chose_seed":false,"campfire_upgraded":0,"win_rate":0.0,"timestamp":1609884735,"path_taken":["M","$","?","?","?","E"],"items_purchased_type":[],"build_version":"2020-12-22","purchased_purges":0,"victory":false,"max_hp_per_floor":[72,72,72,72,72,72,72],"card_choices":[{"not_picked":["DDmod:PokeAttack","Perfected Strike"],"picked":"Shockwave","floor":1},{"not_picked":["Shrug It Off","Warcry"],"picked":"DDmod:BurningFumesPowerCard","floor":3},{"not_picked":["ReplayTheSpireMod:Limb From Limb","Entrench"],"picked":"Clothesline","floor":5}],"player_experience":59436,"relics_obtained":[],"event_choices":[{"damage_healed":0,"gold_gain":0,"player_choice":"Got Potions","damage_taken":0,"max_hp_gain":0,"max_hp_loss":0,"event_name":"Lab","floor":4,"gold_loss":0}],"is_beta":false,"boss_relics":[],"items_purged_floors":[],"is_endless":false,"potions_floor_spawned":[1,3],"killed_by":"3 Sentries","ascension_level":0}}