{"host":"dmdprxj8bosbz96f","time":1609873779,"event":{"mods":["AchievementEnabler","BaseMod","Colored Map","DeckTracker","Minty Spire (QoL Compilation)","Quick Restart","SuperFastMode","everything is the same but u backflip on backflip"],"gold_per_floor":[164,164,179,195,210,210,240,240,286,461,477,492,492,263,263,366,366,381,296,18,18,18,18,45,56,105,117,117,117],"floor_reached":28,"playtime":841,"items_purged":["Doubt","Defend_R"],"score":276,"play_id":"d666d27d-1570-4d0a-8951-6561e3726e26","local_time":"20210106040939","is_ascension_mode":true,"campfire_choices":[{"floor":6.0,"key":"REST"},{"data":"Entrench","floor":8.0,"key":"SMITH"},{"floor":13.0,"key":"REST"},{"floor":15.0,"key":"REST"},{"data":"Perfected Strike","floor":23.0,"key":"SMITH"}],"circlet_count":0,"master_deck":["Strike_R+1","Strike_R","Strike_R","Strike_R","Strike_R","Defend_R","Defend_R+1","Defend_R","Bash","Wild Strike","Entrench+1","Entrench+1","Twin Strike","Pommel Strike","Perfected Strike","Perfected Strike+1","Immolate","Flex","Pain","Rage+1","Perfected Strike"],"relics":["Tiny House","Potion Belt","Red Skull","Cauldron","Runic Cube","Pantograph","Toolbox","WarpedTongs","Omamori","Strawberry"],"acts_visited":["Exordium","TheCity"],"potions_floor_usage":[],"damage_taken":[{"damage":13.0,"enemies":"2 Louse","floor":1.0,"turns":3.0},{"damage":2.0,"enemies":"Small Slimes","floor":3.0,"turns":3.0},{"damage":13.0,"enemies":"Jaw Worm","floor":4.0,"turns":5.0},{"damage":21.0,"enemies":"3 Louse","floor":5.0,"turns":5.0},{"damage":15.0,"enemies":"2 Fungi Beasts","floor":11.0,"turns":3.0},{"damage":16.0,"enemies":"Lots of Slimes","floor":12.0,"turns":2.0},{"damage":64.0,"enemies":"Slime Boss","floor":16.0,"turns":10.0},{"damage":11.0,"enemies":"Spheric Guardian","floor":18.0,"turns":3.0},{"damage":31.0,"enemies":"Book of Stabbing","floor":24.0,"turns":5.0},{"damage":22.0,"enemies":"2 Thieves","floor":25.0,"turns":2.0},{"damage":24.0,"enemies":"3 Cultists","floor":27.0,"turns":4.0},{"damage":12,"enemies":"Cultist and Chosen","floor":28,"turns":2}],"seed_played":"8497793385272997252","potions_obtained":[{"floor":0.0,"key":"SpeedPotion"},{"floor":3.0,"key":"Energy Potion"},{"floor":5.0,"key":"Explosive Potion"},{"floor":14.0,"key":"Fruit Juice"},{"floor":14.0,"key":"Fruit Juice"},{"floor":14.0,"key":"Energy Potion"},{"floor":14.0,"key":"BlessingOfTheForge"},{"floor":18.0,"key":"Weak Potion"},{"floor":25.0,"key":"CultistPotion"}],"is_trial":false,"path_per_floor":["M","?","M","M","M","R","?","R","T","?","M","M","R","$","R","B",null,"M","?","$","?","$","R","E","M","T","M","M"],"character_chosen":"IRONCLAD","items_purchased":["Cauldron","Flex","Toolbox"],"campfire_rested":3,"item_purchase_floors":[14,20,20],"current_hp_per_floor":[72,55,53,40,19,44,44,44,44,44,29,13,38,38,63,9,95,84,84,84,84,84,84,53,31,38,14,2,2],"gold":117,"neow_bonus":"BOSS_RELIC","is_daily":false,"chose_seed":false,"campfire_upgraded":2,"win_rate":0.0,"timestamp":1609873779,"path_taken":["M","?","M","M","M","R","?","R","T","?","M","M","R","?","R","BOSS","M","?","$","?","$","R","E","M","T","M","?"],"items_purchased_type":["Relic","Card","Relic"],"build_version":"2020-12-22","purchased_purges":2,"victory":false,"max_hp_per_floor":[85,85,85,85,85,85,85,85,85,85,85,85,85,85,85,95,95,95,95,95,95,95,95,95,95,102,102,102,102],"card_choices":[{"not_picked":["Clothesline","Anger"],"picked":"Wild Strike","floor":0.0},{"not_picked":["Headbutt","Uppercut"],"picked":"Entrench","floor":1.0},{"not_picked":["Wild Strike","Warcry"],"picked":"Entrench","floor":3.0},{"not_picked":["Flex","Infernal Blade"],"picked":"Twin Strike","floor":4.0},{"not_picked":["Sentinel","True Grit"],"picked":"Pommel Strike","floor":5.0},{"not_picked":["Infernal Blade","Wild Strike"],"picked":"Perfected Strike","floor":11.0},{"not_picked":["Havoc","Limit Break"],"picked":"Perfected Strike","floor":12.0},{"not_picked":["Bludgeon","Feed"],"picked":"Immolate","floor":16.0},{"not_picked":["Anger","Sword Boomerang","Clash"],"picked":"SKIP","floor":18.0},{"not_picked":["Inflame","Sentinel"],"picked":"Rage+1","floor":24.0},{"not_picked":["Fire Breathing","Combust","Dropkick"],"picked":"SKIP","floor":25.0},{"not_picked":["True Grit","Cleave"],"picked":"Perfected Strike","floor":27.0}],"player_experience":138722,"relics_obtained":[{"floor":9.0,"key":"Red Skull"},{"floor":24.0,"key":"Omamori"},{"floor":26.0,"key":"Strawberry"}],"event_choices":[{"damage_healed":0.0,"max_hp_gain":0.0,"max_hp_loss":0.0,"gold_gain":0.0,"event_name":"Shining Light","player_choice":"Entered Light","floor":2.0,"gold_loss":0.0,"damage_taken":17.0,"cards_upgraded":["Strike_R","Entrench"]},{"damage_healed":0.0,"max_hp_gain":0.0,"max_hp_loss":0.0,"gold_gain":30.0,"event_name":"Dead Adventurer","player_choice":"Searched \u00272\u0027 times","floor":7.0,"gold_loss":0.0,"damage_taken":0.0,"relics_obtained":["Potion Belt"]},{"damage_healed":0.0,"max_hp_gain":0.0,"max_hp_loss":0.0,"gold_gain":175.0,"event_name":"Liars Game","player_choice":"AGREE","floor":10.0,"gold_loss":0.0,"damage_taken":0.0,"cards_obtained":["Doubt"]},{"damage_healed":0.0,"max_hp_gain":0.0,"max_hp_loss":0.0,"gold_gain":0.0,"event_name":"Addict","player_choice":"Obtained Relic","floor":19.0,"gold_loss":85.0,"damage_taken":0.0,"relics_obtained":["Pantograph"]},{"damage_healed":0.0,"max_hp_gain":0.0,"max_hp_loss":0.0,"gold_gain":0.0,"event_name":"Accursed Blacksmith","player_choice":"Rummage","floor":21.0,"gold_loss":0.0,"damage_taken":0.0,"relics_obtained":["WarpedTongs"],"cards_obtained":["Pain"]}],"is_beta":false,"boss_relics":[{"not_picked":["Velvet Choker","Sozu"],"picked":"Runic Cube"}],"items_purged_floors":[14,20],"is_endless":false,"potions_floor_spawned":[3,5,18,25],"killed_by":"Cultist and Chosen","ascension_level":2}}