{"host":"ox77rn1xcurm2t5a","time":1609805540,"event":{"mods":["2.2 Compatiblity","AchievementEnabler","Act Like it!","Aspiration","BaseMod","Best Route Mod","Better Match","Better Note","Better Sensory Stone","Block Reminder","Colored Map","Colored Powertips","Conjunction","Conspire","Custom Start","Energized Spire","GifTheSpireLib","Gold Saver","Gremlin Skip","Halation","Highlight Path","Hubris","Infinite Spire","Minty Spire (QoL Compilation)","Pale of the Ancients","Quick Restart","Replay The Spire","Reworked Bosses","ShortenTheSpire","Spire Exporter","StSLib","Stuff the Spire","Wandering Minibosses","vexMod"],"gold_per_floor":[434,434,89,109,123,156,156,168,194,210,210,239,252,252,252,357,357,368,383,383,394,137,137,137,137,137,137,137],"floor_reached":27,"playtime":740,"items_purged":["Strike_B","Strike_B"],"score":346,"play_id":"3d6af6ba-07e5-443f-9366-ff59a43b5c53","local_time":"20210105021220","is_ascension_mode":true,"campfire_choices":[{"floor":7,"key":"RECALL"},{"floor":11,"key":"REST"},{"floor":15,"key":"REST"},{"floor":23,"key":"REST"},{"data":"Dualcast","floor":25,"key":"SMITH"}],"circlet_count":0,"master_deck":["AscendersBane","Strike_B+1","Defend_B+1","Defend_B","Defend_B","Defend_B+1","Zap+1","Dualcast+1","Storm","Ball Lightning","Storm","Heatsinks+1"],"relics":["Cracked Core","Simple Rune","infinitespire:BottledMercury","Pear","Vajra","hubris:Reverence"],"acts_visited":["Exordium","TheCity"],"potions_floor_usage":[8,12,18,21,21,27],"damage_taken":[{"damage":7,"enemies":"Small Slimes","floor":1,"turns":4},{"damage":7,"enemies":"Jaw Worm","floor":4,"turns":3},{"damage":0,"enemies":"Cultist","floor":5,"turns":3},{"damage":26,"enemies":"3 Sentries","floor":6,"turns":6},{"damage":11,"enemies":"2 Fungi Beasts","floor":8,"turns":3},{"damage":3,"enemies":"Looter","floor":10,"turns":2},{"damage":8,"enemies":"Gremlin Nob","floor":12,"turns":3},{"damage":25,"enemies":"Gremlin Gang","floor":13,"turns":4},{"damage":28,"enemies":"The Guardian","floor":16,"turns":12},{"damage":2,"enemies":"Chosen","floor":18,"turns":4},{"damage":11,"enemies":"3 Byrds","floor":19,"turns":5},{"damage":48,"enemies":"Shelled Parasite and Fungi","floor":21,"turns":7},{"damage":33,"enemies":"Nightmare","floor":27,"turns":8}],"seed_played":"-4871609908338769335","potions_obtained":[{"floor":6,"key":"EssenceOfSteel"},{"floor":8,"key":"FocusPotion"},{"floor":16,"key":"FearPotion"},{"floor":20,"key":"EssenceOfDarkness"},{"floor":20,"key":"LifebloodPotion"},{"floor":21,"key":"PotionOfCapacity"}],"is_trial":false,"path_per_floor":["M","?","$","M","M","E","R","M","T","M","R","E","M","?","R","B",null,"M","M","?","M","$","R","?","R","T","NM"],"character_chosen":"DEFECT","items_purchased":["Ball Lightning","Storm","Simple Rune","Vajra"],"campfire_rested":3,"item_purchase_floors":[3,3,3,22],"current_hp_per_floor":[61,61,61,54,54,28,28,17,17,14,36,38,13,13,38,10,66,64,53,53,5,5,30,30,30,30,0,0],"gold":137,"neow_bonus":"UPGRADE_CARD","is_daily":false,"chose_seed":false,"campfire_upgraded":1,"win_rate":0.0,"timestamp":1609805540,"path_taken":["M","?","$","M","M","E","R","M","T","M","R","E","M","?","R","BOSS","M","?","?","M","$","R","?","R","T","NM"],"items_purchased_type":["Card","Card","Relic","Relic"],"build_version":"2020-12-22","purchased_purges":2,"victory":false,"max_hp_per_floor":[75,75,75,75,75,75,75,75,75,75,75,85,85,85,85,85,85,85,85,85,85,85,85,85,85,85,85,85],"card_choices":[{"not_picked":["Steam","Compile Driver"],"picked":"Storm","floor":1},{"not_picked":["Steam","Barrage","Conserve Battery"],"picked":"SKIP","floor":4},{"not_picked":["StuffTheSpire:LaunchingStrike","hubris:PowerSurge","Panic Button"],"picked":"SKIP","floor":5},{"not_picked":["Barrage","StuffTheSpire:LoadUp","hubris:Ukulele"],"picked":"SKIP","floor":6},{"not_picked":["Skim","Cold Snap","Compile Driver"],"picked":"SKIP","floor":8},{"not_picked":["Steam","Streamline","Melter"],"picked":"SKIP","floor":10},{"not_picked":["aspiration:Polymerization","ReplayTheSpireMod:Repulse","Redo"],"picked":"SKIP","floor":12},{"not_picked":["Leap","Streamline","Compile Driver"],"picked":"SKIP","floor":13},{"not_picked":["StuffTheSpire:LoadUp","Compile Driver","Coolheaded"],"picked":"SKIP","floor":18},{"not_picked":["Sunder","Go for the Eyes","Sweeping Beam+1"],"picked":"SKIP","floor":19},{"not_picked":["StuffTheSpire:Plugnplay","Beam Cell"],"picked":"Heatsinks+1","floor":21}],"player_experience":2892000,"relics_obtained":[{"floor":6,"key":"infinitespire:BottledMercury"},{"floor":12,"key":"Pear"},{"floor":26,"key":"hubris:Reverence"}],"event_choices":[{"cards_removed":["Strike_B"],"damage_healed":0,"gold_gain":0,"player_choice":"Purged","damage_taken":0,"max_hp_gain":0,"max_hp_loss":0,"event_name":"Purifier","floor":14,"gold_loss":0},{"damage_healed":0,"gold_gain":0,"player_choice":"Got Potions","damage_taken":0,"max_hp_gain":0,"max_hp_loss":0,"event_name":"Lab","floor":20,"gold_loss":0},{"damage_healed":0,"gold_gain":0,"player_choice":"Ignored","damage_taken":0,"max_hp_gain":0,"max_hp_loss":0,"event_name":"betterNote:BetterNote","floor":24,"gold_loss":0,"cards_obtained":["Strike_P"]}],"is_beta":false,"boss_relics":[{"not_picked":["vexMod:MysteryBossChallenge","conspire:SeveredTorchhead","halation:Yufonium"]}],"items_purged_floors":[3,22],"is_endless":false,"potions_floor_spawned":[6,8,16,21],"killed_by":"Nightmare","ascension_level":11}}