{"host":"so437kwitdq4epbi","time":1609829168,"event":{"mods":["AchievementEnabler","BaseMod","Decade(王小明)","Friendly Minions","Gremlin Mod","KinomotoSakuraMod(木之本樱)","Koishi","KomeijiMod","LagranYue(拉格朗・月)","Lobotomy","LobotomyExtend","Marisa（F雨　魔理沙）","Minty Spire (QoL Compilation)","Quick Restart","READ ME - Snecko Mod","Replay The Spire","Shop Mod","StSLib","The Alterego","The Bladedancer","The Bug Knight","The Construct","The Hierophant","The Mystic","The Poker Player","The Runesmith","Yuyuko","[IsaacMod]以撒尖塔","vexMod"],"gold_per_floor":[114,132,132,132,62,97,97,129,199,219,233,233,253,268,268,372,372,372,372,372],"floor_reached":19,"playtime":1126,"items_purged":[],"score":177,"play_id":"a05c185a-2c96-4b5a-9be8-a5ddb0b4b39d","local_time":"20210105144608","is_ascension_mode":false,"campfire_choices":[{"data":"Koishi:PerfectMindControl","floor":7,"key":"SMITH"},{"floor":15,"key":"DIG"}],"circlet_count":0,"master_deck":["Koishi:BasicStrike","Koishi:BasicStrike","Koishi:BasicStrike","Koishi:BasicStrike","Koishi:BasicDefend","Koishi:BasicDefend","Koishi:BasicDefend","Koishi:BasicDefend","Koishi:Provoke","Koishi:HauntingSlash","EpicFetus","Koishi:PerfectMindControl+1","Koishi:SubterraneanRose","Koishi:StrangeCloudFist","Koishi:YoukaiPolygraph","Koishi:PerfectMindControl","Koishi:CatchAndRose","Koishi:SubconsciousSweep","Koishi:UnconsciousUprising","Koishi:ReleaseOfTheId","Koishi:EmbersOfLove","Koishi:RollingInRichesHeart"],"relics":["Koishi:ImaginaryFriend","HushsDoor","LagranYue:RandomDrawCardRelic","AnarchistCookbook","LetterFromLob","Lantern","LagranYue:MagicReflectiveArmorRelic","Replay:WaspNest","Ring of Hypnosis","DeathBook","ChampionBelt"],"acts_visited":["Exordium","TheCity"],"potions_floor_usage":[16,16],"damage_taken":[{"damage":4,"enemies":"Cultist","floor":1,"turns":4},{"damage":4,"enemies":"Jaw Worm","floor":2,"turns":6},{"damage":15,"enemies":"3 Sentries","floor":6,"turns":3},{"damage":6,"enemies":"Lagavulin","floor":8,"turns":5},{"damage":0,"enemies":"Small Slimes","floor":10,"turns":4},{"damage":0,"enemies":"Exordium Thugs","floor":11,"turns":3},{"damage":0,"enemies":"2 Fungi Beasts","floor":13,"turns":4},{"damage":7,"enemies":"Large Slime","floor":14,"turns":5},{"damage":7,"enemies":"Fading Forest","floor":16,"turns":11},{"damage":0,"enemies":"Replay:Snechameleon","floor":19,"turns":1}],"seed_played":"321382065254949907","potions_obtained":[{"floor":1,"key":"Toxic Potion"},{"floor":6,"key":"construct:ShiftPotion"},{"floor":8,"key":"Reflective Coating"},{"floor":11,"key":"Energy Potion"},{"floor":16,"key":"construct:ShiftPotion"}],"is_trial":false,"path_per_floor":["M","M","?","?","$","E","R","E","T","M","M","?","M","M","R","B",null,"M","M"],"character_chosen":"KOISHI","items_purchased":["Koishi:YoukaiPolygraph"],"campfire_rested":0,"item_purchase_floors":[5],"current_hp_per_floor":[58,54,59,59,59,44,44,40,40,41,41,41,42,36,36,44,60,60,60,60],"gold":372,"neow_bonus":"ONE_RANDOM_RARE_CARD","is_daily":false,"chose_seed":false,"campfire_upgraded":1,"win_rate":0.0,"timestamp":1609829168,"path_taken":["M","M","?","?","$","E","R","E","T","M","M","?","M","M","R","BOSS","M","M"],"items_purchased_type":["Card"],"build_version":"2020-12-22","purchased_purges":0,"victory":false,"max_hp_per_floor":[60,60,65,65,65,65,65,65,65,65,65,65,65,65,65,65,65,65,65,65],"card_choices":[{"not_picked":[],"picked":"EpicFetus","floor":0},{"not_picked":["Koishi:PhantomBarrier","ClowCardTheIllusion"],"picked":"Koishi:SubterraneanRose","floor":1},{"not_picked":["Koishi:FleetingPhantom","ClowCardTheGlow"],"picked":"Koishi:StrangeCloudFist","floor":2},{"not_picked":["Koishi:PhilosophyOfTheDespised","Bomb"],"picked":"Koishi:PerfectMindControl","floor":6},{"not_picked":["Koishi:ApparitionsStalkTheNight","ClowCardTheLock"],"picked":"Koishi:CatchAndRose","floor":8},{"not_picked":["Koishi:FleetingPhantom","Koishi:PhantomBarrier"],"picked":"Koishi:SubconsciousSweep","floor":10},{"not_picked":["Koishi:HeartfeltFancy","Koishi:SubterraneanRose"],"picked":"Koishi:UnconsciousUprising","floor":11},{"not_picked":["Koishi:BramblyRoseGarden","ClowCardTheMaze"],"picked":"Koishi:ReleaseOfTheId","floor":13},{"not_picked":["ClowCardTheWindy","ClowCardTheCreate"],"picked":"Koishi:EmbersOfLove","floor":14},{"not_picked":["ClowCardTheThrough","ClowCardTheFight"],"picked":"Koishi:RollingInRichesHeart","floor":16}],"player_experience":177774,"relics_obtained":[{"floor":1,"key":"LetterFromLob"},{"floor":6,"key":"Lantern"},{"floor":8,"key":"LagranYue:MagicReflectiveArmorRelic"},{"floor":9,"key":"Replay:WaspNest"},{"floor":12,"key":"Ring of Hypnosis"},{"floor":15,"key":"DeathBook"}],"event_choices":[{"damage_healed":0,"gold_gain":0,"player_choice":"Donut","damage_taken":0,"max_hp_gain":5,"max_hp_loss":0,"event_name":"Big Fish","floor":3,"gold_loss":0},{"damage_healed":0,"gold_gain":0,"player_choice":"Ignored","damage_taken":0,"max_hp_gain":0,"max_hp_loss":0,"event_name":"Purifier","floor":4,"gold_loss":0}],"is_beta":false,"boss_relics":[{"not_picked":["ReplayTheSpireMod:DimensionalGlitch","Replay:Drink Me"],"picked":"ChampionBelt"},{"not_picked":[]}],"items_purged_floors":[],"is_endless":false,"potions_floor_spawned":[1,6,8,11,16],"killed_by":"Replay:Snechameleon","ascension_level":20}}