{"host":"hwdg34753f7m8ow2","time":1609868127,"event":{"mods":["AchievementEnabler","BaseMod","Koishi","Marisa????????","Minty Spire (QoL Compilation)","Permanent Neow","Quick Restart","Shop Mod","StSLib","The Senshi","The Servant 0.9.4"],"gold_per_floor":[115,115,135,147,147,180,180,250,250,250,250],"floor_reached":10,"playtime":292,"items_purged":[],"score":76,"play_id":"3c63814c-16ce-40a7-8b01-7acbdbaf1bed","local_time":"20210105103527","is_ascension_mode":true,"campfire_choices":[{"floor":7,"key":"REST"}],"circlet_count":0,"master_deck":["theSenshi:SailorKick","theSenshi:SailorKick","theSenshi:SailorKick","theSenshi:SailorKick","theSenshi:SailorBlock","theSenshi:SailorBlock","theSenshi:SailorBlock","theSenshi:SailorBlock","theSenshi:RoseThrow+1","theSenshi:MoonPrismPowerMakeUp","theSenshi:SupersonicWaves+1","theSenshi:MoonTwilightFlash","theSenshi:TuxedoSmokingBomber","theSenshi:TallSilhouette","theSenshi:MoonCosmicPowerMakeUp"],"relics":["theSenshi:TransformationBroochRelic","Golden Idol","Sundial","StrikeDummy","Potion Belt"],"acts_visited":["Exordium"],"potions_floor_usage":[6,10],"damage_taken":[{"damage":6,"enemies":"Small Slimes","floor":1,"turns":3},{"damage":0,"enemies":"Cultist","floor":3,"turns":3},{"damage":8,"enemies":"2 Louse","floor":4,"turns":2},{"damage":30,"enemies":"Gremlin Nob","floor":6,"turns":4},{"damage":39,"enemies":"Lagavulin Event","floor":8,"turns":8},{"damage":12,"enemies":"Lagavulin","floor":10,"turns":5}],"seed_played":"4061439047899054455","potions_obtained":[{"floor":3,"key":"DuplicationPotion"},{"floor":8,"key":"DuplicationPotion"}],"is_trial":false,"path_per_floor":["M","?","M","M","?","E","R","?","T","E"],"character_chosen":"THE_SENSHI","items_purchased":[],"campfire_rested":1,"item_purchase_floors":[],"current_hp_per_floor":[69,69,69,61,61,31,51,12,12,0,0],"gold":250,"neow_bonus":"UPGRADE_CARD","is_daily":false,"chose_seed":false,"campfire_upgraded":0,"win_rate":0.0,"timestamp":1609868127,"path_taken":["M","?","?","M","?","E","R","?","T","E"],"items_purchased_type":[],"build_version":"2020-12-22","purchased_purges":0,"victory":false,"max_hp_per_floor":[75,75,75,75,69,69,69,69,69,69,69],"card_choices":[{"not_picked":["theSenshi:SchoolBag","theSenshi:SailorChibiMoonAssists"],"picked":"theSenshi:SupersonicWaves","floor":1},{"not_picked":["theSenshi:MoonTiaraMagic","theSenshi:MarsPride"],"picked":"theSenshi:MoonTwilightFlash","floor":3},{"not_picked":["theSenshi:MoonsReflection","theSenshi:EncouragingSpeech"],"picked":"theSenshi:TuxedoSmokingBomber","floor":4},{"not_picked":["theSenshi:SailorVenusAssists","theSenshi:SailorJupiterAssists"],"picked":"theSenshi:TallSilhouette","floor":6},{"not_picked":["theSenshi:SailorPlanetAttack","theSenshi:SchoolBag"],"picked":"theSenshi:MoonCosmicPowerMakeUp","floor":8}],"player_experience":724641,"relics_obtained":[{"floor":6,"key":"Sundial"},{"floor":8,"key":"StrikeDummy"},{"floor":9,"key":"Potion Belt"}],"event_choices":[{"damage_healed":0,"gold_gain":0,"player_choice":"Upgraded","damage_taken":0,"max_hp_gain":0,"max_hp_loss":0,"event_name":"Upgrade Shrine","floor":2,"gold_loss":0,"cards_upgraded":["theSenshi:SupersonicWaves"]},{"damage_healed":0,"gold_gain":0,"player_choice":"Lose Max HP","damage_taken":0,"relics_obtained":["Golden Idol"],"max_hp_gain":0,"max_hp_loss":6,"event_name":"Golden Idol","floor":5,"gold_loss":0},{"damage_healed":0,"gold_gain":0,"player_choice":"Searched \u00271\u0027 times","damage_taken":0,"max_hp_gain":0,"max_hp_loss":0,"event_name":"Dead Adventurer","floor":8,"gold_loss":0}],"is_beta":false,"boss_relics":[],"items_purged_floors":[],"is_endless":false,"potions_floor_spawned":[3,8],"killed_by":"Lagavulin","ascension_level":3}}