{"host":"e5u7qs1emxzejr12","time":1609852258,"event":{"mods":["2.2 Compatiblity","Act Like it!","Arknights The Spire","BaseMod","CapriCore","Card Forge","Conspire","Custom Start","Downfall","Highlight Path","Infinite Spire","Luminous","Marisa£®ÏF”Í°°ƒß¿Ì…≥£©","Minty Spire (QoL Compilation)","Quick Restart","Replay The Spire","StSLib","SuperFastMode","The Cursed","The Immortal","The Servant 0.9.4","UnlockEverythingMod","°æ“≈ŒÔø®≈∆°øREMEMod"],"gold_per_floor":[99,113,127,127,127,73,73,86,105,137,149,165,195,116,131,228,228,103,116,116,133,153,181,207,223,234,251,325,325,200,274,316,510,510,385,407,426,474,501,521,521,555,555,555,578,528,548,596,596,409,469,550,574,708,708,658,678,698,698,698],"floor_reached":58,"playtime":3072,"items_purged":[],"score":936,"play_id":"e55c8247-5ff2-490a-9fad-9a7402e4d5b9","local_time":"20210105211058","is_ascension_mode":false,"campfire_choices":[{"floor":18.0,"key":"DIG"},{"floor":30.0,"key":"RECALL"},{"floor":35,"key":"DIG"},{"floor":46,"key":"REST"}],"circlet_count":0,"master_deck":["Slimebound:Split+1","Creative AI+1","Pot Of Greed+1","Slimebound:Equalize+1","Pot Of Greed+1","Slimebound:SplitBruiser+1","Slimebound:Prepare+1","Slimebound:Teamwork+1","Slimebound:Grow+1","Slimebound:ComboTackle+1","Slimebound:HauntingLick+1","Slimebound:SplitLeeching+1","Slimebound:RejuvenatingLick+1","Slimebound:Schlurp+1","Slimebound:Schlurp+1","Slimebound:SplitMire+1","Pot Of Greed+1","Slimebound:SlimeBarrage+1","Slimebound:RejuvenatingLick+1","Slimebound:MinionMaster+1","Slimebound:FirmFortitude+1","Slimebound:LevelUp+1","Slimebound:RallyTheTroops+1","Slimebound:RainOfGoop+1","Slimebound:SlimeTap+1","Slimebound:LeadByExample+1","Slimebound:OneTwoCombo+1","Slimebound:SlimeTap+1","Pot Of Greed+1","Slimebound:RejuvenatingLick+1","Slimebound:SplitMire+1","Slimebound:Darklings+1","ReplayUltimateDefense+1","Slimebound:Gluttony"],"relics":["Slimebound:AbsorbEndCombat","Hammer of Thor","Seething Fire","Anvil of the Gods","REME_ComplimentaryCards","Grinning Jar","Slimebound:GreedOozeRelic","downfall:ShatteredFragment","Pen Nib","Whetstone","Darkstone Periapt","ReplayTheSpireMod:CursedCoin","Slimebound:AggressiveSlimeRelic","Snecko Eye","downfall:HeartBlessingGreen","Juzu Bracelet","Du-Vu Doll","REME_ArchaeologicalTools","downfall:HeartBlessingBlue","Busted Crown","downfall:HeartBlessingRed","Simple Rune","ReplayFunnel","Calipers","conspire:DeflatedDodgeball","REME_HandOfSuture","REME_PuzzleBoxRelic","infinitespire:Eraser","infinitespire:CursedDice","Iron Hammer","Fusion Hammer"],"acts_visited":["Exordium","TheCity","TheBeyond","Exordium"],"potions_floor_usage":[],"damage_taken":[{"damage":11.0,"enemies":"infinitespire:Voidling","floor":2.0,"turns":3.0},{"damage":15.0,"enemies":"Jaw Worm","floor":3.0,"turns":2.0},{"damage":35.0,"enemies":"downfall:FleeingMerchant","floor":6.0,"turns":4.0},{"damage":4.0,"enemies":"2 Louse","floor":8.0,"turns":2.0},{"damage":11.0,"enemies":"conspire:2 RoseBushes","floor":9.0,"turns":2.0},{"damage":7.0,"enemies":"Gremlin Nob","floor":10.0,"turns":2.0},{"damage":4.0,"enemies":"Blue Slaver","floor":11.0,"turns":1.0},{"damage":28.0,"enemies":"Exordium Wildlife","floor":12.0,"turns":3.0},{"damage":18.0,"enemies":"3 Sentries","floor":13.0,"turns":3.0},{"damage":23.0,"enemies":"downfall:FleeingMerchant","floor":14.0,"turns":4.0},{"damage":16.0,"enemies":"3 Louse","floor":15.0,"turns":2.0},{"damage":51.0,"enemies":"downfall:Silent","floor":16.0,"turns":4.0},{"damage":16.0,"enemies":"3 Byrds","floor":19.0,"turns":3.0},{"damage":14.0,"enemies":"Chosen","floor":21.0,"turns":3.0},{"damage":8.0,"enemies":"Centurion and Healer","floor":22.0,"turns":2.0},{"damage":4.0,"enemies":"REME_1_Revenger","floor":23.0,"turns":3.0},{"damage":8.0,"enemies":"Cultist and Chosen","floor":25.0,"turns":3.0},{"damage":41.0,"enemies":"Shelled Parasite and Fungi","floor":26.0,"turns":3.0},{"damage":6.0,"enemies":"Chosen and Byrds","floor":27.0,"turns":3.0},{"damage":25.0,"enemies":"Snake Plant","floor":28.0,"turns":3.0},{"damage":14.0,"enemies":"Cultist and Chosen","floor":31.0,"turns":2.0},{"damage":4.0,"enemies":"Chosen and Byrds","floor":32.0,"turns":2.0},{"damage":22,"enemies":"downfall:Defect","floor":33,"turns":5},{"damage":20,"enemies":"3 Darklings","floor":36,"turns":2},{"damage":32,"enemies":"3 Shapes","floor":37,"turns":2},{"damage":30,"enemies":"Sphere and 2 Shapes","floor":39,"turns":2},{"damage":8,"enemies":"downfall:FleeingMerchant","floor":40,"turns":2},{"damage":80,"enemies":"Nightmare","floor":42,"turns":6},{"damage":12,"enemies":"3 Darklings","floor":47,"turns":2},{"damage":16,"enemies":"R_Hoarder","floor":48,"turns":3},{"damage":4,"enemies":"2 Orb Walkers","floor":51,"turns":2},{"damage":32,"enemies":"Transient","floor":53,"turns":5},{"damage":19,"enemies":"downfall:Watcher","floor":54,"turns":3},{"damage":8,"enemies":"Cultist","floor":57,"turns":1},{"damage":4,"enemies":"Small Slimes","floor":58,"turns":1}],"seed_played":"-3592341542179153865","potions_obtained":[{"floor":8.0,"key":"Energy Potion"},{"floor":9.0,"key":"Strength Potion"},{"floor":11.0,"key":"hexamod:EctoCoolerPotion"},{"floor":15.0,"key":"REME_GoldPotion"},{"floor":27.0,"key":"REME_GoldPotion"},{"floor":31.0,"key":"SpeedPotion"},{"floor":36,"key":"DuplicationPotion"}],"is_trial":false,"path_per_floor":["R","M","M","?","?","$","T","M","M","E","M","M","E","$","M","B",null,"R","M","?","M","M","E","T","M","M","M","M","AVR","R","M","M","B",null,"R","M","M","?","M","$","T","NM","PTL","PTL","T","R","M","E","?","?","?","T","M","B",null,"R","M","M"],"character_chosen":"SLIMEBOUND","items_purchased":["Slimebound:Grow","ReplayTheSpireMod:CursedCoin","Slimebound:AggressiveSlimeRelic","Slimebound:SlimeBarrage","Calipers","ReplayUltimateDefense"],"campfire_rested":1,"item_purchase_floors":[6,14,14,14,40,50],"current_hp_per_floor":[60,60,60,60,42,42,42,42,47,56,60,52,54,66,66,51,66,66,66,66,66,66,66,66,66,50,62,55,55,65,67,76,76,76,76,76,64,70,81,82,82,36,36,36,36,60,78,78,78,78,82,82,82,82,82,82,82,82,82,82],"gold":698,"neow_bonus":"RANDOM_COMMON_RELIC","is_daily":false,"chose_seed":false,"campfire_upgraded":0,"win_rate":0.0,"timestamp":1609852258,"path_taken":["R","M","?","?","?","$","T","M","M","E","M","M","E","?","M","BOSS","R","M","?","M","M","E","T","M","M","M","M","AVR","R","M","M","BOSS","R","M","M","?","M","$","T","NM","PTL","PTL","T","R","M","E","?","?","?","?","M","BOSS","R","M","M"],"items_purchased_type":["Card","Relic","Relic","Card","Relic","Card"],"build_version":"2020-12-22","purchased_purges":0,"victory":false,"max_hp_per_floor":[60,60,60,60,60,60,60,60,60,60,60,60,60,66,66,66,66,66,66,66,66,66,66,66,66,66,66,66,66,76,76,76,76,76,76,76,76,82,82,82,82,82,82,82,82,82,82,82,82,82,82,82,82,82,82,82,82,82,82,82],"card_choices":[{"not_picked":["Slimebound:SplitMire","Slimebound:GoopTackle"],"picked":"Slimebound:SplitBruiser","floor":2.0},{"not_picked":["Slimebound:FinishingTackle","Slimebound:PressTheAttack"],"picked":"Slimebound:Prepare","floor":3.0},{"not_picked":["Slimebound:HungryTackle","Slimebound:LeechingTouch"],"picked":"Slimebound:Teamwork","floor":6.0},{"not_picked":["Slimebound:ViciousTackle","Slimebound:Equalize"],"picked":"Slimebound:ComboTackle","floor":8.0},{"not_picked":["Slimebound:SlimeSpikes","Slimebound:SpikyOuterGoop"],"picked":"Slimebound:HauntingLick","floor":9.0},{"not_picked":["Slimebound:BestDefense","Slimebound:GrowthPunch"],"picked":"Slimebound:SplitLeeching","floor":10.0},{"not_picked":["Slimebound:PressTheAttack","Slimebound:SlimeSpikes"],"picked":"Slimebound:RejuvenatingLick","floor":11.0},{"not_picked":["Slimebound:SplitLeeching","Slimebound:SplitAcid"],"picked":"Slimebound:Schlurp","floor":12.0},{"not_picked":["Slimebound:FinishingTackle","Slimebound:PressTheAttack"],"picked":"Slimebound:Schlurp","floor":13.0},{"not_picked":["Slimebound:ForwardTackle","Slimebound:FinishingTackle"],"picked":"Slimebound:SplitMire","floor":14.0},{"not_picked":["Slimebound:GoopTackle","Slimebound:DisruptingSlam"],"picked":"Slimebound:RejuvenatingLick","floor":15.0},{"not_picked":["Slimebound:RallyTheTroops","Slimebound:Teamwork"],"picked":"Slimebound:MinionMaster","floor":16.0},{"not_picked":["Slimebound:RollThrough","Slimebound:PressTheAttack"],"picked":"Slimebound:FirmFortitude","floor":19.0},{"not_picked":["Slimebound:GrowthPunch","Slimebound:Schlurp"],"picked":"Slimebound:LevelUp","floor":21.0},{"not_picked":["Slimebound:Equalize","Slimebound:SplitAcid","Slimebound:LeechingTouch+1"],"picked":"SKIP","floor":22.0},{"not_picked":["Slimebound:FinishingTackle","Slimebound:LeechEnergy","Slimebound:ViciousTackle+1"],"picked":"SKIP","floor":23.0},{"not_picked":["Slimebound:GoopSpray","Slimebound:Replication","Slimebound:LeechingTouch"],"picked":"SKIP","floor":25.0},{"not_picked":["Slimebound:FinishingTackle","Slimebound:Prepare"],"picked":"Slimebound:RallyTheTroops","floor":26.0},{"not_picked":["Slimebound:SlimeSpikes+1","Slimebound:RejuvenatingLick"],"picked":"Slimebound:RainOfGoop+1","floor":27.0},{"not_picked":["Slimebound:MegaLick+1","Slimebound:ViciousTackle"],"picked":"Slimebound:SlimeTap","floor":28.0},{"not_picked":["Slimebound:LeechEnergy+1","Slimebound:SplitMire","Slimebound:DisruptingSlam"],"picked":"SKIP","floor":31.0},{"not_picked":["Slimebound:LevelUp+1","Slimebound:Schlurp"],"picked":"Slimebound:LeadByExample+1","floor":32},{"not_picked":["Slimebound:DouseInSlime","Slimebound:Recycling"],"picked":"Slimebound:OneTwoCombo","floor":33},{"not_picked":["Slimebound:GrowthPunch+1"],"picked":"SKIP","floor":36},{"not_picked":[],"picked":"Slimebound:SlimeTap","floor":37},{"not_picked":[],"picked":"Slimebound:Replication","floor":38},{"not_picked":[],"picked":"Slimebound:RejuvenatingLick+1","floor":39},{"not_picked":["Slimebound:LivingWall"],"picked":"SKIP","floor":40},{"not_picked":["Slimebound:ItLooksTasty"],"picked":"SKIP","floor":42},{"not_picked":["Slimebound:ItLooksTasty"],"picked":"SKIP","floor":42},{"not_picked":[],"picked":"Slimebound:SplitMire+1","floor":47},{"not_picked":["Slimebound:LivingWall+1"],"picked":"SKIP","floor":48},{"not_picked":["Slimebound:DivideAndConquer"],"picked":"SKIP","floor":53},{"not_picked":["Slimebound:RollThrough"],"picked":"SKIP","floor":57},{"not_picked":["Slimebound:SlimeSpikes"],"picked":"SKIP","floor":58}],"player_experience":61803,"relics_obtained":[{"floor":7.0,"key":"Pen Nib"},{"floor":10.0,"key":"Whetstone"},{"floor":13.0,"key":"Darkstone Periapt"},{"floor":18.0,"key":"Juzu Bracelet"},{"floor":23.0,"key":"Du-Vu Doll"},{"floor":35,"key":"Simple Rune"},{"floor":38,"key":"ReplayFunnel"},{"floor":41,"key":"conspire:DeflatedDodgeball"},{"floor":42,"key":"REME_HandOfSuture"},{"floor":45,"key":"REME_PuzzleBoxRelic"},{"floor":48,"key":"infinitespire:Eraser"},{"floor":51,"key":"infinitespire:CursedDice"},{"floor":52,"key":"Iron Hammer"}],"event_choices":[{"damage_healed":0.0,"max_hp_gain":0.0,"max_hp_loss":0.0,"gold_gain":0.0,"event_name":"conspire:Investor","player_choice":"Leave","floor":20.0,"gold_loss":0.0,"damage_taken":0.0},{"damage_healed":0,"gold_gain":0,"player_choice":"Fight","damage_taken":0,"max_hp_gain":0,"max_hp_loss":0,"event_name":"Mysterious Sphere","floor":51,"gold_loss":0}],"is_beta":false,"boss_relics":[{"not_picked":["conspire:RunicOctahedron","Replay:Grab Bag"],"picked":"Snecko Eye"},{"not_picked":["ChewingGum","Replay:Ancient Bell"],"picked":"Busted Crown"},{"not_picked":["Velvet Choker","REME_LowDesire"],"picked":"Fusion Hammer"}],"items_purged_floors":[],"is_endless":true,"potions_floor_spawned":[8,9,11,12,13,15,16,25,26,27,31,36,42,51,54,58],"killed_by":"Small Slimes","ascension_level":0}}