{"host":"o5jvvi5yapo90aia","time":1609824160,"event":{"mods":["BaseMod","CapriCore","Minty Spire (QoL Compilation)","MostiFishMod","Prisma Mod","Spicy Shops","StSLib","TestMod","The Immortal","Yakumo Yukari mod","【人物mod】游戏王New YuGiOh mod","【功能Mod】Neow奖励"],"gold_per_floor":[109,109,109,120,136,136,170,170,170,170,195,229,251,13,13,92,92,111,129,54,54,54,92,92,128,153,166,179,94,127,127,127,212,212,242,242,242,264,284,317,594,622,690,690,714,734,734,764,764,773,782,782,782,790,832,965],"floor_reached":57,"playtime":1807,"items_purged":["Strike_P","Decay","Strike_P+1","Eruption+1"],"score":4001,"play_id":"fd00847b-cf2c-454f-bfe2-a9c849034653","local_time":"20210105132240","is_ascension_mode":true,"campfire_choices":[{"data":"Pain","floor":6.0,"key":"PURGE"},{"data":"Defend_P","floor":8.0,"key":"PURGE"},{"data":"Defend_P","floor":10.0,"key":"PURGE"},{"data":"Fasting2","floor":15.0,"key":"SMITH"},{"data":"Defend_P","floor":24.0,"key":"PURGE"},{"floor":32,"key":"RECALL"},{"data":"Strike_P+1","floor":49,"key":"PURGE"},{"data":"BowlingBash+1","floor":53,"key":"PURGE"}],"circlet_count":128,"master_deck":["AscendersBane","Vigilance+1","Fasting2+1","MasterReality+1","Adaptation+1","LessonLearned+1","MostiFishMod:Speedup+1","MostiFishMod:CyberBuddha+1","Tantrum+1","FearNoEvil+1","Master of Strategy+1"],"relics":["DaveBox","testmod-TestBox","testmod-PortableAltar","ImprovedEquipment","testmod-BlackFramedGlasses","SynthV:TestCard","WarpedTongs","Sundial","InkBottle","Art of War","Bag of Preparation","DiscerningMonocle","Potion Belt","MetatronsCube","testmod-Charity","testmod-OneHitWonder","Whetstone","Gremlin Horn","CombinedTypeHook","Molten Egg 2","The Courier","BirthdayGift-Icosahedron","testmod-Acrobat","BrkXgEgg","Shuriken","Boot","testmod-BouquetWithThorns","testmod-TurbochargingSystem","SynthV:C4","Akabeko","Strawberry","Meat on the Bone","Anchor","Bag of Marbles","Pen Nib","Happy Flower","Tiny Chest","Toxic Egg 2","Matryoshka","testmod-Justice","Singing Bowl","testmod-Déjàvu","Vajra","Frozen Egg 2","Regal Pillow","Juzu Bracelet","War Paint","Blood Vial","Damaru","StrikeDummy","Nunchaku","Lantern","Omamori","Centennial Puzzle","White Beast Statue","Oddly Smooth Stone","testmod-Maize","Yang","testmod-Hope","testmod-IndustrialRevolution","testmod-AssaultLearning","Ornamental Fan","testmod-Antiphasic","testmod-LifeArmor","Letter Opener","testmod-Muramasa","Bronze Scales","Orichalcum","Pantograph","HornCleat","MealTicket","Eternal Feather","Pear","Incense Burner","CeramicFish","testmod-RealStoneCalender","testmod-ArcanaOfDestiny","Darkstone Periapt","Mercury Hourglass","TeardropLocket","Dream Catcher","Mummified Hand","ThornShield","Thread and Needle","Mango","DianPoetry","FossilizedHelix","testmod-EqualTreatment","Unceasing Top","Blue Candle","testmod-CasingShield","Civilization","Gambling Chip","Shovel","Lizard Tail","WingedGreaves","testmod-Nyarlathotep","SentryEyes","GoldenEye","DianDianMeat","testmod-Fortitude","testmod-TheFather","ArrowTower","testmod-HeartOfStrike","Pocketwatch","StoneCalendar","Ice Cream","TungstenRod","Calipers","Bird Faced Urn","testmod-ConstraintPeriapt","Peace Pipe","Prayer Wheel","testmod-FatalChain","testmod-Brilliant","testmod-CyclicPeriapt","Ginger","testmod-ObsoleteBoomerang","BionicSphere","Torii","Turnip","CaptainsWheel","testmod-InjuryResistance","testmod-Alchemist","DaCapo","OriginationStaff","CloakClasp","testmod-IntensifyImprint","testmod-CrystalShield","Du-Vu Doll","Bottled Flame","Circlet","ChiXiaoBlade","Lee\u0027s Waffle","ChiLing","Chi","Ling","HandDrill","PrismaticShard","Melange","Chemical X"],"acts_visited":["Exordium","TheCity","TheBeyond","TheEnding"],"potions_floor_usage":[46,56,56,56,56,56,56,56,56],"damage_taken":[{"damage":5.0,"enemies":"Cultist","floor":1.0,"turns":4.0},{"damage":9.0,"enemies":"Small Slimes","floor":4.0,"turns":3.0},{"damage":1.0,"enemies":"2 Louse","floor":5.0,"turns":2.0},{"damage":5.0,"enemies":"Lagavulin","floor":7.0,"turns":4.0},{"damage":0.0,"enemies":"2 Fungi Beasts","floor":11.0,"turns":1.0},{"damage":0.0,"enemies":"Gremlin Nob","floor":12.0,"turns":2.0},{"damage":6.0,"enemies":"Looter","floor":13.0,"turns":2.0},{"damage":1.0,"enemies":"Slime Boss","floor":16.0,"turns":4.0},{"damage":0.0,"enemies":"Spheric Guardian","floor":18.0,"turns":3.0},{"damage":49.0,"enemies":"Shell Parasite","floor":19.0,"turns":4.0},{"damage":0.0,"enemies":"Slavers","floor":23.0,"turns":2.0},{"damage":0.0,"enemies":"Book of Stabbing","floor":25.0,"turns":3.0},{"damage":0.0,"enemies":"Shelled Parasite and Fungi","floor":27.0,"turns":2.0},{"damage":0.0,"enemies":"Centurion and Healer","floor":28.0,"turns":1.0},{"damage":0.0,"enemies":"Gremlin Leader","floor":30.0,"turns":2.0},{"damage":0,"enemies":"Collector","floor":33,"turns":1},{"damage":0,"enemies":"3 Darklings","floor":35,"turns":1},{"damage":0,"enemies":"Orb Walker","floor":38,"turns":1},{"damage":0,"enemies":"Jaw Worm Horde","floor":39,"turns":1},{"damage":0,"enemies":"Nemesis","floor":40,"turns":1},{"damage":0,"enemies":"Giant Head","floor":41,"turns":1},{"damage":0,"enemies":"Reptomancer","floor":42,"turns":1},{"damage":0,"enemies":"Spire Growth","floor":45,"turns":1},{"damage":0,"enemies":"3 Darklings","floor":46,"turns":1},{"damage":0,"enemies":"Giant Head","floor":48,"turns":1},{"damage":0,"enemies":"Donu and Deca","floor":50,"turns":1},{"damage":0,"enemies":"Time Eater","floor":51,"turns":1},{"damage":0,"enemies":"Shield and Spear","floor":55,"turns":1},{"damage":0,"enemies":"The Heart","floor":56,"turns":2}],"seed_played":"6292431735190426453","potions_obtained":[{"floor":5.0,"key":"testmod-TestPotion"},{"floor":11.0,"key":"testmod-SpacePotion"},{"floor":12.0,"key":"SteroidPotion"},{"floor":13.0,"key":"AttackPotion"},{"floor":23.0,"key":"StancePotion"},{"floor":27.0,"key":"StancePotion"},{"floor":28.0,"key":"testmod-TestPotion"},{"floor":30.0,"key":"PowerPotion"},{"floor":38,"key":"DuplicationPotion"},{"floor":39,"key":"SpeedPotion"},{"floor":40,"key":"BlessingOfTheForge"},{"floor":42,"key":"BlessingOfTheForge"},{"floor":45,"key":"LiquidBronze"},{"floor":46,"key":"Fruit Juice"},{"floor":48,"key":"SneckoOil"}],"is_trial":false,"path_per_floor":["M","?","?","M","M","R","E","R","T","R","M","E","M","$","R","B",null,"M","M","?","$","?","E","R","E","T","M","M","?","E","$","R","B",null,"M","$","?","M","M","E","E","E","T","$","M","M","$","E","R","B","B",null,"R","$","E","B",null],"character_chosen":"WATCHER","items_purchased":["Bag of Preparation","Potion Belt","MetatronsCube","testmod-Charity","testmod-OneHitWonder","Whetstone","Adaptation","LessonLearned","testmod-TestPotion","Block Potion","BirthdayGift-Icosahedron","testmod-Acrobat","BrkXgEgg","Shuriken","Boot","testmod-BouquetWithThorns","testmod-TurbochargingSystem","SynthV:C4","Akabeko","Strawberry","Meat on the Bone","Anchor","Bag of Marbles","Pen Nib","Happy Flower","Tiny Chest","Toxic Egg 2","Matryoshka","testmod-Justice","Singing Bowl","testmod-Déjàvu","Vajra","Frozen Egg 2","Regal Pillow","Juzu Bracelet","War Paint","Blood Vial","Damaru","StrikeDummy","Nunchaku","Lantern","Omamori","Centennial Puzzle","White Beast Statue","Oddly Smooth Stone","testmod-Maize","Yang","testmod-Hope","testmod-IndustrialRevolution","testmod-AssaultLearning","Ornamental Fan","testmod-Antiphasic","testmod-LifeArmor","Letter Opener","testmod-Muramasa","Bronze Scales","Orichalcum","Pantograph","HornCleat","MealTicket","Eternal Feather","Pear","Incense Burner","CeramicFish","testmod-RealStoneCalender","testmod-ArcanaOfDestiny","Darkstone Periapt","Mercury Hourglass","TeardropLocket","Dream Catcher","Mummified Hand","ThornShield","Thread and Needle","Mango","DianPoetry","FossilizedHelix","testmod-EqualTreatment","Unceasing Top","Blue Candle","testmod-CasingShield","Civilization","Gambling Chip","Shovel","Lizard Tail","WingedGreaves","testmod-Nyarlathotep","SentryEyes","GoldenEye","DianDianMeat","testmod-Fortitude","testmod-TheFather","ArrowTower","testmod-HeartOfStrike","Pocketwatch","StoneCalendar","Ice Cream","TungstenRod","Calipers","Bird Faced Urn","testmod-ConstraintPeriapt","Peace Pipe","Prayer Wheel","testmod-FatalChain","testmod-Brilliant","testmod-CyclicPeriapt","Ginger","testmod-ObsoleteBoomerang","BionicSphere","Torii","Turnip","CaptainsWheel","testmod-InjuryResistance","testmod-Alchemist","DaCapo","OriginationStaff","CloakClasp","testmod-IntensifyImprint","testmod-CrystalShield","Du-Vu Doll","Bottled Flame","Circlet","Circlet","Circlet","Circlet","Circlet","Circlet","Circlet","Circlet","Circlet","Circlet","Circlet","Circlet","EntropicBrew","Lee\u0027s Waffle","Circlet","testmod-SpacePotion","ChiLing","HandDrill","Circlet","Circlet","Circlet","Circlet","Circlet","Circlet","Circlet","Circlet","Circlet","Circlet","Circlet","Circlet","Circlet","Circlet","Circlet","Circlet","Circlet","Circlet","Circlet","Circlet","Circlet","Circlet","Circlet","Circlet","Circlet","Circlet","Circlet","Circlet","Circlet","Circlet","Circlet","Circlet","Circlet","Circlet","Circlet","Circlet","Circlet","Circlet","Circlet","Circlet","Circlet","Circlet","Circlet","Circlet","Circlet","Circlet","Circlet","Circlet","Circlet","Circlet","Circlet","Circlet","Circlet","Circlet","Circlet","Circlet","Circlet","Circlet","Circlet","Circlet","Circlet","Circlet","Circlet","Circlet","Circlet","Circlet","Circlet","Circlet","Circlet","Circlet","Circlet","Circlet","Circlet","Circlet","Circlet","Circlet","PrismaticShard","Melange","Circlet","Circlet","Circlet","Circlet","Circlet","Circlet","Circlet","Circlet","Circlet","Circlet","Circlet","Circlet","Circlet","Circlet","Circlet","Circlet","Circlet","Circlet","Circlet","Circlet","Circlet","Circlet","Circlet","Circlet","Circlet","Circlet","Circlet","Circlet","Circlet","Circlet","Circlet","Chemical X","Circlet","Master of Strategy+1"],"campfire_rested":0,"item_purchase_floors":[14,21,21,21,21,21,21,21,21,21,31,31,31,31,31,31,31,31,31,31,31,31,31,31,31,31,31,31,31,31,31,31,31,31,31,31,31,31,31,31,31,31,31,31,31,31,31,31,31,31,31,31,31,31,31,31,31,31,31,31,31,31,31,31,31,31,31,31,31,31,31,31,31,31,31,31,31,31,31,31,31,31,31,31,31,31,31,31,31,31,31,31,31,31,31,31,31,31,31,31,31,31,31,31,31,31,31,31,31,31,31,31,31,31,31,31,31,31,31,31,31,31,31,31,31,31,31,31,31,31,31,31,31,36,36,36,44,44,44,44,44,44,44,44,44,44,44,44,44,44,44,44,44,44,44,44,44,44,44,44,44,44,44,44,44,44,44,44,44,44,44,44,44,44,44,44,44,44,44,44,44,44,44,44,44,44,44,44,44,44,44,44,44,44,44,44,44,44,44,44,44,44,44,44,44,44,44,44,44,44,44,44,44,47,47,47,47,47,47,47,47,47,47,47,47,47,47,47,47,47,47,47,47,47,47,47,47,47,47,47,47,47,47,47,47,47,47,54,54,54],"current_hp_per_floor":[62,62,62,58,61,61,58,58,58,58,57,56,50,50,50,51,51,50,3,3,3,3,9,9,16,17,23,28,28,34,65,71,87,86,100,106,102,126,143,161,183,204,204,203,231,265,264,295,294,324,355,354,353,357,391,450],"gold":965,"neow_bonus":"BOSS_RELIC","is_daily":false,"chose_seed":false,"campfire_upgraded":1,"win_rate":0.0,"timestamp":1609824160,"path_taken":["M","?","?","?","M","R","E","R","T","R","?","E","M","$","R","BOSS","M","M","?","$","?","E","R","E","T","M","M","?","E","$","R","BOSS","M","$","?","M","M","E","E","E","T","$","M","M","$","E","R","BOSS","BOSS","R","$","E","BOSS"],"items_purchased_type":["Relic","Relic","Relic","Relic","Relic","Relic","Card","Card","Potion","Potion","Relic","Relic","Relic","Relic","Relic","Relic","Relic","Relic","Relic","Relic","Relic","Relic","Relic","Relic","Relic","Relic","Relic","Relic","Relic","Relic","Relic","Relic","Relic","Relic","Relic","Relic","Relic","Relic","Relic","Relic","Relic","Relic","Relic","Relic","Relic","Relic","Relic","Relic","Relic","Relic","Relic","Relic","Relic","Relic","Relic","Relic","Relic","Relic","Relic","Relic","Relic","Relic","Relic","Relic","Relic","Relic","Relic","Relic","Relic","Relic","Relic","Relic","Relic","Relic","Relic","Relic","Relic","Relic","Relic","Relic","Relic","Relic","Relic","Relic","Relic","Relic","Relic","Relic","Relic","Relic","Relic","Relic","Relic","Relic","Relic","Relic","Relic","Relic","Relic","Relic","Relic","Relic","Relic","Relic","Relic","Relic","Relic","Relic","Relic","Relic","Relic","Relic","Relic","Relic","Relic","Relic","Relic","Relic","Relic","Relic","Undefined","Undefined","Undefined","Undefined","Undefined","Undefined","Undefined","Undefined","Undefined","Undefined","Undefined","Undefined","Potion","Relic","Undefined","Potion","Relic","Relic","Undefined","Undefined","Undefined","Undefined","Undefined","Undefined","Undefined","Undefined","Undefined","Undefined","Undefined","Undefined","Undefined","Undefined","Undefined","Undefined","Undefined","Undefined","Undefined","Undefined","Undefined","Undefined","Undefined","Undefined","Undefined","Undefined","Undefined","Undefined","Undefined","Undefined","Undefined","Undefined","Undefined","Undefined","Undefined","Undefined","Undefined","Undefined","Undefined","Undefined","Undefined","Undefined","Undefined","Undefined","Undefined","Undefined","Undefined","Undefined","Undefined","Undefined","Undefined","Undefined","Undefined","Undefined","Undefined","Undefined","Undefined","Undefined","Undefined","Undefined","Undefined","Undefined","Undefined","Undefined","Undefined","Undefined","Undefined","Undefined","Undefined","Undefined","Undefined","Undefined","Undefined","Undefined","Undefined","Undefined","Relic","Relic","Undefined","Undefined","Undefined","Undefined","Undefined","Undefined","Undefined","Undefined","Undefined","Undefined","Undefined","Undefined","Undefined","Undefined","Undefined","Undefined","Undefined","Undefined","Undefined","Undefined","Undefined","Undefined","Undefined","Undefined","Undefined","Undefined","Undefined","Undefined","Undefined","Undefined","Undefined","Relic","Undefined","Card"],"build_version":"2020-12-22","purchased_purges":4,"victory":true,"max_hp_per_floor":[67,66,65,64,63,62,61,60,59,58,57,56,55,54,53,52,51,50,49,48,47,46,47,46,47,47,48,49,48,49,79,78,87,86,100,106,111,126,143,161,183,204,204,203,231,265,264,295,294,324,355,354,353,357,391,450],"card_choices":[{"not_picked":["CutThroughFate","Meditate","Consecrate"],"picked":"SKIP","floor":1.0},{"not_picked":["CutThroughFate","EmptyFist","MostiFishMod:PathToVictory","ClearTheMind"],"picked":"BowlingBash","floor":4.0},{"not_picked":["Wireheading","DeceiveReality","Crescendo","Study","Worship"],"picked":"SKIP","floor":5.0},{"not_picked":["Protect","CrushJoints","DeceiveReality","WreathOfFlame","MostiFishMod:LegendTransform"],"picked":"SKIP","floor":7.0},{"not_picked":["FollowUp","CutThroughFate","ReachHeaven","FlurryOfBlows","WindmillStrike"],"picked":"SKIP","floor":11.0},{"not_picked":["MostiFishMod:OutWit","Crescendo","MostiFishMod:Clarity","Prostrate"],"picked":"Fasting2","floor":12.0},{"not_picked":["SignatureMove","Nirvana","Crescendo","CutThroughFate","Meditate"],"picked":"SKIP","floor":13.0},{"not_picked":["ConjureBlade","Brilliance","Alpha","MostiFishMod:ScryFuture"],"picked":"MasterReality","floor":16.0},{"not_picked":["Study","MostiFishMod:LegendTransform+1","CrushJoints","Crescendo","CarveReality"],"picked":"SKIP","floor":18.0},{"not_picked":["EmptyBody","ThirdEye","JustLucky","CutThroughFate+1","Sanctity"],"picked":"SKIP","floor":19.0},{"not_picked":["WaveOfTheHand","ThirdEye","ClearTheMind","Collect","EmptyFist"],"picked":"SKIP","floor":23.0},{"not_picked":["PathToVictory","FollowUp","MostiFishMod:Moonprays","Prostrate","CutThroughFate"],"picked":"SKIP","floor":25.0},{"not_picked":["ThirdEye","MostiFishMod:Nomercy","Adaptation+1","JustLucky","Prostrate"],"picked":"SKIP","floor":27.0},{"not_picked":["Halt+1","FlurryOfBlows","FollowUp","EmptyBody"],"picked":"MostiFishMod:Speedup+1","floor":28.0},{"not_picked":["FlyingSleeves+1","MostiFishMod:Nomercy","CarveReality+1","EmptyFist+1","FollowUp+1"],"picked":"SKIP","floor":30.0},{"not_picked":["MostiFishMod:Minus+1","Devotion+1","Brilliance+1","MostiFishMod:Dust+1"],"picked":"MostiFishMod:CyberBuddha+1","floor":33},{"not_picked":["WreathOfFlame+1","Wallop+1","Consecrate+1","BattleHymn+1","SashWhip+1"],"picked":"Singing Bowl","floor":35},{"not_picked":["FollowUp+1","Nirvana+1","Consecrate+1","CutThroughFate+1"],"picked":"Tantrum+1","floor":35},{"not_picked":["testmod-Provocation+1","testmod-ComboMaster+1","Enlightenment+1","testmod-Bloodthirsty+1","Deep Breath+1"],"picked":"Singing Bowl","floor":37},{"not_picked":["Flash of Steel+1","testmod-Collector+1","Deep Breath+1","testmod-WeaknessCounterattack+1","Dramatic Entrance+1"],"picked":"Singing Bowl","floor":37},{"not_picked":["Trip+1","PanicButton+1","Dramatic Entrance+1","testmod-PerfectCombo+1","testmod-AdversityCounterattack+1"],"picked":"Singing Bowl","floor":37},{"not_picked":["CrushJoints+1","MostiFishMod:Speedup+1","ThirdEye+1","FollowUp+1","BowlingBash+1"],"picked":"Singing Bowl","floor":38},{"not_picked":["BowlingBash+1","Halt+1","PathToVictory+1","Protect+1","JustLucky+1"],"picked":"Singing Bowl","floor":38},{"not_picked":["Weave+1","Pray+1","FlyingSleeves+1","Conclude+1","ClearTheMind+1"],"picked":"Singing Bowl","floor":39},{"not_picked":["Consecrate+1","ThirdEye+1","BowlingBash+1","Prostrate+1","JustLucky+1"],"picked":"Singing Bowl","floor":39},{"not_picked":["SignatureMove+1","Tantrum+1","CrushJoints+1","BowlingBash+1","MostiFishMod:Pointsdynamics+1"],"picked":"Singing Bowl","floor":40},{"not_picked":["Halt+1","Weave+1","Adaptation+1","Nirvana+1","ThirdEye+1"],"picked":"Singing Bowl","floor":41},{"not_picked":["EmptyMind+1","MostiFishMod:FlowState+1","Adaptation+1","EmptyBody+1","Crescendo+1"],"picked":"Singing Bowl","floor":42},{"not_picked":["EmptyBody+1","Indignation+1","CrushJoints+1","Vengeance+1","Prostrate+1"],"picked":"Singing Bowl","floor":45},{"not_picked":["Evaluate+1","BowlingBash+1","ClearTheMind+1","Crescendo+1"],"picked":"FearNoEvil+1","floor":45},{"not_picked":["Fasting2+1","WheelKick+1","SashWhip+1","WreathOfFlame+1","ForeignInfluence+1"],"picked":"Singing Bowl","floor":46},{"not_picked":["Nirvana+1","PathToVictory+1","Wallop+1","Collect+1","Perseverance+1"],"picked":"Singing Bowl","floor":46},{"not_picked":["Bandage Up+1","MostiFishMod:KamiSmash+1","DimensionStaggered_purple+1","FlurryOfBlows+1","MokouMod:BlazingComet+1"],"picked":"Singing Bowl","floor":48},{"not_picked":["WatchEChange_purple+1","MokouMod:ControlledCombustion+1","Accuracy+1","Forethought+1","EighthInstrument_OneDividesIntoTwo_purple+1"],"picked":"Singing Bowl","floor":55}],"player_experience":1381509,"relics_obtained":[{"floor":1.0,"key":"SynthV:TestCard"},{"floor":7.0,"key":"Sundial"},{"floor":9.0,"key":"InkBottle"},{"floor":12.0,"key":"Art of War"},{"floor":23.0,"key":"Gremlin Horn"},{"floor":25.0,"key":"CombinedTypeHook"},{"floor":30.0,"key":"The Courier"},{"floor":40,"key":"Circlet"},{"floor":41,"key":"Circlet"},{"floor":42,"key":"Circlet"},{"floor":43,"key":"Circlet"},{"floor":43,"key":"Circlet"},{"floor":48,"key":"Circlet"},{"floor":55,"key":"Circlet"}],"event_choices":[{"damage_healed":0.0,"max_hp_gain":0.0,"max_hp_loss":0.0,"gold_gain":0.0,"event_name":"Living Wall","player_choice":"Grow","floor":2.0,"gold_loss":0.0,"damage_taken":0.0,"cards_upgraded":["Eruption"]},{"damage_healed":0.0,"max_hp_gain":0.0,"max_hp_loss":0.0,"gold_gain":0.0,"event_name":"Accursed Blacksmith","player_choice":"Rummage","floor":3.0,"gold_loss":0.0,"damage_taken":0.0,"relics_obtained":["WarpedTongs"],"cards_obtained":["Pain"]},{"cards_removed":["Defend_P"],"damage_healed":0.0,"max_hp_gain":0.0,"max_hp_loss":0.0,"gold_gain":0.0,"event_name":"Beggar","player_choice":"Gave Gold","floor":20.0,"gold_loss":75.0,"damage_taken":0.0},{"cards_removed":["Strike_P"],"damage_healed":0.0,"max_hp_gain":0.0,"max_hp_loss":0.0,"gold_gain":0.0,"event_name":"Back to Basics","player_choice":"Elegance","floor":22.0,"gold_loss":0.0,"damage_taken":0.0},{"damage_healed":0.0,"max_hp_gain":0.0,"max_hp_loss":0.0,"gold_gain":0.0,"event_name":"Addict","player_choice":"Obtained Relic","floor":29.0,"gold_loss":85.0,"damage_taken":0.0,"relics_obtained":["Molten Egg 2"]},{"damage_healed":0,"gold_gain":0,"player_choice":"Memory 3","damage_taken":10,"max_hp_gain":0,"max_hp_loss":0,"event_name":"SensoryStone","floor":37,"gold_loss":0}],"is_beta":false,"boss_relics":[{"not_picked":["testmod-Recursion","ShadowXiaoBlade"],"picked":"DiscerningMonocle"},{"not_picked":["Coffee Dripper","BloodWine"],"picked":"ChiXiaoBlade"}],"items_purged_floors":[14,21,36,54],"is_endless":false,"potions_floor_spawned":[5,11,12,13,16,18,23,27,28,30,33,35,38,39,40,41,42,45,46,48,55],"ascension_level":20}}