{"host":"lqbszw1tv2isqkrb","time":1609835761,"event":{"mods":["BaseMod","Downfall","Hermit","Hubris","Minty Spire (QoL Compilation)","Quick Restart","StSLib","The Animator","The Hierophant"],"gold_per_floor":[115,125,125,125,140,168,22,22,46,46,46,70,85,102,102,206,206,221,221,0,0,0],"floor_reached":21,"playtime":671,"items_purged":["Strike_R"],"score":204,"play_id":"2a7510c4-ab9d-4407-87e3-9d2d1329562f","local_time":"20210105033601","is_ascension_mode":true,"campfire_choices":[{"floor":8.0,"key":"REST"},{"floor":10.0,"key":"REST"},{"data":"Defend_R","floor":15.0,"key":"SMITH"}],"circlet_count":0,"master_deck":["Strike_R","Strike_R","Strike_R","Strike_R","Defend_R","Defend_R","Defend_R","Defend_R+1","Bash","Body Slam+1","Barricade"],"relics":["Burning Blood","NeowsBlessing","Juzu Bracelet","hubris:OldNail","StoneCalendar","Oddly Smooth Stone","Art of War","Happy Flower","SacredBark","hubris:EmptyBottle"],"acts_visited":["Exordium","TheCity"],"potions_floor_usage":[16,16,18],"damage_taken":[{"damage":0.0,"enemies":"Cultist","floor":1.0,"turns":1.0},{"damage":0.0,"enemies":"Jaw Worm","floor":2.0,"turns":1.0},{"damage":0.0,"enemies":"2 Louse","floor":5.0,"turns":1.0},{"damage":78.0,"enemies":"3 Sentries","floor":6.0,"turns":12.0},{"damage":0.0,"enemies":"Looter","floor":13.0,"turns":3.0},{"damage":13.0,"enemies":"3 Louse","floor":14.0,"turns":5.0},{"damage":29,"enemies":"Slime Boss","floor":16,"turns":9},{"damage":73,"enemies":"3 Byrds","floor":18,"turns":7},{"damage":15,"enemies":"2 Thieves","floor":21,"turns":2}],"seed_played":"-6239760395506533866","potions_obtained":[{"floor":2.0,"key":"Strength Potion"},{"floor":6.0,"key":"Swift Potion"},{"floor":14.0,"key":"SpeedPotion"}],"is_trial":false,"path_per_floor":["M","M","?","?","M","E","$","R","T","R","?","T","M","M","R","B",null,"M","?","$","M"],"character_chosen":"IRONCLAD","items_purchased":["Oddly Smooth Stone","hubris:EmptyBottle"],"campfire_rested":2,"item_purchase_floors":[7,20],"current_hp_per_floor":[80,80,80,77,80,8,8,32,32,56,56,56,62,55,55,32,80,13,13,13,0,0],"gold":0,"neow_bonus":"THREE_ENEMY_KILL","is_daily":false,"chose_seed":false,"campfire_upgraded":1,"win_rate":0.0,"timestamp":1609835761,"path_taken":["M","?","?","?","M","E","$","R","T","R","?","?","M","M","R","BOSS","M","?","$","M"],"items_purchased_type":["Relic","Relic"],"build_version":"2020-12-22","purchased_purges":1,"victory":false,"max_hp_per_floor":[80,80,80,80,80,80,80,80,80,80,80,80,80,80,80,80,80,80,80,80,80,80],"card_choices":[{"not_picked":["Heavy Blade","Cleave","Headbutt"],"picked":"SKIP","floor":1.0},{"not_picked":["Iron Wave","Wild Strike","Carnage"],"picked":"SKIP","floor":2.0},{"not_picked":["Thunderclap","Feel No Pain"],"picked":"Body Slam","floor":5.0},{"not_picked":["Iron Wave","Intimidate","Corruption"],"picked":"SKIP","floor":6.0},{"not_picked":["Heavy Blade","Wild Strike","Sentinel"],"picked":"SKIP","floor":13.0},{"not_picked":["Rage","hubris:ReadiedAction","Twin Strike"],"picked":"SKIP","floor":14.0},{"not_picked":["Exhume","hubris:StunningStrike"],"picked":"Barricade","floor":16},{"not_picked":["Wild Strike","Sword Boomerang","Anger"],"picked":"SKIP","floor":18}],"player_experience":405661,"relics_obtained":[{"floor":6.0,"key":"StoneCalendar"},{"floor":9.0,"key":"Art of War"},{"floor":12.0,"key":"Happy Flower"}],"event_choices":[{"damage_healed":0.0,"max_hp_gain":0.0,"max_hp_loss":0.0,"gold_gain":0.0,"event_name":"Big Fish","player_choice":"Box","floor":3.0,"gold_loss":0.0,"damage_taken":0.0,"relics_obtained":["Juzu Bracelet"],"cards_obtained":["Regret"]},{"damage_healed":0.0,"max_hp_gain":0.0,"max_hp_loss":0.0,"gold_gain":0.0,"event_name":"Scrap Ooze","player_choice":"Success","floor":4.0,"gold_loss":0.0,"damage_taken":3.0,"relics_obtained":["hubris:OldNail"]},{"damage_healed":0.0,"max_hp_gain":0.0,"max_hp_loss":0.0,"gold_gain":0.0,"event_name":"Living Wall","player_choice":"Grow","floor":11.0,"gold_loss":0.0,"damage_taken":0.0,"cards_upgraded":["Body Slam"]},{"cards_removed":["Regret"],"damage_healed":0,"gold_gain":0,"player_choice":"Removed Curses","damage_taken":0,"max_hp_gain":0,"max_hp_loss":0,"event_name":"Fountain of Cleansing","floor":19,"gold_loss":0}],"is_beta":false,"boss_relics":[{"not_picked":["Velvet Choker","hubris:HollowSoul"],"picked":"SacredBark"}],"items_purged_floors":[20],"is_endless":false,"potions_floor_spawned":[2,6,14],"killed_by":"2 Thieves","ascension_level":3}}