{"host":"0m7uut7ws4kj19nt","time":1609826672,"event":{"mods":["AchievementEnabler","BaseMod","Minty Spire (QoL Compilation)","Replay The Spire","StSLib","The Cursed","The Necromancer"],"gold_per_floor":[116,116,129,146,146,179,189,250,250,250,264,5,22,48,48,147,147,147,147],"floor_reached":18,"playtime":998,"items_purged":["Defend_G"],"score":189,"play_id":"02117584-41cb-4622-88e8-d53e1981cebc","local_time":"20210105130432","is_ascension_mode":true,"campfire_choices":[{"floor":10.0,"key":"REST"},{"floor":15,"key":"REST"}],"circlet_count":0,"master_deck":["Strike_G","Strike_G","Strike_G","Strike_G","Defend_G","Defend_G","Defend_G","Defend_G","Survivor","Neutralize+1","Distraction","Bane","Acrobatics","Noxious Fumes","Leg Sweep","Heel Hook","Burst","Malaise","Poisoned Stab","Outmaneuver","Toxin Wave","Phantasmal Killer"],"relics":["Ring of the Serpent","NeowsBlessing","PreservedInsect","Mirror","Smiling Mask","Peace Pipe"],"acts_visited":["Exordium","TheCity"],"potions_floor_usage":[14,16],"damage_taken":[{"damage":0.0,"enemies":"2 Louse","floor":1.0,"turns":1.0},{"damage":0.0,"enemies":"Cultist","floor":3.0,"turns":1.0},{"damage":0.0,"enemies":"Small Slimes","floor":4.0,"turns":1.0},{"damage":35.0,"enemies":"Replay:BlueRogue","floor":6.0,"turns":11.0},{"damage":1.0,"enemies":"Looter","floor":7.0,"turns":4.0},{"damage":9.0,"enemies":"Gremlin Nob","floor":8.0,"turns":4.0},{"damage":4.0,"enemies":"Exordium Wildlife","floor":11.0,"turns":4.0},{"damage":0,"enemies":"Blue Slaver","floor":13,"turns":5},{"damage":15,"enemies":"Gremlin Nob","floor":14,"turns":4},{"damage":25,"enemies":"Fading Forest","floor":16,"turns":11},{"damage":0,"enemies":"3 Byrds","floor":18,"turns":2}],"seed_played":"3452196764910630459","potions_obtained":[{"floor":3.0,"key":"SpeedPotion"},{"floor":7.0,"key":"AttackPotion"},{"floor":11.0,"key":"SteroidPotion"},{"floor":14,"key":"SkillPotion"}],"is_trial":false,"path_per_floor":["M","?","M","M","?","E","M","?","T","R","M","$","M","E","R","B",null,"M"],"character_chosen":"THE_SILENT","items_purchased":["Malaise","Poisoned Stab"],"campfire_rested":2,"item_purchase_floors":[12,12],"current_hp_per_floor":[70,70,70,70,63,28,27,18,18,39,35,35,35,20,41,16,70,70,70],"gold":147,"neow_bonus":"THREE_ENEMY_KILL","is_daily":false,"chose_seed":false,"campfire_upgraded":0,"win_rate":0.0,"timestamp":1609826672,"path_taken":["M","?","?","M","?","E","M","?","T","R","M","?","M","E","R","BOSS","M"],"items_purchased_type":["Card","Card"],"build_version":"2020-12-22","purchased_purges":1,"victory":false,"max_hp_per_floor":[70,70,70,70,70,70,70,70,70,70,70,70,70,70,70,70,70,70,70],"card_choices":[{"not_picked":["Deadly Poison","Sucker Punch"],"picked":"Distraction","floor":1.0},{"not_picked":["Dash","Hidden Blade"],"picked":"Bane","floor":3.0},{"not_picked":["ReplayTheSpireMod:Scrap Shanks","Endless Agony"],"picked":"Acrobatics","floor":4.0},{"not_picked":["Deflect","Endless Agony"],"picked":"Noxious Fumes","floor":6.0},{"not_picked":["Deadly Poison","Caltrops"],"picked":"Leg Sweep","floor":7.0},{"not_picked":["Outmaneuver","Deadly Poison"],"picked":"Heel Hook","floor":8.0},{"not_picked":["Sucker Punch","Leg Sweep"],"picked":"Burst","floor":11.0},{"not_picked":["Well Laid Plans","Slice"],"picked":"Outmaneuver","floor":13},{"not_picked":["Sneak Up","Accuracy"],"picked":"Toxin Wave","floor":14},{"not_picked":["Storm of Steel","Night Terror"],"picked":"Phantasmal Killer","floor":16}],"player_experience":117096,"relics_obtained":[{"floor":6.0,"key":"PreservedInsect"},{"floor":8.0,"key":"Mirror"},{"floor":9.0,"key":"Smiling Mask"},{"floor":14,"key":"Peace Pipe"}],"event_choices":[{"damage_healed":0.0,"max_hp_gain":0.0,"max_hp_loss":0.0,"gold_gain":0.0,"event_name":"Upgrade Shrine","player_choice":"Upgraded","floor":2.0,"gold_loss":0.0,"damage_taken":0.0,"cards_upgraded":["Neutralize"]},{"cards_removed":["Strike_G"],"damage_healed":0.0,"max_hp_gain":0.0,"max_hp_loss":0.0,"gold_gain":0.0,"event_name":"Golden Wing","player_choice":"Card Removal","floor":5.0,"gold_loss":0.0,"damage_taken":7.0},{"damage_healed":0.0,"max_hp_gain":0.0,"max_hp_loss":0.0,"gold_gain":0.0,"event_name":"Dead Adventurer","player_choice":"Searched \u00271\u0027 times","floor":8.0,"gold_loss":0.0,"damage_taken":0.0}],"is_beta":false,"boss_relics":[{"not_picked":["WristBlade","HoveringKite"],"picked":"Ring of the Serpent"}],"items_purged_floors":[12],"is_endless":false,"potions_floor_spawned":[3,7,11,14],"killed_by":"3 Byrds","ascension_level":2}}