{"host":"dk10vuzdqf3wivcv","time":1609890060,"event":{"mods":["Aspiration","Astrologer","BaseMod","Colored Map","Conspire","Friendly Minions","Hubris","Minty Spire (QoL Compilation)","Replay The Spire","StSLib","SuperFastMode","Td1madao Mod","The Animator","The Cursed","The Gatherer","The Hierophant","The Jungle","The Marked","The Servant 0.9.4"],"gold_per_floor":[123,149,165,165,178,216,216,216,216],"floor_reached":8,"playtime":434,"items_purged":[],"score":111,"play_id":"d4a25d1c-3498-4080-9e0b-cc6759606673","local_time":"20210106004100","is_ascension_mode":true,"campfire_choices":[{"floor":7,"key":"RECALL"}],"circlet_count":0,"master_deck":["conspire:GhostlyStrike","conspire:GhostlyDefend","conspire:GhostlyStrike","conspire:GhostlyStrike","conspire:GhostlyStrike","conspire:GhostlyDefend","conspire:GhostlyDefend","conspire:GhostlyDefend","animator:TukaLunaMarceau","animator:Kuribayashi","animator:KrulTepes","animator:Tyuule","animator:Bozes","animator:YaoHaDucy"],"relics":["animator:LivingPicture","animator:TheMissingPiece","animator:PurgingStone","Blood Vial","aspiration:Lifesprig"],"acts_visited":["Exordium"],"potions_floor_usage":[5,8],"damage_taken":[{"damage":4,"enemies":"Cultist","floor":1,"turns":4},{"damage":3,"enemies":"Small Slimes","floor":2,"turns":4},{"damage":10,"enemies":"Jaw Worm","floor":3,"turns":5},{"damage":11,"enemies":"2 Fungi Beasts","floor":5,"turns":4},{"damage":30,"enemies":"Gremlin Nob","floor":6,"turns":5},{"damage":22,"enemies":"Lagavulin","floor":8,"turns":5}],"seed_played":"4907377704287950224","potions_obtained":[{"floor":2,"key":"Explosive Potion"},{"floor":5,"key":"Elixir"},{"floor":6,"key":"BlessingOfTheForge"}],"is_trial":false,"path_per_floor":["M","M","M","?","M","E","R","E"],"character_chosen":"THE_ANIMATOR","items_purchased":[],"campfire_rested":0,"item_purchase_floors":[],"current_hp_per_floor":[68,65,55,55,45,15,15,0,0],"gold":216,"neow_bonus":"TEN_PERCENT_HP_BONUS","is_daily":false,"chose_seed":false,"campfire_upgraded":0,"win_rate":0.0,"timestamp":1609890060,"path_taken":["M","?","M","?","M","E","R","E"],"items_purchased_type":[],"build_version":"2020-12-22","purchased_purges":0,"victory":false,"max_hp_per_floor":[72,72,72,72,73,73,73,73,73],"card_choices":[{"not_picked":["animator:Cocytus","animator:Mikaela"],"picked":"animator:KrulTepes","floor":1},{"not_picked":["animator:Shuna","animator:Witch"],"picked":"animator:Tyuule","floor":2},{"not_picked":["animator:Saber","animator:Archer","animator:Illya"],"picked":"SKIP","floor":3},{"not_picked":["animator:Arpeggio","animator:Kuribayashi"],"picked":"animator:Bozes","floor":5},{"not_picked":["animator:EmiyaShirou","animator:Mitsuba"],"picked":"animator:YaoHaDucy","floor":6}],"player_experience":133127,"relics_obtained":[{"floor":6,"key":"Blood Vial"},{"floor":6,"key":"aspiration:Lifesprig"}],"event_choices":[{"damage_healed":0,"gold_gain":0,"player_choice":"Agree","damage_taken":0,"max_hp_gain":0,"max_hp_loss":0,"event_name":"conspire:LoneGhost","floor":4,"gold_loss":0}],"is_beta":false,"boss_relics":[],"items_purged_floors":[],"is_endless":false,"potions_floor_spawned":[2,5,6],"killed_by":"Lagavulin","ascension_level":1}}