{"host":"4osij1ol4dzgs8fu","time":1609880720,"event":{"mods":["AlwaysNeverKeys","BaseMod","Block Reminder","Custom Start","DeckTracker","Minty Spire (QoL Compilation)","Random Character Button","Rare Cards Sparkle","Relic Sorter","Relic Stats","ShortenTheSpire","StSLib","SuperFastMode"],"gold_per_floor":[117,132,145,155,175,208,221,241,241,241,267,267,30,44,44,141,141,153,28,41,60,71,97,107,107,130,163,178,188,188,202,202,305,305,320,336,347,362,237,237,250,264,264,294,307,130,143,143,143,143],"floor_reached":51,"playtime":4084,"items_purged":["Regret","Strike_P","Defend_P"],"score":793,"play_id":"4afd501a-f135-4673-9ec4-03e4ac786a13","local_time":"20210105210520","is_ascension_mode":false,"campfire_choices":[{"data":"ClearTheMind","floor":10.0,"key":"SMITH"},{"data":"EmptyMind","floor":15.0,"key":"SMITH"},{"floor":25.0,"key":"REST"},{"data":"Halt","floor":30.0,"key":"SMITH"},{"data":"FlurryOfBlows","floor":32.0,"key":"SMITH"},{"data":"Scrawl","floor":40.0,"key":"SMITH"},{"data":"FlurryOfBlows","floor":49,"key":"SMITH"}],"circlet_count":0,"master_deck":["Strike_P","Strike_P","Strike_P","Defend_P","Defend_P","Defend_P","Eruption+1","Vigilance","FlurryOfBlows+1","EmptyMind+1","FlurryOfBlows+1","ClearTheMind+1","Indignation","EmptyBody","FearNoEvil+1","Halt+1","Scrawl+1","Crescendo+1","TalkToTheHand+1","Secret Technique"],"relics":["PureWater","Shuriken","Mercury Hourglass","Pantograph","Nunchaku","VioletLotus","HornCleat","Damaru","Gambling Chip","Black Star","Frozen Egg 2","Omamori","Centennial Puzzle"],"acts_visited":["Exordium","TheCity","TheBeyond"],"potions_floor_usage":[50],"damage_taken":[{"damage":0.0,"enemies":"Cultist","floor":1.0,"turns":4.0},{"damage":9.0,"enemies":"2 Louse","floor":2.0,"turns":3.0},{"damage":0.0,"enemies":"Small Slimes","floor":3.0,"turns":2.0},{"damage":7.0,"enemies":"2 Fungi Beasts","floor":4.0,"turns":4.0},{"damage":0.0,"enemies":"Looter","floor":5.0,"turns":2.0},{"damage":15.0,"enemies":"Gremlin Nob","floor":6.0,"turns":3.0},{"damage":4.0,"enemies":"Gremlin Gang","floor":7.0,"turns":3.0},{"damage":2.0,"enemies":"Exordium Thugs","floor":8.0,"turns":3.0},{"damage":4.0,"enemies":"3 Sentries","floor":11.0,"turns":3.0},{"damage":2.0,"enemies":"2 Fungi Beasts","floor":14.0,"turns":3.0},{"damage":0.0,"enemies":"Slime Boss","floor":16.0,"turns":3.0},{"damage":0.0,"enemies":"Spheric Guardian","floor":18.0,"turns":2.0},{"damage":0.0,"enemies":"3 Byrds","floor":20.0,"turns":3.0},{"damage":12.0,"enemies":"Centurion and Healer","floor":21.0,"turns":5.0},{"damage":5.0,"enemies":"Snecko","floor":22.0,"turns":4.0},{"damage":22.0,"enemies":"Book of Stabbing","floor":23.0,"turns":4.0},{"damage":0.0,"enemies":"3 Cultists","floor":24.0,"turns":3.0},{"damage":0.0,"enemies":"Gremlin Leader","floor":27.0,"turns":4.0},{"damage":0.0,"enemies":"Cultist and Chosen","floor":28.0,"turns":3.0},{"damage":0.0,"enemies":"Chosen and Byrds","floor":29.0,"turns":2.0},{"damage":6.0,"enemies":"Snake Plant","floor":31.0,"turns":5.0},{"damage":45.0,"enemies":"Automaton","floor":33.0,"turns":10.0},{"damage":3.0,"enemies":"3 Darklings","floor":35.0,"turns":3.0},{"damage":0.0,"enemies":"3 Shapes","floor":36.0,"turns":1.0},{"damage":0.0,"enemies":"3 Darklings","floor":37.0,"turns":3.0},{"damage":0.0,"enemies":"4 Shapes","floor":38.0,"turns":1.0},{"damage":0.0,"enemies":"Maw","floor":41.0,"turns":3.0},{"damage":0.0,"enemies":"Jaw Worm Horde","floor":42.0,"turns":2.0},{"damage":26.0,"enemies":"Nemesis","floor":44.0,"turns":3.0},{"damage":0.0,"enemies":"Transient","floor":45.0,"turns":5.0},{"damage":0,"enemies":"Maw","floor":47,"turns":4},{"damage":40,"enemies":"Awakened One","floor":50,"turns":7}],"seed_played":"-5790851360103212741","potions_obtained":[{"floor":1.0,"key":"Ambrosia"},{"floor":3.0,"key":"Energy Potion"},{"floor":6.0,"key":"ColorlessPotion"},{"floor":16.0,"key":"SpeedPotion"},{"floor":23.0,"key":"BottledMiracle"},{"floor":24.0,"key":"Dexterity Potion"},{"floor":27.0,"key":"SkillPotion"},{"floor":33.0,"key":"BlessingOfTheForge"},{"floor":47,"key":"CultistPotion"}],"is_trial":false,"path_per_floor":["M","M","M","M","M","E","M","M","T","R","E","?","$","M","R","B",null,"M","$","M","M","M","E","M","R","T","E","M","M","R","M","R","B",null,"M","M","M","M","$","R","M","M","T","E","M","$","M","?","R","B",null],"character_chosen":"WATCHER","items_purchased":["Panache","EmptyBody","Secret Technique"],"campfire_rested":1,"item_purchase_floors":[13,19,46],"current_hp_per_floor":[72,63,63,56,56,41,37,35,35,35,31,31,31,29,29,54,72,72,72,72,60,55,33,33,54,54,54,54,54,54,48,48,27,72,69,69,69,69,69,69,69,69,69,43,43,43,43,43,43,28],"gold":143,"neow_bonus":"UPGRADE_CARD","is_daily":false,"chose_seed":false,"campfire_upgraded":6,"win_rate":0.0,"timestamp":1609880720,"path_taken":["M","M","M","M","M","E","M","?","T","R","E","?","$","M","R","BOSS","M","$","M","M","M","E","M","R","T","E","M","M","R","M","R","BOSS","M","M","M","M","$","R","M","M","T","E","M","$","M","?","R","BOSS"],"items_purchased_type":["Card","Card","Card"],"build_version":"2020-12-22","purchased_purges":3,"victory":true,"max_hp_per_floor":[72,72,72,72,72,72,72,72,72,72,72,72,72,72,72,72,72,72,72,72,72,72,72,72,72,72,72,72,72,72,72,72,72,72,72,72,72,72,72,72,72,72,72,72,72,72,72,72,72,72],"relic_stats":{"Nunchaku":[33],"Centennial Puzzle":[3],"counters":[32,110],"Shuriken":[97],"Pantograph":74,"Gambling Chip":[33],"VioletLotus":[43],"Black Star":1,"obtain_stats":[{"Damaru":26,"Omamori":44,"Frozen Egg 2":43,"Mercury Hourglass":9,"Nunchaku":12,"Centennial Puzzle":44,"HornCleat":23,"Shuriken":6,"Pantograph":11,"Gambling Chip":27,"VioletLotus":17,"Black Star":34,"PureWater":0},{"Damaru":17,"Omamori":29,"Frozen Egg 2":28,"Mercury Hourglass":8,"Nunchaku":9,"Centennial Puzzle":29,"HornCleat":16,"Shuriken":6,"Pantograph":9,"Gambling Chip":18,"VioletLotus":11,"Black Star":22,"PureWater":0},{"Damaru":54,"Omamori":94,"Frozen Egg 2":91,"Mercury Hourglass":24,"Nunchaku":27,"Centennial Puzzle":94,"HornCleat":51,"Shuriken":18,"Pantograph":27,"Gambling Chip":58,"VioletLotus":33,"Black Star":78,"PureWater":0}],"Mercury Hourglass":[382]},"card_choices":[{"not_picked":["WaveOfTheHand","EmptyBody"],"picked":"FlurryOfBlows","floor":1.0},{"not_picked":["FollowUp","CutThroughFate","EmptyBody"],"picked":"SKIP","floor":2.0},{"not_picked":["Pray","EmptyFist"],"picked":"EmptyMind","floor":3.0},{"not_picked":["Sanctity","SandsOfTime","CrushJoints"],"picked":"SKIP","floor":4.0},{"not_picked":["MentalFortress","Evaluate"],"picked":"FlurryOfBlows","floor":5.0},{"not_picked":["FlyingSleeves","Tantrum","Pray"],"picked":"SKIP","floor":6.0},{"not_picked":["Study","Wallop","Prostrate"],"picked":"SKIP","floor":7.0},{"not_picked":["Alpha","BattleHymn"],"picked":"ClearTheMind","floor":8.0},{"not_picked":["WreathOfFlame","Pray","JustLucky"],"picked":"SKIP","floor":11.0},{"not_picked":["EmptyFist","Conclude"],"picked":"Indignation","floor":14.0},{"not_picked":["FollowUp+1","Indignation","Swivel+1"],"picked":"SKIP","floor":18.0},{"not_picked":["SashWhip","ThirdEye","Indignation+1"],"picked":"SKIP","floor":20.0},{"not_picked":["ForeignInfluence","EmptyMind","Evaluate"],"picked":"SKIP","floor":21.0},{"not_picked":["ClearTheMind+1","CrushJoints","FollowUp"],"picked":"SKIP","floor":22.0},{"not_picked":["Indignation","ThirdEye","Worship"],"picked":"SKIP","floor":23.0},{"not_picked":["Protect","ThirdEye"],"picked":"FearNoEvil+1","floor":24.0},{"not_picked":["CutThroughFate","Consecrate+1"],"picked":"Halt","floor":27.0},{"not_picked":["MentalFortress","Prostrate","ConjureBlade"],"picked":"SKIP","floor":28.0},{"not_picked":["Protect","EmptyBody","Meditate"],"picked":"SKIP","floor":29.0},{"not_picked":["ClearTheMind+1","Conclude","PathToVictory"],"picked":"SKIP","floor":31.0},{"not_picked":["ConjureBlade","Devotion"],"picked":"Scrawl","floor":33.0},{"not_picked":["ThirdEye+1","EmptyBody+1","EmptyFist+1"],"picked":"SKIP","floor":35.0},{"not_picked":["BowlingBash+1","EmptyFist","Sanctity"],"picked":"SKIP","floor":36.0},{"not_picked":["Swivel","SignatureMove+1","Prostrate"],"picked":"SKIP","floor":37.0},{"not_picked":["Conclude","JustLucky+1"],"picked":"Crescendo+1","floor":38.0},{"not_picked":["Prostrate+1","Nirvana","Protect+1"],"picked":"SKIP","floor":41.0},{"not_picked":["CarveReality","EmptyMind+1","CrushJoints"],"picked":"SKIP","floor":42.0},{"not_picked":["WaveOfTheHand","CutThroughFate"],"picked":"TalkToTheHand+1","floor":44.0},{"not_picked":["EmptyBody","Tantrum","Perseverance"],"picked":"SKIP","floor":45.0},{"not_picked":["ThirdEye+1","Conclude+1","Prostrate"],"picked":"SKIP","floor":47}],"player_experience":201642,"relics_obtained":[{"floor":6.0,"key":"Shuriken"},{"floor":9.0,"key":"Mercury Hourglass"},{"floor":11.0,"key":"Pantograph"},{"floor":23.0,"key":"HornCleat"},{"floor":26.0,"key":"Damaru"},{"floor":27.0,"key":"Gambling Chip"},{"floor":43.0,"key":"Frozen Egg 2"},{"floor":44.0,"key":"Omamori"},{"floor":44.0,"key":"Centennial Puzzle"}],"event_choices":[{"damage_healed":0.0,"max_hp_gain":0.0,"max_hp_loss":0.0,"gold_gain":0.0,"event_name":"Big Fish","player_choice":"Box","floor":12.0,"gold_loss":0.0,"damage_taken":0.0,"relics_obtained":["Nunchaku"],"cards_obtained":["Regret"]},{"cards_removed":["Panache"],"damage_healed":0,"gold_gain":0,"player_choice":"Removed Power","damage_taken":0,"max_hp_gain":0,"max_hp_loss":0,"event_name":"Falling","floor":48,"gold_loss":0}],"is_beta":false,"boss_relics":[{"not_picked":["Busted Crown","Coffee Dripper"],"picked":"VioletLotus"},{"not_picked":["Runic Pyramid","Philosopher\u0027s Stone"],"picked":"Black Star"}],"items_purged_floors":[13,19,39],"is_endless":false,"potions_floor_spawned":[1,3,6,16,20,23,24,27,29,33,37,41,42,47],"ascension_level":0}}