{"host":"uwjo8zj11ergqio9","time":1609809778,"event":{"mods":["BaseMod","Downfall","Infinite Spire","Jorbs\u0027s Wanderer Trilogy","Minty Spire (QoL Compilation)","Rare Cards Sparkle","Replay The Spire","StSLib","The Animator","The Cursed","The Hierophant","The Jungle"],"gold_per_floor":[109,141,332,332,355,355,383,402,474,474,474,474,474],"floor_reached":12,"playtime":707,"items_purged":[],"score":78,"play_id":"b74af228-125f-4668-90c1-1c429ddeecb5","local_time":"20210104202258","is_ascension_mode":false,"campfire_choices":[{"floor":6,"key":"REST"},{"floor":11,"key":"REST"}],"circlet_count":0,"master_deck":["animator:Strike_Konosuba","animator:Defend_Konosuba","animator:Strike","animator:Strike","animator:Strike","animator:Defend","animator:Defend","animator:Defend","animator:Kazuma","animator:Aqua","animator:Mikaela","animator:Genos","animator:YaoHaDucy","animator:YunYun","animator:Melzalgald","animator:Vanir"],"relics":["animator:LivingPicture","animator:TheMissingPiece","animator:PurgingStone","Unceasing Top","FaceOfCleric","Bag of Preparation","Prayer Wheel"],"acts_visited":["Exordium"],"potions_floor_usage":[],"damage_taken":[{"damage":0,"enemies":"2 Louse","floor":1,"turns":5},{"damage":1,"enemies":"Jaw Worm","floor":2,"turns":4},{"damage":1,"enemies":"Cultist","floor":5,"turns":5},{"damage":38,"enemies":"Gremlin Nob","floor":7,"turns":5},{"damage":18,"enemies":"Exordium Thugs","floor":8,"turns":4},{"damage":28,"enemies":"Lagavulin","floor":12,"turns":3}],"seed_played":"2965392969537174160","potions_obtained":[{"floor":1,"key":"Death Potion"},{"floor":7,"key":"SteroidPotion"}],"is_trial":false,"path_per_floor":["M","M","?","?","M","R","E","M","T","T","R","E"],"character_chosen":"THE_ANIMATOR","items_purchased":[],"campfire_rested":2,"item_purchase_floors":[],"current_hp_per_floor":[50,49,33,33,35,55,19,5,5,5,26,0,0],"gold":474,"neow_bonus":"ONE_RARE_RELIC","is_daily":false,"chose_seed":false,"campfire_upgraded":0,"win_rate":0.0,"timestamp":1609809778,"path_taken":["M","M","?","?","?","R","E","M","T","?","R","E"],"items_purchased_type":[],"build_version":"2020-12-22","purchased_purges":0,"victory":false,"max_hp_per_floor":[66,66,66,66,67,67,69,71,71,71,71,71,71],"card_choices":[{"not_picked":["animator:YuiTsuruno","animator:Ciel"],"picked":"animator:Mikaela","floor":1},{"not_picked":["animator:OrikoMikuni","animator:Aisha"],"picked":"animator:Genos","floor":2},{"not_picked":["animator:Yoichi","animator:Genos"],"picked":"animator:YaoHaDucy","floor":3},{"not_picked":["animator:Geryuganshoop","animator:Laby"],"picked":"animator:YunYun","floor":5},{"not_picked":["animator:Geryuganshoop","animator:Tatsumaki"],"picked":"animator:Melzalgald","floor":7},{"not_picked":["animator:NagisaMomoe","animator:MetalKnight"],"picked":"animator:Vanir","floor":8}],"player_experience":22057,"relics_obtained":[{"floor":7,"key":"Bag of Preparation"},{"floor":10,"key":"Prayer Wheel"}],"event_choices":[{"damage_healed":0,"gold_gain":0,"player_choice":"Trade","damage_taken":0,"relics_obtained":["FaceOfCleric"],"max_hp_gain":0,"max_hp_loss":0,"event_name":"FaceTrader","floor":4,"gold_loss":0}],"is_beta":false,"boss_relics":[],"items_purged_floors":[],"is_endless":false,"potions_floor_spawned":[1,7],"killed_by":"Lagavulin","ascension_level":0}}