{"host":"8zg25aa619vmqq54","time":1609820294,"event":{"mods":["ATMod(°¢èªMod)","BaseMod","Downfall","Marisa£¨ìFÓê¡¡Ä§ÀíÉ³£©","Minty Spire (QoL Compilation)","Replay The Spire","Shop Mod","Spicy Shops","StSLib","The Alterego","The Animator","The Servant 0.9.4","¡¾ÒÅÎï¿¨ÅÆ¡¿REMEMod"],"gold_per_floor":[114,114,114,114,124,124,124,150,75,88,113,113,130,149,224,254,254,356,356,371,386,34,44,44,44,55,55,78,112,112,112,37,37,37,132,132,150,169,240,253,300,300,317,317,317,38,54,74,97,97,97,97],"floor_reached":53,"playtime":3343,"items_purged":["Regret","Looming Evil","Voices"],"score":661,"play_id":"ff29d0a5-85b2-49d8-8ca6-0dd40b89ee73","local_time":"20210105121814","is_ascension_mode":true,"campfire_choices":[{"data":"AT_RealColorLess","floor":17.0,"key":"SMITH"},{"floor":25.0,"key":"REST"},{"data":"Solidify","floor":27.0,"key":"SMITH"},{"floor":30.0,"key":"RECALL"},{"data":"AT_EmpoweredMortalDraw","floor":42.0,"key":"SMITH"},{"data":"StarChef","floor":44.0,"key":"SMITH"}],"circlet_count":0,"master_deck":["Strike_S","Strike_S","Strike_S","Defend_S","Defend_S","Defend_S","Defend_S","KidneyShot","Exchange","AT_RealColorLess+1","Feed","Rearm","GearUp","Luminosity","Misdirection","Desolation","ShatteredReality","Defy","Ricochet","Spin","Pot Of Greed","Pot Of Greed","StarChef+1","Defy","Pot Of Greed","ShiftingGears","Solidify+1","BottledTime+1","Defy+1","Initiator","Potential","Spin+1","BottledTime","Initiator","Dilation","Pot Of Greed","AT_EmpoweredMortalDraw+1","Advance+1","ReturningBlade+2","ReplayTheSpireMod:Splinters","DoubleEdge","Defy+1","Starlight+1","Read","BestPractice+1","Pot Of Greed","Ricochet","SoulSculpture"],"relics":["Uniform","AT_ATBox","REME_ComplimentaryCards","NeowsBlessing","AT_ArcaneBoots","Ring of Fury","ReplayFunnel","Grinning Jar","AT_RedNoBalance","REME_ChargedStone","ReplayTheSpireMod:CursedCoin","Pan","Vajra","REME_HourglassOfDeath","ReplayTheSpireMod:Shallot","AT_MortalBlade","Potion Belt","Replay:PocketPolymizer","Mirror","AT_SunfireAegis","Nunchaku","Gremlin Horn"],"acts_visited":["Exordium","TheCity","TheBeyond"],"potions_floor_usage":[52,52,52,52,52],"damage_taken":[{"damage":0.0,"enemies":"Jaw Worm","floor":1.0,"turns":1.0},{"damage":2.0,"enemies":"Small Slimes","floor":5.0,"turns":2.0},{"damage":0.0,"enemies":"Gremlin Nob","floor":8.0,"turns":1.0},{"damage":0.0,"enemies":"2 Louse","floor":10.0,"turns":2.0},{"damage":2.0,"enemies":"Looter","floor":13.0,"turns":2.0},{"damage":0.0,"enemies":"Gremlin Gang","floor":14.0,"turns":2.0},{"damage":12.0,"enemies":"3 Sentries","floor":16.0,"turns":4.0},{"damage":10.0,"enemies":"Fading Forest","floor":18.0,"turns":11.0},{"damage":5.0,"enemies":"3 Byrds","floor":20.0,"turns":3.0},{"damage":10.0,"enemies":"2 Thieves","floor":21.0,"turns":3.0},{"damage":1.0,"enemies":"Sentry and Sphere","floor":23.0,"turns":3.0},{"damage":0.0,"enemies":"3 Cultists","floor":26.0,"turns":2.0},{"damage":9.0,"enemies":"Gremlin Leader","floor":29.0,"turns":3.0},{"damage":58.0,"enemies":"Champ","floor":35.0,"turns":11.0},{"damage":0.0,"enemies":"3 Darklings","floor":37.0,"turns":1.0},{"damage":0.0,"enemies":"Orb Walker","floor":38.0,"turns":2.0},{"damage":0.0,"enemies":"Jaw Worm Horde","floor":40.0,"turns":1.0},{"damage":11.0,"enemies":"2 Orb Walkers","floor":41.0,"turns":2.0},{"damage":12.0,"enemies":"Transient","floor":43.0,"turns":5.0},{"damage":0.0,"enemies":"3 Darklings","floor":47.0,"turns":1.0},{"damage":5.0,"enemies":"4 Shapes","floor":48.0,"turns":1.0},{"damage":16,"enemies":"Replay:Hell Engine","floor":52,"turns":4}],"seed_played":"-3732119678081613846","potions_obtained":[{"floor":1.0,"key":"FearPotion"},{"floor":5.0,"key":"Explosive Potion"},{"floor":8.0,"key":"BlessingOfTheForge"},{"floor":16.0,"key":"PowerPotion"},{"floor":20.0,"key":"Reflective Coating"},{"floor":26.0,"key":"Energy Potion"},{"floor":33.0,"key":"Death Potion"},{"floor":39.0,"key":"Flashbang"},{"floor":43.0,"key":"Dexterity Potion"},{"floor":47.0,"key":"EssenceOfSteel"}],"is_trial":false,"path_per_floor":["M","?","PTL","PTL","M","?","?","E","$","M","T","$","M","M","?","E","R","B",null,"M","M","$","M","?","R","M","R","T","E","R","?","?","?","R","B",null,"M","M","?","M","?","R","M","R","T","$","M","M","T","T","R","B",null],"character_chosen":"THE_SERVANT","items_purchased":["ReplayTheSpireMod:CursedCoin","Pan","Initiator","Vajra","AT_SunfireAegis"],"campfire_rested":1,"item_purchase_floors":[22,22,22,22,46],"current_hp_per_floor":[65,65,65,65,66,66,66,66,66,69,69,69,70,73,62,50,50,48,77,33,26,26,28,28,52,55,55,55,46,46,74,74,74,74,16,86,86,86,86,89,81,81,69,69,69,69,69,64,64,64,91,75],"gold":97,"neow_bonus":"THREE_ENEMY_KILL","is_daily":false,"chose_seed":false,"campfire_upgraded":4,"win_rate":0.0,"timestamp":1609820294,"path_taken":["M","?","PTL","PTL","M","?","?","E","$","M","T","$","M","M","?","E","R","BOSS","M","M","$","M","?","R","M","R","T","E","R","?","?","?","R","BOSS","M","?","?","?","?","R","M","R","T","$","M","M","?","?","R","BOSS"],"items_purchased_type":["Relic","Relic","Card","Relic","Relic"],"build_version":"2020-12-22","purchased_purges":3,"victory":true,"max_hp_per_floor":[65,65,65,65,68,68,68,68,68,71,71,71,74,77,77,77,77,77,77,77,80,80,83,83,83,86,86,86,86,86,86,86,86,86,86,86,86,86,86,89,92,92,92,92,92,92,92,92,92,92,92,92],"card_choices":[{"not_picked":["Revamp","Replace"],"picked":"Rearm","floor":1.0},{"not_picked":["Rewind","MoonPhase"],"picked":"GearUp","floor":5.0},{"not_picked":["Advance","Replace"],"picked":"Ricochet","floor":8.0},{"not_picked":["Unruled","FastForward"],"picked":"Spin","floor":10.0},{"not_picked":["Misdirection","Starlight"],"picked":"StarChef","floor":13.0},{"not_picked":["DualDimension","Ricochet"],"picked":"Defy","floor":14.0},{"not_picked":["Luminosity","FastForward"],"picked":"ShiftingGears","floor":16.0},{"not_picked":["PendulumOfEternity","ForgedInTime"],"picked":"Solidify","floor":18.0},{"not_picked":["Spin","Comet+1"],"picked":"BottledTime+1","floor":20.0},{"not_picked":["Rearm","DoubleEdge"],"picked":"Defy+1","floor":21.0},{"not_picked":["BottledTime","Luminosity"],"picked":"Potential","floor":23.0},{"not_picked":["Ricochet","Defy"],"picked":"Spin+1","floor":26.0},{"not_picked":["StarChef","Collapse"],"picked":"BottledTime","floor":29.0},{"not_picked":["Sunlight","Initiator"],"picked":"Dilation","floor":35.0},{"not_picked":["Defy+1","ReturningBlade+1"],"picked":"Advance+1","floor":37.0},{"not_picked":["Revamp+1","Moonlight"],"picked":"ReturningBlade+1","floor":38.0},{"not_picked":["Unruled","Spin+1"],"picked":"DoubleEdge","floor":39.0},{"not_picked":["DualDimension","Snipe"],"picked":"Defy+1","floor":39.0},{"not_picked":["DoubleEdge+1","Dilation"],"picked":"Starlight+1","floor":40.0},{"not_picked":["RealityMarble","FastForward+1"],"picked":"Collapse+1","floor":41.0},{"not_picked":["Rearm","Rewind+1"],"picked":"Potential","floor":43.0},{"not_picked":["FastForward+1","BottledTime"],"picked":"BestPractice+1","floor":47.0},{"not_picked":["Potential","DoubleEdge"],"picked":"Ricochet","floor":48.0}],"player_experience":44347,"relics_obtained":[{"floor":7.0,"key":"Ring of Fury"},{"floor":8.0,"key":"ReplayFunnel"},{"floor":11.0,"key":"Grinning Jar"},{"floor":16.0,"key":"AT_SilverBalance"},{"floor":29.0,"key":"ReplayTheSpireMod:Shallot"},{"floor":39.0,"key":"Potion Belt"},{"floor":41.0,"key":"Replay:PocketPolymizer"},{"floor":45.0,"key":"Mirror"},{"floor":49.0,"key":"Nunchaku"},{"floor":50.0,"key":"Gremlin Horn"}],"event_choices":[{"damage_healed":0.0,"max_hp_gain":0.0,"max_hp_loss":0.0,"gold_gain":0.0,"event_name":"Big Fish","player_choice":"Box","floor":2.0,"gold_loss":0.0,"damage_taken":0.0,"relics_obtained":["AT_SpeedBoots"],"cards_obtained":["Regret"]},{"damage_healed":0.0,"max_hp_gain":0.0,"max_hp_loss":0.0,"gold_gain":75.0,"event_name":"World of Goop","player_choice":"Gather Gold","floor":15.0,"gold_loss":0.0,"damage_taken":11.0},{"damage_healed":0.0,"max_hp_gain":0.0,"max_hp_loss":0.0,"gold_gain":0.0,"event_name":"Addict","player_choice":"Stole Relic","floor":24.0,"gold_loss":0.0,"damage_taken":0.0,"relics_obtained":["REME_HourglassOfDeath"],"cards_obtained":["Shame"]},{"damage_healed":28.0,"max_hp_gain":0.0,"max_hp_loss":0.0,"gold_gain":0.0,"event_name":"The Library","player_choice":"Heal","floor":31.0,"gold_loss":0.0,"damage_taken":0.0},{"cards_removed":["Shame"],"damage_healed":0.0,"max_hp_gain":0.0,"max_hp_loss":0.0,"gold_gain":0.0,"event_name":"Beggar","player_choice":"Gave Gold","floor":32.0,"gold_loss":75.0,"damage_taken":0.0},{"damage_healed":0.0,"max_hp_gain":0.0,"max_hp_loss":0.0,"gold_gain":0.0,"event_name":"Lab","player_choice":"Got Potions","floor":33.0,"gold_loss":0.0,"damage_taken":0.0},{"damage_healed":0.0,"max_hp_gain":0.0,"max_hp_loss":0.0,"gold_gain":0.0,"event_name":"Mysterious Sphere","player_choice":"Fight","floor":41.0,"gold_loss":0.0,"damage_taken":0.0}],"is_beta":false,"boss_relics":[{"not_picked":["Black Star","Empty Cage"],"picked":"REME_ChargedStone"},{"not_picked":["Sozu","Astrolabe"],"picked":"AT_MortalBlade"}],"items_purged_floors":[9,22,46],"is_endless":false,"potions_floor_spawned":[1,5,8,16,20,26,37,43,47,48],"ascension_level":1}}