{"host":"jpcy2bclvs7juczu","time":1609817455,"event":{"mods":["AchievementEnabler","BaseMod","Block Reminder","Colored Powertips","Minty Spire (QoL Compilation)","Quick Restart","Relic Stats","ojb\u0027s Better Paths Mod","ojb\u0027s Info Mod","slay the spire mod where everything is the same but ironclad has a cowboy hat"],"gold_per_floor":[412,430,2,14,25,50,50,77,77,95,57,57,77,93,93,167,167,177,190,208,225,4,36,36,14,64,64,64],"floor_reached":27,"playtime":1125,"items_purged":["Strike_R"],"score":494,"play_id":"ef15f45d-8446-4476-a088-67167c6ee065","local_time":"20210105033055","is_ascension_mode":true,"campfire_choices":[{"data":"Carnage","floor":7.0,"key":"SMITH"},{"data":"Disarm","floor":15.0,"key":"SMITH"}],"circlet_count":0,"master_deck":["AscendersBane","Strike_R","Defend_R+1","Defend_R","Defend_R","Defend_R+1","Bash","Iron Wave","Carnage+1","Fire Breathing","Twin Strike","Shrug It Off","Shrug It Off","Battle Trance","Disarm+1","Corruption","Thunderclap","Inflame+1","Armaments","Evolve","Apotheosis","Feel No Pain+1"],"relics":["Burning Blood","Old Coin","Membership Card","Paper Frog","Anchor","Nunchaku","Potion Belt","War Paint","Empty Cage","Happy Flower","Frozen Egg 2","Dream Catcher"],"acts_visited":["Exordium","TheCity"],"potions_floor_usage":[27],"damage_taken":[{"damage":6.0,"enemies":"Cultist","floor":1.0,"turns":4.0},{"damage":4.0,"enemies":"2 Louse","floor":2.0,"turns":3.0},{"damage":2.0,"enemies":"Jaw Worm","floor":4.0,"turns":3.0},{"damage":0.0,"enemies":"Blue Slaver","floor":5.0,"turns":2.0},{"damage":37.0,"enemies":"Lagavulin","floor":6.0,"turns":7.0},{"damage":27.0,"enemies":"Gremlin Nob","floor":8.0,"turns":4.0},{"damage":0.0,"enemies":"Large Slime","floor":10.0,"turns":5.0},{"damage":0.0,"enemies":"Red Slaver","floor":13.0,"turns":4.0},{"damage":0.0,"enemies":"2 Fungi Beasts","floor":14.0,"turns":3.0},{"damage":23.0,"enemies":"The Guardian","floor":16.0,"turns":9.0},{"damage":31.0,"enemies":"Spheric Guardian","floor":18.0,"turns":6.0},{"damage":21.0,"enemies":"Chosen","floor":19.0,"turns":4.0},{"damage":2.0,"enemies":"Centurion and Healer","floor":20.0,"turns":6.0},{"damage":6.0,"enemies":"Snake Plant","floor":21.0,"turns":5.0},{"damage":31.0,"enemies":"Slavers","floor":23.0,"turns":6.0},{"damage":31,"enemies":"Gremlin Leader","floor":27,"turns":4}],"seed_played":"-3318723200506013453","potions_obtained":[{"floor":2.0,"key":"BloodPotion"},{"floor":6.0,"key":"SteroidPotion"},{"floor":8.0,"key":"BloodPotion"},{"floor":14.0,"key":"FearPotion"},{"floor":20.0,"key":"Swift Potion"},{"floor":21.0,"key":"EssenceOfSteel"}],"is_trial":false,"path_per_floor":["M","M","$","M","M","E","R","E","T","M","$","?","M","M","R","B",null,"M","M","M","M","$","E","$","$","T","E"],"character_chosen":"IRONCLAD","items_purchased":["Membership Card","Paper Frog","Anchor","Carnage","Happy Flower","Evolve","Apotheosis","Feel No Pain+1"],"campfire_rested":0,"item_purchase_floors":[3,3,3,3,22,22,22,25],"current_hp_per_floor":[68,68,68,68,68,37,37,16,16,22,22,22,28,34,34,17,55,30,15,32,32,32,20,20,20,20,0,0],"gold":64,"neow_bonus":"ONE_RARE_RELIC","is_daily":false,"chose_seed":false,"campfire_upgraded":2,"win_rate":0.0,"timestamp":1609817455,"path_taken":["M","?","$","M","M","E","R","E","T","M","?","?","M","?","R","BOSS","M","M","M","M","$","E","?","$","T","E"],"items_purchased_type":["Relic","Relic","Relic","Card","Relic","Card","Card","Card"],"build_version":"2020-12-22","purchased_purges":1,"victory":false,"max_hp_per_floor":[68,68,68,68,68,68,68,68,68,68,68,68,68,68,68,68,68,68,68,68,68,68,68,68,68,68,68,68],"relic_stats":{"Nunchaku":[7],"Dream Catcher":0,"Happy Flower":[3],"counters":[16,75],"War Paint":["Defend_R","Defend_R"],"obtain_stats":[{"Potion Belt":8,"Anchor":3,"Nunchaku":6,"Dream Catcher":26,"Happy Flower":22,"Membership Card":3,"War Paint":9,"Frozen Egg 2":23,"Empty Cage":17,"Burning Blood":0,"Old Coin":0,"Paper Frog":3},{"Potion Belt":6,"Anchor":2,"Nunchaku":5,"Dream Catcher":15,"Happy Flower":14,"Membership Card":2,"War Paint":6,"Frozen Egg 2":15,"Empty Cage":10,"Burning Blood":0,"Old Coin":0,"Paper Frog":2},{"Potion Belt":23,"Anchor":7,"Nunchaku":19,"Dream Catcher":71,"Happy Flower":65,"Membership Card":7,"War Paint":23,"Frozen Egg 2":71,"Empty Cage":44,"Burning Blood":0,"Old Coin":0,"Paper Frog":7}],"Burning Blood":78},"card_choices":[{"not_picked":["Havoc","Bloodletting"],"picked":"Iron Wave","floor":1.0},{"not_picked":["Dark Embrace","Seeing Red","Havoc"],"picked":"SKIP","floor":2.0},{"not_picked":["True Grit","Armaments"],"picked":"Fire Breathing","floor":4.0},{"not_picked":["Combust","Burning Pact"],"picked":"Twin Strike","floor":5.0},{"not_picked":["Warcry","Entrench"],"picked":"Shrug It Off","floor":6.0},{"not_picked":["Rampage","Evolve"],"picked":"Shrug It Off","floor":8.0},{"not_picked":["Clash","Entrench","Blood for Blood"],"picked":"SKIP","floor":10.0},{"not_picked":["Juggernaut","Dual Wield"],"picked":"Battle Trance","floor":13.0},{"not_picked":["Wild Strike","Spot Weakness"],"picked":"Disarm","floor":14.0},{"not_picked":["Reaper","Fiend Fire"],"picked":"Corruption","floor":16.0},{"not_picked":["Infernal Blade","Rampage"],"picked":"Thunderclap","floor":18.0},{"not_picked":["Perfected Strike","Battle Trance"],"picked":"Inflame+1","floor":19.0},{"not_picked":["Combust","Clothesline"],"picked":"Armaments","floor":20.0},{"not_picked":["Flex","Iron Wave","Thunderclap"],"picked":"SKIP","floor":21.0},{"not_picked":["Warcry","Body Slam","Fire Breathing+1"],"picked":"SKIP","floor":23.0}],"player_experience":179549,"relics_obtained":[{"floor":6.0,"key":"Nunchaku"},{"floor":8.0,"key":"Potion Belt"},{"floor":9.0,"key":"War Paint"},{"floor":23.0,"key":"Frozen Egg 2"},{"floor":26.0,"key":"Dream Catcher"}],"event_choices":[{"cards_removed":["Strike_R"],"damage_healed":0.0,"max_hp_gain":0.0,"max_hp_loss":0.0,"gold_gain":0.0,"event_name":"Purifier","player_choice":"Purged","floor":12.0,"gold_loss":0.0,"damage_taken":0.0}],"is_beta":false,"boss_relics":[{"not_picked":["Black Blood","Ectoplasm"],"picked":"Empty Cage"}],"items_purged_floors":[11],"is_endless":false,"potions_floor_spawned":[2,6,8,14,20,21],"killed_by":"Gremlin Leader","ascension_level":20}}