{"host":"w0kqlntohdoatj1w","time":1609824317,"event":{"mods":["AchievementEnabler","BaseMod","Minty Spire (QoL Compilation)","Permanent Neow"],"gold_per_floor":[117,217,142,160,174,174,199,199,199,199,199,209,22,42,42,142,142,155,155,155,171,5,5,5,24,48,72,108,135,165,195,207,323,335,360,44,55,105,23,23,23,49,49,49,49,68,68,83,83,83],"floor_reached":51,"playtime":8142,"items_purged":["Defend_B","Strike_B","Defend_B"],"score":822,"play_id":"f1ab1bc5-aba1-401b-b00b-12f87f3632db","local_time":"20210104232517","is_ascension_mode":false,"campfire_choices":[{"data":"Defragment","floor":6,"key":"SMITH"},{"data":"Redo","floor":8,"key":"SMITH"},{"data":"Echo Form","floor":11,"key":"SMITH"},{"data":"Defragment","floor":15,"key":"SMITH"},{"data":"Self Repair","floor":23,"key":"SMITH"},{"data":"Defragment","floor":32,"key":"SMITH"},{"data":"Defragment","floor":40,"key":"SMITH"},{"data":"Dualcast","floor":49,"key":"SMITH"}],"circlet_count":0,"master_deck":["Defend_B","Defend_B","Zap","Dualcast+1","Double Energy+1","Hologram+1","Seek+1","Defragment+1","Echo Form+1","Redo+1","Consume+1","Defragment+1","Hologram+1","BootSequence+1","Chill+1","Capacitor","Darkness+1","Scrape","Sunder","Fusion+1","FTL","Creative AI","Hologram+1","Self Repair+1","Chill+1","Heatsinks","Conserve Battery+1","Defragment+1","Redo+1","Chill+1","Darkness+1","Stack+1","Reboot+1","Capacitor","Doom and Gloom+1","Cold Snap","BootSequence+1","FTL","Turbo+1","Chill+1","Coolheaded+1","Fission+1","Cold Snap","FTL","All For One","FTL","Steam+1","Defragment+1","Redo+1","Beam Cell+1","Aggregate+1","Madness+1","Madness+1","Good Instincts+1","Defragment+1","Beam Cell"],"relics":["Astrolabe","Toxic Egg 2","Tiny Chest","Kunai","Philosopher\u0027s Stone","White Beast Statue","MawBank","Blood Vial","Coffee Dripper","Unceasing Top","Juzu Bracelet","Centennial Puzzle"],"acts_visited":["Exordium","TheCity","TheBeyond"],"potions_floor_usage":[16,16,38,50,50,50,50],"damage_taken":[{"damage":7,"enemies":"Jaw Worm","floor":1,"turns":6},{"damage":2,"enemies":"Cultist","floor":4,"turns":6},{"damage":5,"enemies":"Small Slimes","floor":5,"turns":4},{"damage":16,"enemies":"Lagavulin","floor":7,"turns":7},{"damage":0,"enemies":"Exordium Wildlife","floor":12,"turns":5},{"damage":0,"enemies":"3 Louse","floor":14,"turns":5},{"damage":9,"enemies":"Slime Boss","floor":16,"turns":6},{"damage":0,"enemies":"Shell Parasite","floor":18,"turns":8},{"damage":5,"enemies":"Chosen","floor":21,"turns":11},{"damage":20,"enemies":"Snecko","floor":25,"turns":10},{"damage":0,"enemies":"Centurion and Healer","floor":27,"turns":7},{"damage":0,"enemies":"Snake Plant","floor":29,"turns":8},{"damage":10,"enemies":"Shelled Parasite and Fungi","floor":30,"turns":8},{"damage":9,"enemies":"Cultist and Chosen","floor":31,"turns":6},{"damage":0,"enemies":"Champ","floor":33,"turns":9},{"damage":0,"enemies":"3 Darklings","floor":35,"turns":9},{"damage":0,"enemies":"3 Shapes","floor":37,"turns":5},{"damage":0,"enemies":"Mind Bloom Boss Battle","floor":38,"turns":11},{"damage":12,"enemies":"Writhing Mass","floor":46,"turns":9},{"damage":0,"enemies":"Maw","floor":48,"turns":8},{"damage":26,"enemies":"Time Eater","floor":50,"turns":12}],"seed_played":"1330587340479504118","potions_obtained":[{"floor":5,"key":"Block Potion"},{"floor":7,"key":"Dexterity Potion"},{"floor":21,"key":"Fire Potion"},{"floor":25,"key":"AttackPotion"},{"floor":27,"key":"DistilledChaos"},{"floor":30,"key":"SpeedPotion"},{"floor":31,"key":"Block Potion"},{"floor":35,"key":"Energy Potion"},{"floor":37,"key":"FocusPotion"},{"floor":38,"key":"LiquidBronze"},{"floor":46,"key":"Weak Potion"},{"floor":48,"key":"EntropicBrew"}],"is_trial":false,"path_per_floor":["M","?","$","M","M","R","E","R","T","?","R","M","$","M","R","B",null,"M","?","T","M","$","R","?","M","T","M","T","M","M","M","R","B",null,"M","$","M","?","$","R","?","T","T","?","?","M","?","M","R","B",null],"character_chosen":"DEFECT","items_purchased":["Defragment","Redo+1","BootSequence+1","FTL","Turbo+1","FTL","Steam+1","Defragment","Aggregate+1"],"campfire_rested":0,"item_purchase_floors":[13,13,22,22,22,36,36,36,39],"current_hp_per_floor":[68,68,68,66,61,61,45,45,45,27,27,34,34,41,41,32,75,75,61,61,63,63,63,63,53,53,63,63,75,67,70,70,72,80,80,80,80,80,80,80,80,80,80,70,70,70,70,80,80,64],"gold":83,"neow_bonus":"BOSS_RELIC","is_daily":false,"chose_seed":false,"campfire_upgraded":8,"win_rate":0.0,"timestamp":1609824317,"path_taken":["M","?","$","?","M","R","E","R","T","?","R","M","?","M","R","BOSS","M","?","?","M","$","R","?","?","T","?","?","M","?","M","R","BOSS","M","$","M","?","$","R","?","?","T","?","?","M","?","M","R","BOSS"],"items_purchased_type":["Card","Card","Card","Card","Card","Card","Card","Card","Card"],"build_version":"2020-12-22","purchased_purges":3,"victory":true,"max_hp_per_floor":[75,75,75,75,75,75,75,75,75,75,75,75,75,75,75,75,75,75,80,80,80,80,80,80,80,80,80,80,80,80,80,80,80,80,80,80,80,80,80,80,80,80,80,80,80,80,80,80,80,80],"card_choices":[{"not_picked":["Go for the Eyes","Conserve Battery"],"picked":"Defragment","floor":1},{"not_picked":["Go for the Eyes","Beam Cell"],"picked":"Echo Form","floor":4},{"not_picked":["Hologram","Hello World"],"picked":"Redo","floor":5},{"not_picked":["Beam Cell","Streamline"],"picked":"Consume+1","floor":7},{"not_picked":["Beam Cell","Doom and Gloom"],"picked":"Conserve Battery+1","floor":12},{"not_picked":["Amplify+1","Lockon"],"picked":"Stack+1","floor":14},{"not_picked":["Rainbow+1","All For One"],"picked":"Reboot+1","floor":16},{"not_picked":["Ball Lightning","Streamline"],"picked":"Doom and Gloom+1","floor":18},{"not_picked":["White Noise+1","Conserve Battery+1"],"picked":"Cold Snap","floor":21},{"not_picked":["Chaos+1","Go for the Eyes"],"picked":"Chill+1","floor":25},{"not_picked":["Streamline","Cold Snap"],"picked":"Coolheaded+1","floor":27},{"not_picked":["Compile Driver","Conserve Battery+1"],"picked":"Fission+1","floor":29},{"not_picked":["Auto Shields+1","Streamline"],"picked":"Cold Snap","floor":30},{"not_picked":["Hologram+1","White Noise+1"],"picked":"FTL","floor":31},{"not_picked":["Creative AI","Echo Form"],"picked":"All For One","floor":33},{"not_picked":["Barrage","Undo+1"],"picked":"Cold Snap","floor":35},{"not_picked":["Storm+1","Auto Shields+1"],"picked":"Redo+1","floor":37},{"not_picked":["Rebound+1","Fusion+1"],"picked":"Beam Cell+1","floor":38},{"not_picked":["Panacea+1","Mayhem"],"picked":"Good Instincts+1","floor":45},{"not_picked":["Rebound+1","Leap+1"],"picked":"Defragment+1","floor":46},{"not_picked":["Streamline+1","Melter"],"picked":"Beam Cell","floor":48}],"player_experience":82363,"relics_obtained":[{"floor":7,"key":"Toxic Egg 2"},{"floor":9,"key":"Tiny Chest"},{"floor":20,"key":"White Beast Statue"},{"floor":26,"key":"MawBank"},{"floor":28,"key":"Blood Vial"},{"floor":38,"key":"Unceasing Top"},{"floor":42,"key":"Juzu Bracelet"},{"floor":43,"key":"Centennial Puzzle"}],"event_choices":[{"damage_healed":0,"gold_gain":100,"player_choice":"Pray","damage_taken":0,"max_hp_gain":0,"max_hp_loss":0,"event_name":"Golden Shrine","floor":2,"gold_loss":0},{"damage_healed":0,"gold_gain":0,"player_choice":"Success","damage_taken":18,"relics_obtained":["Kunai"],"max_hp_gain":0,"max_hp_loss":0,"event_name":"Scrap Ooze","floor":10,"gold_loss":0},{"damage_healed":0,"gold_gain":0,"player_choice":"Shed Blood","damage_taken":19,"max_hp_gain":5,"max_hp_loss":0,"event_name":"Forgotten Altar","floor":19,"gold_loss":0},{"damage_healed":0,"gold_gain":0,"player_choice":"Ignored","damage_taken":0,"max_hp_gain":0,"max_hp_loss":0,"event_name":"Vampires","floor":24,"gold_loss":0},{"damage_healed":0,"gold_gain":0,"player_choice":"Fight","damage_taken":0,"max_hp_gain":0,"max_hp_loss":0,"event_name":"MindBloom","floor":38,"gold_loss":0},{"damage_healed":0,"gold_gain":0,"player_choice":"Ignored","damage_taken":0,"max_hp_gain":0,"max_hp_loss":0,"event_name":"Mysterious Sphere","floor":41,"gold_loss":0},{"damage_healed":0,"gold_gain":0,"player_choice":"Embrace Madness","damage_taken":10,"max_hp_gain":0,"max_hp_loss":0,"event_name":"Winding Halls","floor":44,"gold_loss":0,"cards_obtained":["Madness","Madness"]},{"damage_healed":0,"gold_gain":0,"player_choice":"Memory 1","damage_taken":0,"max_hp_gain":0,"max_hp_loss":0,"event_name":"SensoryStone","floor":45,"gold_loss":0},{"cards_removed":["Cold Snap"],"damage_healed":0,"gold_gain":0,"player_choice":"Removed Attack","damage_taken":0,"max_hp_gain":0,"max_hp_loss":0,"event_name":"Falling","floor":47,"gold_loss":0}],"is_beta":false,"boss_relics":[{"not_picked":["Empty Cage","Ectoplasm"],"picked":"Philosopher\u0027s Stone"},{"not_picked":["Nuclear Battery","Black Star"],"picked":"Coffee Dripper"}],"items_purged_floors":[3,13,36],"is_endless":false,"potions_floor_spawned":[5,7,21,25,27,29,30,31,33,35,37,38,46,48],"ascension_level":0}}