{"host":"6pgtslebjnyv5xmi","time":1609865790,"event":{"mods":["AchievementEnabler","BaseMod","Colored Map","Minty Spire (QoL Compilation)","Rare Cards Sparkle","StSLib","SuperFastMode","Td1madao Mod","everything is the same but u backflip on backflip"],"gold_per_floor":[116,116,41,116,116,116,116,137,160,160,196,196,229,244,244,373,373,373,391,411,411,436,436,436,436],"floor_reached":24,"playtime":995,"items_purged":["Normality"],"score":326,"play_id":"8a3bc0d9-ee8d-48ee-9254-af6dfe44c20b","local_time":"20210106015630","is_ascension_mode":true,"campfire_choices":[{"data":"Envenom","floor":6,"key":"SMITH"},{"data":"Catalyst","floor":10,"key":"SMITH"},{"floor":12,"key":"REST"},{"data":"Blade Dance","floor":15,"key":"SMITH"},{"data":"After Image","floor":23,"key":"SMITH"}],"circlet_count":0,"master_deck":["AscendersBane","Strike_G","Strike_G","Strike_G","Strike_G+1","Strike_G","Defend_G","Defend_G","Defend_G","Defend_G","Defend_G","Survivor","Neutralize+1","Envenom+1","Catalyst+1","Blade Dance+1","Backstab","After Image","Catalyst","After Image+1"],"relics":["Ring of the Serpent","Golden Idol","Ancient Tea Set","White Beast Statue","Meat on the Bone","Nunchaku"],"acts_visited":["Exordium","TheCity"],"potions_floor_usage":[11,16,18,20,22,24,24],"damage_taken":[{"damage":1,"enemies":"2 Louse","floor":1,"turns":7},{"damage":2,"enemies":"Small Slimes","floor":8,"turns":6},{"damage":12,"enemies":"Lagavulin","floor":11,"turns":5},{"damage":52,"enemies":"Gremlin Nob","floor":13,"turns":6},{"damage":0,"enemies":"Cultist","floor":14,"turns":4},{"damage":23,"enemies":"Hexaghost","floor":16,"turns":8},{"damage":0,"enemies":"3 Byrds","floor":18,"turns":1},{"damage":13,"enemies":"Shell Parasite","floor":19,"turns":7},{"damage":8,"enemies":"Chosen and Byrds","floor":20,"turns":8},{"damage":21,"enemies":"Snake Plant","floor":22,"turns":4},{"damage":24,"enemies":"Slavers","floor":24,"turns":2}],"seed_played":"1321088902804344471","potions_obtained":[{"floor":1,"key":"CunningPotion"},{"floor":7,"key":"FairyPotion"},{"floor":13,"key":"Strength Potion"},{"floor":14,"key":"SmokeBomb"},{"floor":16,"key":"Weak Potion"},{"floor":19,"key":"PowerPotion"},{"floor":20,"key":"LiquidBronze"},{"floor":22,"key":"LiquidBronze"}],"is_trial":false,"path_per_floor":["M","?","$","?","?","R","?","M","T","R","E","R","E","M","R","B",null,"M","M","M","T","M","R","E"],"character_chosen":"THE_SILENT","items_purchased":[],"campfire_rested":1,"item_purchase_floors":[],"current_hp_per_floor":[62,48,48,37,37,37,37,35,35,35,23,42,19,31,31,20,54,54,41,33,33,24,24,0,0],"gold":436,"neow_bonus":"THREE_RARE_CARDS","is_daily":false,"chose_seed":false,"campfire_upgraded":4,"win_rate":0.0,"timestamp":1609865790,"path_taken":["M","?","$","?","?","R","?","M","T","R","E","R","E","M","R","BOSS","M","M","M","?","?","R","E"],"items_purchased_type":[],"build_version":"2020-12-22","purchased_purges":1,"victory":false,"max_hp_per_floor":[70,70,70,70,65,65,65,65,65,65,65,65,65,65,65,65,65,65,65,65,65,65,65,65,65],"card_choices":[{"not_picked":["Wraith Form v2","Tools of the Trade"],"picked":"Envenom","floor":0},{"not_picked":["Deadly Poison","Deflect"],"picked":"Catalyst","floor":1},{"not_picked":["Dodge and Roll","Deflect","Quick Slash"],"picked":"SKIP","floor":8},{"not_picked":["Flying Knee","Poisoned Stab","Deadly Poison"],"picked":"SKIP","floor":11},{"not_picked":["Dodge and Roll","Concentrate"],"picked":"Blade Dance","floor":13},{"not_picked":["Deadly Poison","Riddle With Holes"],"picked":"Backstab","floor":14},{"not_picked":["Bullet Time","A Thousand Cuts"],"picked":"After Image","floor":16},{"not_picked":["Underhanded Strike","Tactician"],"picked":"Catalyst","floor":19},{"not_picked":["Quick Slash+1","Acrobatics+1","Setup"],"picked":"SKIP","floor":20},{"not_picked":["Prepared","Acrobatics"],"picked":"After Image","floor":22}],"player_experience":740532,"relics_obtained":[{"floor":9,"key":"Ancient Tea Set"},{"floor":11,"key":"White Beast Statue"},{"floor":13,"key":"Meat on the Bone"},{"floor":21,"key":"Nunchaku"}],"event_choices":[{"damage_healed":0,"gold_gain":0,"player_choice":"Entered Light","damage_taken":14,"max_hp_gain":0,"max_hp_loss":0,"event_name":"Shining Light","floor":2,"gold_loss":0,"cards_upgraded":["Neutralize","Strike_G"]},{"damage_healed":0,"gold_gain":75,"player_choice":"Gather Gold","damage_taken":11,"max_hp_gain":0,"max_hp_loss":0,"event_name":"World of Goop","floor":4,"gold_loss":0},{"damage_healed":0,"gold_gain":0,"player_choice":"Lose Max HP","damage_taken":0,"relics_obtained":["Golden Idol"],"max_hp_gain":0,"max_hp_loss":5,"event_name":"Golden Idol","floor":5,"gold_loss":0},{"damage_healed":0,"gold_gain":0,"player_choice":"Got Potions","damage_taken":0,"max_hp_gain":0,"max_hp_loss":0,"event_name":"Lab","floor":7,"gold_loss":0}],"is_beta":false,"boss_relics":[{"not_picked":["Empty Cage","SlaversCollar"],"picked":"Ring of the Serpent"}],"items_purged_floors":[3],"is_endless":false,"potions_floor_spawned":[1,13,14,16,18,19,20,22],"killed_by":"Slavers","ascension_level":12}}