{"host":"bf9sa99gaumonoeu","time":1609873299,"event":{"mods":["AchievementEnabler","Act Like it!","BaseMod","Better Sensory Stone","Colored Map","Colored Powertips","Downfall","Duelist Mod","Friendly Minions","Gensokyo","GifTheSpireLib","Hallownest","Hermit","Hubris","Jorbs\u0027s Wanderer Trilogy","KinomotoSakuraMod(????)","Koishi","Lobotomy","Marisa????????","Minty Spire (QoL Compilation)","Rare Cards Sparkle","Reimu??????","Remilia??????","Replay The Spire","Shop Mod","StSLib","The Administrix","The Animator","The Blue Laboratory","The Bug Knight","The Construct","The Cursed","The Disciple","The Hierophant","The Mystic","The Necromancer","The Poker Player","The Runesmith","The Senshi","The Servant 0.9.4"],"gold_per_floor":[117,136,149,22,42,75,75,118,118,118,18,56,56,82,82,195,195,211,211,64,64,84,84,84],"floor_reached":23,"playtime":3556,"items_purged":["animator:Defend","animator:Strike"],"score":293,"play_id":"a38c1a7d-8174-45cf-9b36-ce255fd0bd65","local_time":"20210105170139","is_ascension_mode":true,"campfire_choices":[{"floor":7,"key":"REST"},{"data":"animator:Kuroyukihime","floor":10,"key":"SMITH"},{"data":"animator:LimeBell","floor":13,"key":"SMITH"},{"data":"animator:GuildGirl","floor":15,"key":"SMITH"}],"circlet_count":0,"master_deck":["animator:Strike_AccelWorld","animator:Defend_AccelWorld","animator:Strike","animator:Defend","animator:Defend","animator:Kuroyukihime+1","animator:LimeBell+1","animator:DolaCouronne","animator:Pride","animator:Viivi","animator:GuildGirl+1","animator:LizardPriest","animator:SwordMaiden","animator:Kuroyukihime+1","animator:Kuroyukihime+1"],"relics":["animator:LivingPicture","animator:TheMissingPiece","MealTicket","InkBottle","Blood Vial","Toy Ornithopter","Runesmith:UraniumAnvil","DollysMirror"],"acts_visited":["Exordium","TheCity"],"potions_floor_usage":[8,12,22],"damage_taken":[{"damage":0,"enemies":"2 Louse","floor":1,"turns":3},{"damage":0,"enemies":"Small Slimes","floor":2,"turns":4},{"damage":0,"enemies":"Cultist","floor":3,"turns":5},{"damage":0,"enemies":"Red Slaver","floor":5,"turns":6},{"damage":36,"enemies":"Gremlin Nob","floor":6,"turns":7},{"damage":6,"enemies":"HollowMod:MossKnight","floor":8,"turns":16},{"damage":2,"enemies":"Gremlin Nob","floor":12,"turns":6},{"damage":1,"enemies":"2 Fungi Beasts","floor":14,"turns":3},{"damage":21,"enemies":"The Guardian","floor":16,"turns":19},{"damage":0,"enemies":"Spheric Guardian","floor":18,"turns":5},{"damage":0,"enemies":"Shell Parasite","floor":22,"turns":8},{"damage":26,"enemies":"Book of Stabbing","floor":23,"turns":7}],"seed_played":"-1131447286857116778","potions_obtained":[{"floor":2,"key":"blueLaboratory:Moonshine"},{"floor":3,"key":"Regen Potion"},{"floor":8,"key":"blueLaboratory:CorrosionFlask"},{"floor":16,"key":"Weak Potion"},{"floor":22,"key":"blueLaboratory:BottledHope"}],"is_trial":false,"path_per_floor":["M","M","M","$","M","E","R","E","T","R","$","E","R","M","R","B",null,"M","?","$","?","M","E"],"character_chosen":"THE_ANIMATOR","items_purchased":["blueLaboratory:LouseDecoction","DollysMirror"],"campfire_rested":1,"item_purchase_floors":[4,20],"current_hp_per_floor":[59,59,59,59,59,23,42,51,51,51,66,64,64,66,66,46,62,64,64,67,67,67,41,41],"gold":84,"neow_bonus":"TRANSFORM_CARD","is_daily":false,"chose_seed":false,"campfire_upgraded":3,"win_rate":0.0,"timestamp":1609873299,"path_taken":["M","M","M","$","M","E","R","E","T","R","$","E","R","M","R","BOSS","M","?","$","?","?","E"],"items_purchased_type":["Potion","Relic"],"build_version":"2020-12-22","purchased_purges":2,"victory":false,"max_hp_per_floor":[66,66,66,66,66,66,66,66,66,66,66,66,66,67,67,67,67,67,67,67,67,67,67,67],"card_choices":[{"not_picked":["animator:Jibril","animator:DolaCouronne","animator:ChlammyZell"],"picked":"SKIP","floor":1},{"not_picked":["animator:AcuraAkari","animator:OrikoMikuni","animator:ChaikaBohdan"],"picked":"SKIP","floor":2},{"not_picked":["animator:Azekura","animator:Sloth","animator:Hitei"],"picked":"SKIP","floor":3},{"not_picked":["animator:RoyMustang","animator:ElricEdward"],"picked":"animator:Pride","floor":5},{"not_picked":["animator:Sloth","animator:NagisaMomoe"],"picked":"animator:Viivi","floor":6},{"not_picked":["animator:MadokaKaname","animator:UneriGinkaku"],"picked":"animator:GuildGirl","floor":8},{"not_picked":["animator:Sloth","animator:IzunaHatsuse","animator:Ara"],"picked":"SKIP","floor":12},{"not_picked":["animator:DwarfShaman","animator:Witch"],"picked":"animator:LizardPriest","floor":14},{"not_picked":["animator:Biyorigo","animator:Eve"],"picked":"animator:SwordMaiden","floor":16},{"not_picked":["animator:HighElfArcher","animator:ZankiKiguchi","animator:YachiyoNanami"],"picked":"SKIP","floor":18},{"not_picked":["animator:Witch","animator:Konayuki","animator:ZankiKiguchi+1"],"picked":"SKIP","floor":22}],"player_experience":782409,"relics_obtained":[{"floor":6,"key":"MealTicket"},{"floor":8,"key":"InkBottle"},{"floor":9,"key":"Blood Vial"},{"floor":12,"key":"Toy Ornithopter"}],"event_choices":[{"damage_healed":0,"gold_gain":0,"player_choice":"Ignored","damage_taken":0,"max_hp_gain":0,"max_hp_loss":0,"event_name":"Cursed Tome","floor":19,"gold_loss":0},{"damage_healed":0,"gold_gain":0,"player_choice":"Copied","damage_taken":0,"max_hp_gain":0,"max_hp_loss":0,"event_name":"Duplicator","floor":21,"gold_loss":0,"cards_obtained":["animator:Kuroyukihime"]}],"is_beta":false,"boss_relics":[{"not_picked":["Kintsugi","Mark of Pain"],"picked":"Runesmith:UraniumAnvil"}],"items_purged_floors":[4,11],"is_endless":false,"potions_floor_spawned":[2,3,8,16,22],"killed_by":"Book of Stabbing","ascension_level":8}}