{"host":"51mqhfpmwwd4kxyt","time":1609889368,"event":{"mods":["BaseMod","Downfall","Googly Eyes","Highlight Path","Minty Spire (QoL Compilation)","READ ME - Guardian Mod","StSLib","The Cursed","The Servant 0.9.4"],"gold_per_floor":[116,116,129,129,149,149,149,149,197,217,68,82,112,126,126,224,224,242,255,354,354,51,51,66,66,66,100,100,133,0,0,0,103,103,120,133,143,143,143,173,184,184,184,215,215,247,265,296,296,296],"floor_reached":51,"playtime":3228,"items_purged":["Pain"],"score":1016,"play_id":"d437f57e-1201-4ee2-9e92-a50d73e5390d","local_time":"20210105182928","is_ascension_mode":true,"campfire_choices":[{"data":"Calculated Gamble","floor":6,"key":"SMITH"},{"floor":8,"key":"REST"},{"floor":15,"key":"REST"},{"floor":23,"key":"REST"},{"floor":25,"key":"REST"},{"floor":32,"key":"REST"},{"floor":42,"key":"REST"},{"floor":49,"key":"REST"}],"circlet_count":0,"master_deck":["Survivor","Neutralize","Blur+1","Calculated Gamble+1","Reflex","Calculated Gamble+1","Calculated Gamble","Bouncing Flask","After Image","Night Terror","Backstab","Bullet Time","Catalyst","Phantasmal Killer","Night Terror","Corpse Explosion","Setup","expansioncontent:QuickStudy","Prepared","Backflip","Terror","Bullet Time","Adrenaline","Distraction+1","Backstab","Outmaneuver+1","Secret Technique","Secret Technique","Secret Weapon","Madness","Madness","Blur+1","Blur+1","Crippling Poison","A Thousand Cuts","Dodge and Roll+1","Tools of the Trade"],"relics":["Ring of the Snake","NeowsBlessing","WarpedTongs","Bag of Preparation","DollysMirror","Pandora\u0027s Box","Toy Ornithopter","Kunai","Art of War","Fusion Hammer","Du-Vu Doll","Torii","Unceasing Top","Lantern","Ancient Tea Set"],"acts_visited":["Exordium","TheCity","TheBeyond"],"potions_floor_usage":[27,33,41,44,47,50,50],"damage_taken":[{"damage":0,"enemies":"2 Louse","floor":1,"turns":1},{"damage":0,"enemies":"Cultist","floor":3,"turns":1},{"damage":0,"enemies":"Small Slimes","floor":5,"turns":1},{"damage":10,"enemies":"Exordium Wildlife","floor":10,"turns":8},{"damage":25,"enemies":"Exordium Thugs","floor":12,"turns":9},{"damage":3,"enemies":"Blue Slaver","floor":14,"turns":5},{"damage":45,"enemies":"Slime Boss","floor":16,"turns":18},{"damage":2,"enemies":"Shell Parasite","floor":18,"turns":1},{"damage":15,"enemies":"2 Thieves","floor":19,"turns":3},{"damage":17,"enemies":"Chosen and Byrds","floor":24,"turns":7},{"damage":2,"enemies":"Gremlin Leader","floor":27,"turns":4},{"damage":23,"enemies":"Slavers","floor":29,"turns":4},{"damage":11,"enemies":"Champ","floor":33,"turns":8},{"damage":0,"enemies":"3 Shapes","floor":35,"turns":2},{"damage":0,"enemies":"Orb Walker","floor":36,"turns":2},{"damage":6,"enemies":"Sphere and 2 Shapes","floor":37,"turns":3},{"damage":21,"enemies":"Reptomancer","floor":40,"turns":5},{"damage":28,"enemies":"Spire Growth","floor":41,"turns":3},{"damage":0,"enemies":"Nemesis","floor":44,"turns":9},{"damage":16,"enemies":"Reptomancer","floor":46,"turns":6},{"damage":8,"enemies":"Maw","floor":47,"turns":5},{"damage":0,"enemies":"Giant Head","floor":48,"turns":6},{"damage":12,"enemies":"Donu and Deca","floor":50,"turns":5}],"seed_played":"-7720890464468363631","potions_obtained":[{"floor":1,"key":"Strength Potion"},{"floor":5,"key":"DuplicationPotion"},{"floor":12,"key":"Dexterity Potion"},{"floor":27,"key":"champ:CounterPotion"},{"floor":35,"key":"ColorlessPotion"},{"floor":47,"key":"Block Potion"},{"floor":48,"key":"Energy Potion"}],"is_trial":false,"path_per_floor":["M","?","M","?","M","R","?","R","T","M","$","M","?","M","R","B",null,"M","M","?","?","$","R","M","R","T","E","?","E","?","?","R","B",null,"M","M","M","?","?","E","M","R","T","E","?","E","M","E","R","B",null],"character_chosen":"THE_SILENT","items_purchased":["DollysMirror","Setup","expansioncontent:QuickStudy"],"campfire_rested":7,"item_purchase_floors":[11,22,22],"current_hp_per_floor":[70,63,63,63,63,63,49,70,70,60,60,35,35,32,53,8,70,68,53,53,40,40,62,45,67,67,70,70,47,47,47,69,63,75,75,75,69,59,50,29,6,28,28,33,33,17,14,14,36,34],"gold":296,"neow_bonus":"THREE_ENEMY_KILL","is_daily":false,"chose_seed":false,"campfire_upgraded":1,"win_rate":0.0,"timestamp":1609889368,"path_taken":["M","?","M","?","?","R","?","R","T","M","?","?","?","M","R","BOSS","M","M","?","?","$","R","M","R","T","E","?","E","?","?","R","BOSS","M","M","M","?","?","E","M","R","T","E","?","E","M","E","R","BOSS"],"items_purchased_type":["Relic","Card","Card"],"build_version":"2020-12-22","purchased_purges":1,"victory":true,"max_hp_per_floor":[70,70,70,70,70,70,70,70,70,70,70,70,70,70,70,70,70,70,70,70,75,75,75,75,75,75,75,75,75,75,75,75,75,75,75,75,75,75,75,75,75,75,75,75,75,75,75,75,75,75],"card_choices":[{"not_picked":["Heel Hook","Choke"],"picked":"Blur","floor":1},{"not_picked":["Sucker Punch","Slice"],"picked":"Calculated Gamble","floor":3},{"not_picked":["Caltrops","Prepared"],"picked":"Reflex","floor":5},{"not_picked":["Slice","Underhanded Strike","Eviscerate"],"picked":"SKIP","floor":10},{"not_picked":["Outmaneuver","Slice"],"picked":"Calculated Gamble","floor":12},{"not_picked":["Choke","Finisher"],"picked":"Bouncing Flask","floor":14},{"not_picked":["Unload","Envenom"],"picked":"After Image","floor":16},{"not_picked":["Leg Sweep","Catalyst"],"picked":"Underhanded Strike","floor":18},{"not_picked":["Flechettes","Finisher","Deflect"],"picked":"SKIP","floor":19},{"not_picked":["Deadly Poison+1","All Out Attack"],"picked":"Prepared","floor":24},{"not_picked":["Slice","Poisoned Stab"],"picked":"Backflip","floor":27},{"not_picked":["Heel Hook","PiercingWail","Quick Slash"],"picked":"SKIP","floor":29},{"not_picked":["Die Die Die","Grand Finale"],"picked":"Adrenaline","floor":33},{"not_picked":["Outmaneuver","Cloak And Dagger"],"picked":"Distraction+1","floor":35},{"not_picked":["Crippling Poison","Bouncing Flask+1"],"picked":"Backstab","floor":36},{"not_picked":["Acrobatics","Flechettes"],"picked":"Outmaneuver+1","floor":37},{"not_picked":["expansioncontent:CaCaw","expansioncontent:SuperHexaguard"],"picked":"Secret Technique","floor":38},{"not_picked":["HandOfGreed","expansioncontent:StudyTheSpire"],"picked":"Secret Technique","floor":38},{"not_picked":["expansioncontent:DecasProtection","expansioncontent:Sear"],"picked":"Secret Weapon","floor":38},{"not_picked":["Escape Plan","Acrobatics"],"picked":"Blur+1","floor":40},{"not_picked":["Bane+1","Finisher"],"picked":"Blur+1","floor":41},{"not_picked":["PiercingWail","Dagger Spray"],"picked":"Crippling Poison","floor":44},{"not_picked":["Endless Agony","Quick Slash+1"],"picked":"A Thousand Cuts","floor":46},{"not_picked":["Slice","Deadly Poison+1"],"picked":"Dodge and Roll+1","floor":47},{"not_picked":["Night Terror","Setup+1"],"picked":"Tools of the Trade","floor":48}],"player_experience":319526,"relics_obtained":[{"floor":9,"key":"Bag of Preparation"},{"floor":26,"key":"Toy Ornithopter"},{"floor":27,"key":"Kunai"},{"floor":29,"key":"Art of War"},{"floor":40,"key":"Du-Vu Doll"},{"floor":43,"key":"Torii"},{"floor":44,"key":"Unceasing Top"},{"floor":46,"key":"Lantern"},{"floor":48,"key":"Ancient Tea Set"}],"event_choices":[{"cards_removed":["Strike_G"],"damage_healed":0,"gold_gain":0,"player_choice":"Card Removal","damage_taken":7,"max_hp_gain":0,"max_hp_loss":0,"event_name":"Golden Wing","floor":2,"gold_loss":0},{"damage_healed":0,"gold_gain":0,"player_choice":"Rummage","damage_taken":0,"relics_obtained":["WarpedTongs"],"max_hp_gain":0,"max_hp_loss":0,"event_name":"Accursed Blacksmith","floor":4,"gold_loss":0,"cards_obtained":["Pain"]},{"damage_healed":0,"gold_gain":0,"player_choice":"Entered Light","damage_taken":14,"max_hp_gain":0,"max_hp_loss":0,"event_name":"Shining Light","floor":7,"gold_loss":0,"cards_upgraded":["Blur","Defend_G"]},{"damage_healed":0,"gold_gain":30,"player_choice":"Searched \u00271\u0027 times","damage_taken":0,"max_hp_gain":0,"max_hp_loss":0,"event_name":"Dead Adventurer","floor":13,"gold_loss":0},{"damage_healed":0,"gold_gain":99,"player_choice":"Stole From Cult","damage_taken":0,"max_hp_gain":0,"max_hp_loss":0,"event_name":"Nest","floor":20,"gold_loss":0},{"damage_healed":0,"gold_gain":0,"player_choice":"Shed Blood","damage_taken":18,"max_hp_gain":5,"max_hp_loss":0,"event_name":"Forgotten Altar","floor":21,"gold_loss":0},{"damage_healed":0,"gold_gain":0,"player_choice":"Ignored","damage_taken":0,"max_hp_gain":0,"max_hp_loss":0,"event_name":"Vampires","floor":28,"gold_loss":0},{"damage_healed":0,"gold_gain":0,"player_choice":"Paid Fearfully","damage_taken":0,"max_hp_gain":0,"max_hp_loss":0,"event_name":"Masked Bandits","floor":30,"gold_loss":133},{"damage_healed":0,"gold_gain":0,"cards_transformed":["Grand Finale","Flying Knee"],"player_choice":"Became Test Subject","damage_taken":0,"max_hp_gain":0,"max_hp_loss":0,"event_name":"Drug Dealer","floor":31,"gold_loss":0,"cards_obtained":["Terror","Bullet Time"]},{"damage_healed":0,"gold_gain":0,"player_choice":"Memory 3","damage_taken":10,"max_hp_gain":0,"max_hp_loss":0,"event_name":"SensoryStone","floor":38,"gold_loss":0},{"damage_healed":0,"gold_gain":0,"player_choice":"Embrace Madness","damage_taken":9,"max_hp_gain":0,"max_hp_loss":0,"event_name":"Winding Halls","floor":39,"gold_loss":0,"cards_obtained":["Madness","Madness"]},{"cards_removed":["Underhanded Strike"],"damage_healed":0,"gold_gain":0,"player_choice":"Removed Attack","damage_taken":0,"max_hp_gain":0,"max_hp_loss":0,"event_name":"Falling","floor":45,"gold_loss":0}],"is_beta":false,"boss_relics":[{"not_picked":["Philosopher\u0027s Stone","Black Star"],"picked":"Pandora\u0027s Box"},{"not_picked":["SlaversCollar","SacredBark"],"picked":"Fusion Hammer"}],"items_purged_floors":[22],"is_endless":false,"potions_floor_spawned":[1,5,12,14,19,27,29,35,36,47,48],"ascension_level":3}}