{"host":"vsdszi3rnxsdp24p","time":1609876963,"event":{"mods":["AchievementEnabler","BaseMod","Bestiary","Colored Map","Colored Powertips","Curses Come First","DeckTracker","Hermit","Highlight Path","Ironclad Rager","Minty Spire (QoL Compilation)","Quick Restart","Relic Sorter","Relic Stats","StSLib","SuperFastMode","Synergy Search","The Cursed","The Mystic"],"gold_per_floor":[16,91,91,16,16,59,59,79,79,104,104,128,128,159,159,284,284,298,298,316,335,353,353,353],"floor_reached":23,"playtime":876,"items_purged":["Writhe"],"score":201,"play_id":"fb302c51-baaf-44b6-9fb2-6b0f299cf95e","local_time":"20210105210243","is_ascension_mode":false,"campfire_choices":[{"data":"Hello World","floor":7,"key":"SMITH"},{"data":"Fission","floor":11,"key":"SMITH"},{"floor":15,"key":"REST"}],"circlet_count":0,"master_deck":["Zap","Dualcast+1","Ball Lightning","Cold Snap+1","Ball Lightning","Cold Snap","Leap","Leap","Leap","Leap","Hello World+1","Fission+1","Cold Snap","Darkness","Leap","Static Discharge","Echo Form+1","Tempest","Redo","Streamline+1","Double Energy"],"relics":["Cracked Core","Golden Idol","Vajra","Oddly Smooth Stone","SacredBark"],"acts_visited":["Exordium","TheCity"],"potions_floor_usage":[1,6,6,12,16,21],"damage_taken":[{"damage":0,"enemies":"Jaw Worm","floor":1,"turns":3},{"damage":1,"enemies":"3 Sentries","floor":6,"turns":6},{"damage":0,"enemies":"2 Louse","floor":8,"turns":3},{"damage":0,"enemies":"Small Slimes","floor":10,"turns":2},{"damage":7,"enemies":"Looter","floor":12,"turns":2},{"damage":11,"enemies":"Lagavulin","floor":14,"turns":4},{"damage":6,"enemies":"Hexaghost","floor":16,"turns":9},{"damage":27,"enemies":"Shell Parasite","floor":18,"turns":4},{"damage":12,"enemies":"Spheric Guardian","floor":20,"turns":4},{"damage":1,"enemies":"Chosen and Byrds","floor":21,"turns":6},{"damage":20,"enemies":"Centurion and Healer","floor":22,"turns":6},{"damage":18,"enemies":"Gremlin Leader","floor":23,"turns":1}],"seed_played":"1961871311184968835","potions_obtained":[{"floor":1,"key":"EntropicBrew"},{"floor":10,"key":"PowerPotion"},{"floor":14,"key":"PowerPotion"},{"floor":20,"key":"SpeedPotion"},{"floor":21,"key":"Fruit Juice"}],"is_trial":false,"path_per_floor":["M","?","?","$","?","E","R","M","T","M","R","M","?","E","R","B",null,"M","?","M","M","M","E"],"character_chosen":"DEFECT","items_purchased":[],"campfire_rested":1,"item_purchase_floors":[],"current_hp_per_floor":[50,39,61,61,61,60,60,60,60,60,60,53,40,29,47,41,63,36,36,24,33,13,0,0],"gold":353,"neow_bonus":"DEFECT_STORMLORD","is_daily":false,"chose_seed":false,"campfire_upgraded":2,"win_rate":0.0,"timestamp":1609876963,"path_taken":["M","?","?","$","?","E","R","M","T","M","R","M","?","E","R","BOSS","M","?","M","?","M","E"],"items_purchased_type":[],"build_version":"2020-12-22","purchased_purges":1,"victory":false,"max_hp_per_floor":[68,68,68,68,63,63,63,63,63,63,63,63,63,63,63,63,63,63,63,63,73,73,73,73],"relic_stats":{"counters":[12,50],"Golden Idol":69,"obtain_stats":[{"Golden Idol":5,"SacredBark":17,"Vajra":6,"Oddly Smooth Stone":14,"Cracked Core":0},{"Golden Idol":1,"SacredBark":7,"Vajra":2,"Oddly Smooth Stone":6,"Cracked Core":0},{"Golden Idol":3,"SacredBark":29,"Vajra":9,"Oddly Smooth Stone":20,"Cracked Core":0}]},"card_choices":[{"not_picked":["Ball Lightning","Melter"],"picked":"Hello World","floor":1},{"not_picked":["Steam Power","Genetic Algorithm"],"picked":"Fission","floor":6},{"not_picked":["Gash","Sweeping Beam"],"picked":"Cold Snap","floor":8},{"not_picked":["Double Energy","Aggregate"],"picked":"Darkness","floor":10},{"not_picked":["Compile Driver","Rebound"],"picked":"Leap","floor":12},{"not_picked":["Rip and Tear","Fusion"],"picked":"Static Discharge","floor":14},{"not_picked":["Hyperbeam","Electrodynamics"],"picked":"Echo Form","floor":16},{"not_picked":["Hologram+1","Gash"],"picked":"Tempest","floor":18},{"not_picked":["Gash","Tempest"],"picked":"Redo","floor":20},{"not_picked":["Hologram","Skim+1"],"picked":"Streamline+1","floor":21},{"not_picked":["Ball Lightning","Steam"],"picked":"Double Energy","floor":22}],"player_experience":143274,"relics_obtained":[{"floor":6,"key":"Vajra"},{"floor":14,"key":"Oddly Smooth Stone"}],"event_choices":[{"damage_healed":0,"gold_gain":75,"player_choice":"Gather Gold","damage_taken":11,"max_hp_gain":0,"max_hp_loss":0,"event_name":"World of Goop","floor":2,"gold_loss":0},{"damage_healed":22,"gold_gain":0,"player_choice":"Banana","damage_taken":0,"max_hp_gain":0,"max_hp_loss":0,"event_name":"Big Fish","floor":3,"gold_loss":0},{"damage_healed":0,"gold_gain":0,"player_choice":"Lose Max HP","damage_taken":0,"relics_obtained":["Golden Idol"],"max_hp_gain":0,"max_hp_loss":5,"event_name":"Golden Idol","floor":5,"gold_loss":0},{"damage_healed":0,"gold_gain":0,"player_choice":"Entered Light","damage_taken":13,"max_hp_gain":0,"max_hp_loss":0,"event_name":"Shining Light","floor":13,"gold_loss":0,"cards_upgraded":["Dualcast","Cold Snap"]},{"damage_healed":0,"gold_gain":0,"player_choice":"Upgraded","damage_taken":0,"max_hp_gain":0,"max_hp_loss":0,"event_name":"Upgrade Shrine","floor":19,"gold_loss":0,"cards_upgraded":["Echo Form"]}],"is_beta":false,"boss_relics":[{"not_picked":["Runic Pyramid","Runic Dome"],"picked":"SacredBark"}],"items_purged_floors":[4],"is_endless":false,"potions_floor_spawned":[1,10,14,20,21],"killed_by":"Gremlin Leader","ascension_level":0}}