{"host":"h4lp0eeso8a0ssq0","time":1609834538,"event":{"mods":["2.2 Compatiblity","AchievementEnabler","BaseMod","CapriCore","Colored Map","Minty Spire (QoL Compilation)","StSLib","SuperFastMode"],"gold_per_floor":[111,126,126,126,126,126,162,162,162,205,130,154,7,42,42,162,162,181,106,124,138,53,99,111,154,242,298,310,358,384,411,423,561,636,673,685,710,282,302,302,325,325,401,422,74,74,23,38,38,38,38,38,38,79,79],"floor_reached":56,"playtime":1682,"items_purged":["Defend_R","Strike_R","Defend_R","Defend_R+1"],"score":1321,"play_id":"8238d3cc-764b-4f9a-8ed6-70d77339ce96","local_time":"20210105171538","is_ascension_mode":false,"campfire_choices":[{"data":"Perfected Strike","floor":6.0,"key":"SMITH"},{"data":"Bash","floor":8.0,"key":"SMITH"},{"data":"Shockwave","floor":15.0,"key":"SMITH"},{"floor":28.0,"key":"REST"},{"floor":32.0,"key":"RECALL"},{"floor":40.0,"key":"REST"},{"data":"Writhe","floor":42.0,"key":"PURGE"},{"floor":49.0,"key":"REST"},{"data":"Shrug It Off","floor":52.0,"key":"PURGE"}],"circlet_count":0,"master_deck":["Strike_R","Strike_R","Strike_R","Bash+1","Perfected Strike+1","Twin Strike","Twin Strike","Shockwave+1","Pommel Strike","Disarm","Offering","Pommel Strike","Flame Barrier","Inflame+1","Shockwave+1","Exhume","Twin Strike","Madness","Shrug It Off+1","Wild Strike","Perfected Strike+1","Pommel Strike","Dual Wield+1"],"relics":["Burning Blood","Golden Idol","Mummified Hand","Self Forming Clay","Strawberry","Orichalcum","PreservedInsect","Fusion Hammer","MawBank","Lizard Tail","Darkstone Periapt","Pear","Blue Candle","Blood Vial","Peace Pipe","Tiny House","Champion Belt","DollysMirror","Thread and Needle"],"acts_visited":["Exordium","TheCity","TheBeyond","TheEnding"],"potions_floor_usage":[55,55,55,55,55,55],"damage_taken":[{"damage":6.0,"enemies":"Jaw Worm","floor":1.0,"turns":4.0},{"damage":6.0,"enemies":"Small Slimes","floor":2.0,"turns":3.0},{"damage":20.0,"enemies":"Gremlin Nob","floor":7.0,"turns":4.0},{"damage":13.0,"enemies":"3 Sentries","floor":10.0,"turns":7.0},{"damage":22.0,"enemies":"Lagavulin","floor":14.0,"turns":5.0},{"damage":5.0,"enemies":"Hexaghost","floor":16.0,"turns":9.0},{"damage":10.0,"enemies":"Spheric Guardian","floor":18.0,"turns":4.0},{"damage":0.0,"enemies":"Chosen","floor":20.0,"turns":3.0},{"damage":18.0,"enemies":"Centurion and Healer","floor":21.0,"turns":5.0},{"damage":13.0,"enemies":"Gremlin Leader","floor":23.0,"turns":4.0},{"damage":7.0,"enemies":"Slavers","floor":25.0,"turns":3.0},{"damage":32.0,"enemies":"Gremlin Leader","floor":27.0,"turns":3.0},{"damage":32.0,"enemies":"Slavers","floor":29.0,"turns":4.0},{"damage":10.0,"enemies":"Cultist and Chosen","floor":30.0,"turns":4.0},{"damage":7.0,"enemies":"Snake Plant","floor":31.0,"turns":2.0},{"damage":52.0,"enemies":"Champ","floor":33.0,"turns":9.0},{"damage":31.0,"enemies":"3 Shapes","floor":35.0,"turns":3.0},{"damage":11.0,"enemies":"Orb Walker","floor":37.0,"turns":3.0},{"damage":28.0,"enemies":"3 Darklings","floor":39.0,"turns":6.0},{"damage":7.0,"enemies":"Transient","floor":41.0,"turns":5.0},{"damage":36.0,"enemies":"Writhing Mass","floor":44.0,"turns":5.0},{"damage":7.0,"enemies":"Reptomancer","floor":46.0,"turns":2.0},{"damage":7.0,"enemies":"Sphere and 2 Shapes","floor":48.0,"turns":4.0},{"damage":79.0,"enemies":"Donu and Deca","floor":50.0,"turns":9.0},{"damage":21.0,"enemies":"Shield and Spear","floor":54.0,"turns":3.0},{"damage":102,"enemies":"The Heart","floor":55,"turns":10}],"seed_played":"3294979221265672733","potions_obtained":[{"floor":10.0,"key":"EssenceOfSteel"},{"floor":14.0,"key":"Swift Potion"},{"floor":16.0,"key":"SkillPotion"},{"floor":27.0,"key":"SmokeBomb"},{"floor":30.0,"key":"EntropicBrew"},{"floor":34.0,"key":"HeartOfIron"}],"is_trial":false,"path_per_floor":["M","M","?","?","?","R","E","R","T","E","$","T","$","E","R","B",null,"M","?","M","M","?","E","?","E","T","E","R","E","M","M","R","B",null,"M","?","M","$","M","R","M","R","T","M","$","E","$","M","R","B",null,"R","$","E","B",null],"character_chosen":"IRONCLAD","items_purchased":["Pommel Strike","Champion Belt","Wild Strike","DollysMirror","Pommel Strike","Energy Potion"],"campfire_rested":3,"item_purchase_floors":[13,38,38,45,45,47],"current_hp_per_floor":[80,80,80,60,65,65,51,51,51,51,51,51,51,35,35,36,92,88,88,92,80,80,73,79,88,88,62,94,70,68,69,69,25,113,88,88,85,85,65,98,99,99,99,71,71,72,72,73,106,35,113,113,113,98,62],"gold":79,"neow_bonus":"REMOVE_CARD","is_daily":false,"chose_seed":false,"campfire_upgraded":3,"win_rate":0.0,"timestamp":1609834538,"path_taken":["M","M","?","?","?","R","E","R","T","E","$","?","?","E","R","BOSS","M","?","M","M","?","E","?","E","T","E","R","E","?","M","R","BOSS","M","?","M","$","M","R","M","R","T","M","$","E","$","M","R","BOSS","R","$","E","BOSS"],"items_purchased_type":["Card","Relic","Card","Relic","Card","Potion"],"build_version":"2020-12-22","purchased_purges":4,"victory":true,"max_hp_per_floor":[80,80,80,80,85,85,85,85,85,92,92,92,92,92,92,92,92,92,92,92,92,92,92,98,108,108,108,108,108,108,108,108,108,113,113,113,113,113,113,113,113,113,113,113,113,113,113,113,113,113,113,113,113,113,113],"card_choices":[{"not_picked":["Twin Strike","True Grit"],"picked":"Perfected Strike","floor":1.0},{"not_picked":["Thunderclap","Iron Wave"],"picked":"Twin Strike","floor":2.0},{"not_picked":["Headbutt","Iron Wave"],"picked":"Twin Strike","floor":7.0},{"not_picked":["Evolve","Headbutt"],"picked":"Shockwave","floor":10.0},{"not_picked":["Reckless Charge","Whirlwind"],"picked":"Disarm","floor":14.0},{"not_picked":["Limit Break","Reaper"],"picked":"Offering","floor":16.0},{"not_picked":["Thunderclap","Whirlwind"],"picked":"Pommel Strike","floor":18.0},{"not_picked":["True Grit+1","Infernal Blade"],"picked":"Flame Barrier","floor":20.0},{"not_picked":["Body Slam","Flex+1"],"picked":"Shrug It Off","floor":21.0},{"not_picked":["Flex","Clash+1"],"picked":"Inflame+1","floor":23.0},{"not_picked":["Heavy Blade","Offering","True Grit+1"],"picked":"SKIP","floor":25.0},{"not_picked":["Heavy Blade","Sword Boomerang","Second Wind"],"picked":"SKIP","floor":27.0},{"not_picked":["Seeing Red","Headbutt+1","True Grit"],"picked":"SKIP","floor":29.0},{"not_picked":["Headbutt","Anger"],"picked":"Shockwave+1","floor":30.0},{"not_picked":["Flex","Cleave","Heavy Blade"],"picked":"SKIP","floor":31.0},{"not_picked":["Feed","Barricade"],"picked":"Exhume","floor":33.0},{"not_picked":["True Grit","Carnage+1"],"picked":"Twin Strike","floor":34.0},{"not_picked":["Iron Wave","Blood for Blood","Disarm"],"picked":"SKIP","floor":35.0},{"not_picked":["Blind","Trip"],"picked":"Madness","floor":36.0},{"not_picked":["Feel No Pain+1","Iron Wave"],"picked":"Shrug It Off+1","floor":37.0},{"not_picked":["Limit Break","Fire Breathing","Infernal Blade"],"picked":"SKIP","floor":39.0},{"not_picked":["Metallicize+1","True Grit+1","Bloodletting"],"picked":"SKIP","floor":41.0},{"not_picked":["True Grit+1","Rampage+1","Sword Boomerang"],"picked":"SKIP","floor":44.0},{"not_picked":["Thunderclap+1","Intimidate+1","Clothesline"],"picked":"SKIP","floor":48.0},{"not_picked":["Heavy Blade","Fiend Fire"],"picked":"Dual Wield+1","floor":54.0}],"player_experience":72616,"relics_obtained":[{"floor":7.0,"key":"Mummified Hand"},{"floor":9.0,"key":"Self Forming Clay"},{"floor":10.0,"key":"Strawberry"},{"floor":12.0,"key":"Orichalcum"},{"floor":14.0,"key":"PreservedInsect"},{"floor":23.0,"key":"Lizard Tail"},{"floor":25.0,"key":"Pear"},{"floor":26.0,"key":"Blue Candle"},{"floor":27.0,"key":"Blood Vial"},{"floor":29.0,"key":"Peace Pipe"},{"floor":54.0,"key":"Thread and Needle"}],"event_choices":[{"damage_healed":0.0,"max_hp_gain":0.0,"max_hp_loss":0.0,"gold_gain":0.0,"event_name":"Scrap Ooze","player_choice":"Fled","floor":3.0,"gold_loss":0.0,"damage_taken":0.0},{"damage_healed":0.0,"max_hp_gain":0.0,"max_hp_loss":0.0,"gold_gain":0.0,"event_name":"Golden Idol","player_choice":"Take Damage","floor":4.0,"gold_loss":0.0,"damage_taken":20.0,"relics_obtained":["Golden Idol"]},{"damage_healed":0.0,"max_hp_gain":5.0,"max_hp_loss":0.0,"gold_gain":0.0,"event_name":"Big Fish","player_choice":"Donut","floor":5.0,"gold_loss":0.0,"damage_taken":0.0},{"cards_removed":["Defend_R"],"damage_healed":0.0,"max_hp_gain":0.0,"max_hp_loss":0.0,"gold_gain":0.0,"event_name":"Beggar","player_choice":"Gave Gold","floor":19.0,"gold_loss":75.0,"damage_taken":0.0},{"damage_healed":0.0,"max_hp_gain":0.0,"max_hp_loss":0.0,"gold_gain":0.0,"event_name":"Addict","player_choice":"Obtained Relic","floor":22.0,"gold_loss":85.0,"damage_taken":0.0,"relics_obtained":["MawBank"]},{"damage_healed":0.0,"max_hp_gain":0.0,"max_hp_loss":0.0,"gold_gain":0.0,"event_name":"The Mausoleum","player_choice":"Opened","floor":24.0,"gold_loss":0.0,"damage_taken":0.0,"relics_obtained":["Darkstone Periapt"],"cards_obtained":["Writhe"]},{"damage_healed":0.0,"max_hp_gain":0.0,"max_hp_loss":0.0,"gold_gain":0.0,"event_name":"SensoryStone","player_choice":"Memory 1","floor":36.0,"gold_loss":0.0,"damage_taken":0.0}],"is_beta":false,"boss_relics":[{"not_picked":["Coffee Dripper","Velvet Choker"],"picked":"Fusion Hammer"},{"not_picked":["Snecko Eye","Astrolabe"],"picked":"Tiny House"}],"items_purged_floors":[11,13,38,45],"is_endless":false,"potions_floor_spawned":[10,14,16,23,27,30,31,37,39,44,46],"ascension_level":0}}