{"host":"q7soxkcz6wyortlz","time":1609812398,"event":{"mods":["Act Like it!","BaseMod","Colored Powertips","Conspire","Downfall","Duelist Mod","Friendly Minions","Hallownest","Hermit","Hero for Fun","Hubris","Infinite Spire","Minty Spire (QoL Compilation)","READ ME - Guardian Mod","READ ME - Snecko Mod","Replay The Spire","Reworked Bosses","Shop Mod","ShortenTheSpire","StSLib","Synergy Search","The Bug Knight","The Factory","The Jungle","The Necromancer","The Servant 0.9.4","Yohane!"],"gold_per_floor":[99,118,130,140,151,151,151,151,151,163,163,181,204,238,238,436,462,569,569,569,600,621,651,651,102,102,137,163,200,200,200,200,227,261,369,369,369,126,126,160,197,226,226,251,277,277,302,340,340,379,412,438,438,438],"floor_reached":52,"playtime":6483,"items_purged":[],"score":687,"play_id":"156baa2c-a92d-413a-9b91-078feb2c1f42","local_time":"20210105030638","is_ascension_mode":false,"campfire_choices":[{"data":"Guardian:Repulse","floor":1,"key":"SMITH"},{"floor":6,"key":"REST"},{"data":"Guardian:ArmoredProtocol","floor":15,"key":"SMITH"},{"data":"Guardian:GemFinder","floor":20,"key":"SMITH"},{"floor":30,"key":"REST"},{"floor":32,"key":"REST"},{"data":"hubris:Fate","floor":37,"key":"SMITH"},{"floor":46,"key":"REST"},{"floor":49,"key":"REST"}],"circlet_count":0,"master_deck":["Guardian:Strike_Guardian","Guardian:Strike_Guardian","Guardian:Strike_Guardian","Guardian:Strike_Guardian","Guardian:CurlUp","Guardian:TwinSlam","Guardian:Orbwalk","Guardian:BronzeArmor","Guardian:ArmoredProtocol","Hallownest:skillSlugHide","Hallownest:skillSlugHide","Hallownest:skillSlugHide","Hallownest:skillSlugHide","Hallownest:skillSlugHide","Guardian:ArmoredProtocol+1","Guardian:PrismaticBarrier","Guardian:PrimingBeam","Guardian:SentryBeam","Guardian:BaubleBeam","Slimebound:Icky","Bone_Wall","Guardian:GemFinder+1","conspire:Banana","Replay:Fractal Strike","Guardian:SentryBeam+1","Guardian:Clone","Guardian:Recover","Guardian:PrismaticBeam+1","Guardian:RevengeProtocol","Guardian:ShieldSpikes","Guardian:PrismaticBeam","Guardian:ExploitGems+1","hubris:Fate","Guardian:Repulse","Guardian:TimeCapacitor+1","Guardian:ShieldSpikes","Guardian:Suspension+1","Guardian:StasisField","Guardian:Planning+1","Guardian:ArmoredProtocol+1","Guardian:PiercingHide+1","Guardian:Gem_Lightblue","Guardian:Gem_White","Guardian:Gem_Lightblue","Guardian:BronzeArmor"],"relics":["Guardian:ModeShifter","HollowMod:StagPassRelic","Centennial Puzzle","Replay:Bandana","ReplayTheSpireMod:SealedPack","Hallownest:DreamNailRelic","MerchantsRug","Pen Nib","Lantern","Mirror","Juzu Bracelet","Replay:Bottled Snecko","Omamori","hubris:Backtick","Unceasing Top","InkBottle","infinitespire:Broken Mirror","conspire:TopHat"],"acts_visited":["Hallownest:Greenpath","TheCity","TheCity"],"potions_floor_usage":[5,18,18,23,27,27,44,44,44,48,52],"damage_taken":[{"damage":0,"enemies":"Hallownest:2_Baldur","floor":2,"turns":3},{"damage":7,"enemies":"Hallownest:2_MossCreeps","floor":3,"turns":7},{"damage":0,"enemies":"Hallownest:monsterHuskGuard","floor":4,"turns":5},{"damage":12,"enemies":"Hallownest:monsterFoolEater","floor":5,"turns":4},{"damage":7,"enemies":"Hallownest:MossCreep_and_Mosskin","floor":10,"turns":4},{"damage":0,"enemies":"Hallownest:Wandering_and_Horned","floor":12,"turns":6},{"damage":0,"enemies":"Hallownest:eliteVengeflyKing","floor":14,"turns":10},{"damage":5,"enemies":"Hallownest:1_Baldur_1_Crawlid_1_Warrior","floor":17,"turns":6},{"damage":10,"enemies":"downfall:Watcher","floor":18,"turns":10},{"damage":3,"enemies":"Spheric Guardian","floor":21,"turns":5},{"damage":14,"enemies":"Shell Parasite","floor":22,"turns":7},{"damage":8,"enemies":"Snake Plant","floor":23,"turns":6},{"damage":0,"enemies":"downfall:FleeingMerchant","floor":25,"turns":4},{"damage":8,"enemies":"Cultist and Chosen","floor":27,"turns":8},{"damage":11,"enemies":"Shelled Parasite and Fungi","floor":28,"turns":7},{"damage":2,"enemies":"theDuelist:KaibaA2","floor":29,"turns":7},{"damage":0,"enemies":"Centurion and Healer","floor":34,"turns":8},{"damage":0,"enemies":"downfall:Defect","floor":35,"turns":7},{"damage":0,"enemies":"downfall:FleeingMerchant","floor":38,"turns":4},{"damage":1,"enemies":"theFactory:4_Mini-Bots","floor":40,"turns":6},{"damage":4,"enemies":"theFactory:2_Experiment_Personnel","floor":41,"turns":8},{"damage":10,"enemies":"theFactory:Sentry and Guards","floor":42,"turns":3},{"damage":62,"enemies":"theFactory:Personnel_and_Mini-Bots","floor":44,"turns":7},{"damage":13,"enemies":"theFactory:Personnel_and_Big_Bot","floor":45,"turns":9},{"damage":4,"enemies":"theFactory:Sentry and Guards","floor":47,"turns":5},{"damage":8,"enemies":"theFactory:SmogElemental","floor":48,"turns":8},{"damage":2,"enemies":"theFactory:Big_Bot_Bundle","floor":50,"turns":6},{"damage":16,"enemies":"theFactory:Sentries_and_Big_Bot","floor":51,"turns":4},{"damage":102,"enemies":"downfall:Silent","floor":52,"turns":6}],"seed_played":"7206714318516274993","potions_obtained":[{"floor":2,"key":"SpeedPotion"},{"floor":3,"key":"champ:CounterPotion"},{"floor":4,"key":"Flashbang"},{"floor":18,"key":"SkillPotion"},{"floor":21,"key":"SteroidPotion"},{"floor":22,"key":"Swift Potion"},{"floor":27,"key":"conspire:TimeTravelPotion"},{"floor":28,"key":"Milkshake"},{"floor":35,"key":"LifebloodPotion"},{"floor":40,"key":"Reflective Coating"},{"floor":47,"key":"EssenceOfSteel"},{"floor":51,"key":"Ancient Potion"}],"is_trial":false,"path_per_floor":["R","M","M","M","M","R","T","PTL","PTL","M","?","M","T","E","R","?","M","B",null,"R","M","M","M","?","$","T","M","M","E","R","AVR","R","T","M","B",null,"R","$","?","M","M","M","T","M","M","R","M","E","R","M","M","B"],"character_chosen":"GUARDIAN","items_purchased":["MerchantsRug","Guardian:Gem_Blue","Pen Nib","Lantern","InkBottle"],"campfire_rested":5,"item_purchase_floors":[25,25,25,25,38],"current_hp_per_floor":[80,80,73,73,61,80,80,80,80,73,73,73,73,73,73,41,36,26,80,80,78,65,58,58,59,59,52,42,41,67,67,87,87,88,89,89,89,90,90,90,92,82,82,58,46,74,71,64,92,91,75,0,0,0],"gold":438,"neow_bonus":"THREE_CARDS","is_daily":false,"chose_seed":false,"campfire_upgraded":4,"win_rate":0.0,"timestamp":1609812398,"path_taken":["R","M","M","M","M","R","T","PTL","PTL","M","?","M","?","E","R","?","M","BOSS","R","M","M","M","?","$","T","?","M","E","R","AVR","R","?","M","BOSS","R","$","?","M","M","M","T","M","M","R","M","E","R","M","M","BOSS"],"items_purchased_type":["Relic","Card","Relic","Relic","Relic"],"build_version":"2020-12-22","purchased_purges":0,"victory":false,"max_hp_per_floor":[80,80,80,80,80,80,80,80,80,80,80,80,80,80,80,80,80,80,80,80,81,82,83,83,84,84,85,86,87,87,87,87,87,88,89,89,89,90,90,91,92,92,92,93,94,94,95,96,96,97,97,98,98,98],"card_choices":[{"not_picked":["Guardian:CrystalBeam","Guardian:WalkerClaw"],"picked":"Guardian:Repulse","floor":0},{"not_picked":["Guardian:Preprogram","Guardian:Planning"],"picked":"Guardian:Gem_Lightblue","floor":2},{"not_picked":["Guardian:ShieldCharger","Guardian:VentSteam"],"picked":"Guardian:Orbwalk","floor":3},{"not_picked":["Guardian:PiercingHide","Guardian:CrystalBeam"],"picked":"Guardian:BronzeArmor","floor":4},{"not_picked":["Guardian:Reroute","Guardian:TimeBomb"],"picked":"Guardian:Gem_Fragmented","floor":5},{"not_picked":["Guardian:Gem_Fragmented","Guardian:VentSteam"],"picked":"Guardian:ArmoredProtocol","floor":10},{"not_picked":["Guardian:ShieldCharger","Guardian:Gem_Purple"],"picked":"Guardian:ArmoredProtocol","floor":12},{"not_picked":["Guardian:FloatingOrbs","Guardian:ChargeCore"],"picked":"Guardian:PrismaticBarrier","floor":14},{"not_picked":["Guardian:MultiBeam","Guardian:ChargeUp"],"picked":"Guardian:PrimingBeam","floor":16},{"not_picked":["Guardian:PrimingBeam","Guardian:Preprogram"],"picked":"Guardian:SentryBeam","floor":17},{"not_picked":["Guardian:ExploitGems","Guardian:HyperBeam_Guardian"],"picked":"Guardian:BaubleBeam","floor":18},{"not_picked":["Eruption","theDuelist:TutanMask"],"picked":"Bone_Wall","floor":19},{"not_picked":["Guardian:StasisField","Guardian:AncientConstruct"],"picked":"Guardian:GemFinder","floor":19},{"not_picked":["PanicButton","expansioncontent:FaceSlap"],"picked":"conspire:Banana","floor":19},{"not_picked":["infinitespire:SevenWalls","infinitespire:DeathsTouch"],"picked":"Replay:Fractal Strike","floor":19},{"not_picked":["Guardian:Gem_Green","Guardian:Gem_Cyan"],"picked":"Guardian:Gem_Red","floor":21},{"not_picked":["Guardian:RollAttack","Guardian:Emergency"],"picked":"Guardian:SentryBeam+1","floor":21},{"not_picked":["Guardian:Gem_Green","Guardian:Gem_Lightblue"],"picked":"Guardian:Gem_Red","floor":22},{"not_picked":["Guardian:Gem_Lightblue","Guardian:Repulse+1"],"picked":"Guardian:Clone","floor":22},{"not_picked":["Guardian:Gem_Red","Guardian:Gem_Green"],"picked":"Guardian:Gem_Cyan","floor":23},{"not_picked":["Guardian:PrimingBeam","Guardian:Planning"],"picked":"Guardian:Recover","floor":23},{"not_picked":["Guardian:StasisStrike","Guardian:TemporalStrike"],"picked":"Guardian:PrismaticBeam","floor":25},{"not_picked":["Guardian:Gem_Green","Guardian:Gem_Lightblue"],"picked":"Guardian:Gem_Cyan","floor":27},{"not_picked":["Guardian:PrimingBeam","Guardian:RollAttack+1"],"picked":"Guardian:RevengeProtocol","floor":27},{"not_picked":["Guardian:Gem_Red","Guardian:Gem_Lightblue"],"picked":"Guardian:Gem_Green","floor":28},{"not_picked":["Guardian:Gem_Lightblue","Guardian:Gem_Red"],"picked":"Guardian:Gem_Yellow","floor":28},{"not_picked":["Guardian:Gem_Red","Guardian:Gem_Cyan"],"picked":"Guardian:Gem_Lightblue","floor":29},{"not_picked":["Guardian:BronzeArmor+1","Guardian:ArmoredProtocol"],"picked":"Guardian:ShieldSpikes","floor":29},{"not_picked":["Guardian:Gem_Red","Guardian:Gem_Green"],"picked":"Guardian:Gem_Lightblue","floor":34},{"not_picked":["Guardian:GemFire","Guardian:Gem_Green"],"picked":"Guardian:PrismaticBeam","floor":34},{"not_picked":["Guardian:Gem_Red","Guardian:Gem_Green"],"picked":"Guardian:Gem_Lightblue","floor":35},{"not_picked":["Guardian:AncientConstruct","Guardian:ConstructionForm"],"picked":"Guardian:Gem_Synthetic","floor":35},{"not_picked":["Guardian:Reroute","Guardian:Repulse+1"],"picked":"Guardian:ExploitGems","floor":38},{"not_picked":["Guardian:Gem_Green","Guardian:Gem_Red"],"picked":"Guardian:Gem_Cyan","floor":40},{"not_picked":["Guardian:DonusPower","Guardian:GemFinder"],"picked":"Guardian:TimeCapacitor+1","floor":40},{"not_picked":["Guardian:Gem_Lightblue","Guardian:Gem_Cyan"],"picked":"Guardian:Gem_Red","floor":41},{"not_picked":["Guardian:PiercingHide+1","Guardian:Suspension+1"],"picked":"Guardian:ShieldSpikes","floor":41},{"not_picked":["Guardian:CrystalBeam","Guardian:GuardianWhirl+1"],"picked":"Guardian:Suspension+1","floor":42},{"not_picked":["Guardian:Gem_Red","Guardian:Gem_Green"],"picked":"Guardian:Gem_Lightblue","floor":44},{"not_picked":["Guardian:PrimingBeam+1","Guardian:Preprogram+1"],"picked":"Guardian:StasisField","floor":44},{"not_picked":["Guardian:Gem_Red","Guardian:Gem_Lightblue"],"picked":"Guardian:Gem_Cyan","floor":45},{"not_picked":["Guardian:PrimingBeam","Guardian:DecasProtection+1"],"picked":"Guardian:Planning+1","floor":45},{"not_picked":["Guardian:Gem_Green","Guardian:VentSteam"],"picked":"Guardian:ArmoredProtocol+1","floor":47},{"not_picked":["Guardian:Gem_Red","Guardian:Gem_Green"],"picked":"Guardian:Gem_Lightblue","floor":48},{"not_picked":["Guardian:Planning+1","Guardian:Reroute"],"picked":"Guardian:PiercingHide+1","floor":48},{"not_picked":["Guardian:Gem_Green","Guardian:Gem_Red"],"picked":"Guardian:Gem_Lightblue","floor":50},{"not_picked":["Guardian:Gem_Lightblue","Guardian:TemporalStrike"],"picked":"Guardian:Gem_White","floor":50},{"not_picked":["Guardian:Gem_Red","Guardian:Gem_Green"],"picked":"Guardian:Gem_Lightblue","floor":51},{"not_picked":["Guardian:Incinerate","Guardian:WalkerClaw"],"picked":"Guardian:BronzeArmor","floor":51}],"player_experience":89292,"relics_obtained":[{"floor":7,"key":"HollowMod:StagPassRelic"},{"floor":13,"key":"Centennial Puzzle"},{"floor":14,"key":"Replay:Bandana"},{"floor":26,"key":"Mirror"},{"floor":29,"key":"Juzu Bracelet"},{"floor":33,"key":"Omamori"},{"floor":43,"key":"infinitespire:Broken Mirror"},{"floor":48,"key":"conspire:TopHat"}],"event_choices":[],"is_beta":false,"boss_relics":[{"not_picked":["infinitespire:Cupcake","hubris:Stopwatch"],"picked":"ReplayTheSpireMod:SealedPack"},{"not_picked":["hubris:BlackHole","Tiny House"],"picked":"hubris:Backtick"}],"items_purged_floors":[],"is_endless":false,"potions_floor_spawned":[2,3,4,18,21,22,27,28,35,40,41,47,51],"killed_by":"downfall:Silent","ascension_level":0}}