{"host":"q79spna8ofw6hj3r","time":1609823843,"event":{"mods":["Aspiration","BaseMod","Bestiary","Better Altar","Better Match","Better Note","Better Sensory Stone","Better Skull","Better Third Choice","Better Vampires","BetterRewards","Block Reminder","Card Filter","Challenge The Spire","Colored Map","Colored Powertips","Conspire","Custom Start","Energized Spire","Halation","Hubris","Infinite Spire","Jedi Mod","Mimic Mod","Minty Spire (QoL Compilation)","Permanent Neow","Quick Restart","Relic Filter","Relic Sorter","Replay The Spire","Shop Mod","StSLib","SuperFastMode","Synergy Search","The Servant 0.9.4","vexMod"],"gold_per_floor":[111,111,111,134,152,152,175,195,195,195,195,195,216,201,201,201,201],"floor_reached":16,"playtime":372,"items_purged":[],"score":94,"play_id":"3d6d72cf-9a89-4711-ab09-04cb9e4a0d82","local_time":"20210105071723","is_ascension_mode":false,"campfire_choices":[{"data":"Luminosity","floor":6,"key":"SMITH"},{"data":"Ricochet","floor":10,"key":"SMITH"},{"floor":15,"key":"REST"}],"circlet_count":0,"master_deck":["Strike_S","Strike_S","Strike_S","Strike_S","Defend_S","Defend_S","Defend_S","Defend_S","KidneyShot","Exchange","ReplayTheSpireMod:Uncanny Aura","Luminosity+1","Ricochet+1","hubris:NaturalOne","Contraction"],"relics":["Uniform","hubris:Icosahedron","Golden Idol","hubris:SphereOfDissonance","halation:PinkSoulGem"],"acts_visited":["Exordium"],"potions_floor_usage":[7],"damage_taken":[{"damage":9,"enemies":"2 Louse","floor":1,"turns":3},{"damage":19,"enemies":"Small Slimes","floor":4,"turns":5},{"damage":5,"enemies":"Jaw Worm","floor":5,"turns":6},{"damage":6,"enemies":"Large Slime","floor":7,"turns":8},{"damage":7,"enemies":"3 Louse","floor":8,"turns":5},{"damage":9,"enemies":"Blue Slaver","floor":13,"turns":3},{"damage":0,"enemies":"Exordium Thugs","floor":14,"turns":4},{"damage":37,"enemies":"Slime Boss","floor":16,"turns":6}],"seed_played":"-3413257660330289192","potions_obtained":[{"floor":1,"key":"FearPotion"},{"floor":4,"key":"jedi:wingpotion"},{"floor":8,"key":"Milkshake"},{"floor":14,"key":"SteroidPotion"}],"is_trial":false,"path_per_floor":["M","?","?","M","M","R","M","M","T","R","?","?","M","M","R_BF","B"],"character_chosen":"THE_SERVANT","items_purchased":[],"campfire_rested":1,"item_purchase_floors":[],"current_hp_per_floor":[56,56,56,37,32,32,26,19,19,19,24,24,15,15,34,0,0],"gold":201,"neow_bonus":"RANDOM_COLORLESS","is_daily":false,"chose_seed":false,"campfire_upgraded":2,"win_rate":0.0,"timestamp":1609823843,"path_taken":["M","?","?","M","?","R","M","M","T","R","?","?","M","M","R_BF","BOSS"],"items_purchased_type":[],"build_version":"2020-12-22","purchased_purges":0,"victory":false,"max_hp_per_floor":[65,60,60,60,60,60,60,60,60,60,65,65,65,65,65,65,65],"card_choices":[{"not_picked":["Replay:Parry","Mind Blast"],"picked":"ReplayTheSpireMod:Uncanny Aura","floor":0},{"not_picked":["Spin","Replace","BottledTime"],"picked":"SKIP","floor":1},{"not_picked":["Rewind","Barrier"],"picked":"Luminosity","floor":4},{"not_picked":["Unruled","Reset","BottledTime"],"picked":"SKIP","floor":5},{"not_picked":["FastForward","Unruled","Potential"],"picked":"SKIP","floor":7},{"not_picked":["Foresight","Alleviate"],"picked":"Ricochet","floor":8},{"not_picked":["Alleviate","Duplication"],"picked":"Contraction","floor":13},{"not_picked":["RealityMarble","WasteNot","Revamp"],"picked":"SKIP","floor":14}],"player_experience":212094,"relics_obtained":[{"floor":9,"key":"hubris:SphereOfDissonance"}],"event_choices":[{"damage_healed":0,"gold_gain":0,"player_choice":"Lose Max HP","damage_taken":0,"relics_obtained":["Golden Idol"],"max_hp_gain":0,"max_hp_loss":5,"event_name":"Golden Idol","floor":2,"gold_loss":0},{"damage_healed":0,"gold_gain":0,"player_choice":"Donut","damage_taken":0,"max_hp_gain":5,"max_hp_loss":0,"event_name":"Big Fish","floor":11,"gold_loss":0}],"is_beta":false,"boss_relics":[],"items_purged_floors":[],"is_endless":false,"potions_floor_spawned":[1,4,8,14],"killed_by":"Slime Boss","ascension_level":0}}