{"host":"g75gtovmj0ine2rf","time":1609846020,"event":{"mods":["2.2 Compatiblity","AchievementEnabler","Act Like it!","Aspiration","Astrologer","Bard","BaseMod","Better Match","BetterRewards","CapriCore","Challenge The Spire","ChefMod","Colored Map","Conspire","Elementarium","Energized Spire","Friendly Minions","Gensokyo","Halation","Hallownest","Hermit","HexUI Lib","Highlight Path","Hubris","Infinite Spire","Jedi Mod","Lobotomy","Menagerie","Minty Spire (QoL Compilation)","Puzzle Mod","Quick Restart","Rare Cards Sparkle","Relic Stats","Replay The Spire","Robot Space Explorer","Shade Mod","Shop Mod","Spicy Shops","StSLib","SuperFastMode","The Construct","The Cursed","The Dragon Tamer","The Factory","The Jungle","The Marked","The Runesmith","TheBandit","TheFirefly","TheSwordswoman","TheVacant","Transform Curses","Wandering Minibosses","thorton","vexMod"],"gold_per_floor":[10,10,25,44,44,76,76,109,109,109,119,119,132,158,158,262,262,242,167,187,112,124,124,124,124,124,124,124,137,137,137],"floor_reached":30,"playtime":1213,"items_purged":["theMarked:Strike"],"score":238,"play_id":"b8d4d89d-27cd-44cc-a6f2-389daf07a878","local_time":"20210105222700","is_ascension_mode":false,"campfire_choices":[{"data":"theMarked:SoldierOfQuellstein","floor":7,"key":"SMITH"},{"data":"theMarked:SummonStrength","floor":10,"key":"SMITH"},{"floor":12,"key":"REST"},{"floor":15,"key":"REST"},{"floor":23,"key":"REST"}],"circlet_count":0,"master_deck":["theMarked:Strike","theMarked:Defend","theMarked:Defend","theMarked:Defend","theMarked:Defend","theMarked:SoldierOfQuellstein+1","theMarked:MysticalArsenal","theMarked:SummonStrength+1","theMarked:RogueSparks","theMarked:Vacuum","theMarked:HeritageOfTheMarked","theMarked:AttractMetal"],"relics":["theMarked:ArtifactOfAir","FaceOfCleric","Girya","jedi:shrinkray","Replay:WaspNest","Simple Rune","construct:ClawGrip","PrismaticShard"],"acts_visited":["Exordium","TheCity"],"potions_floor_usage":[16,29,30],"damage_taken":[{"damage":2,"enemies":"Small Slimes","floor":1,"turns":5},{"damage":0,"enemies":"Cultist","floor":3,"turns":3},{"damage":0,"enemies":"Jaw Worm","floor":4,"turns":7},{"damage":9,"enemies":"Lagavulin","floor":6,"turns":8},{"damage":18,"enemies":"3 Sentries","floor":8,"turns":11},{"damage":6,"enemies":"Exordium Thugs","floor":11,"turns":5},{"damage":4,"enemies":"Looter","floor":13,"turns":3},{"damage":35,"enemies":"Slime Boss","floor":16,"turns":9},{"damage":26,"enemies":"2 Thieves","floor":18,"turns":4},{"damage":19,"enemies":"Spheric Guardian","floor":20,"turns":4},{"damage":5,"enemies":"conspire:HollyBat","floor":22,"turns":6},{"damage":13,"enemies":"Centurion and Healer","floor":29,"turns":6},{"damage":33,"enemies":"Slavers","floor":30,"turns":2}],"seed_played":"8235868045402782875","potions_obtained":[{"floor":1,"key":"jedi:StrikingPotion"},{"floor":3,"key":"Venom Potion"},{"floor":8,"key":"jedi:hoardpotion"},{"floor":11,"key":"LifebloodPotion"},{"floor":20,"key":"theMarked:ChargePotion"}],"is_trial":false,"path_per_floor":["M","?","M","M","?","E","R","E","T","R","M","R","M","T","R","B",null,"M","?","M","$","M","R","PTL","PTL","?","?","T","M","E"],"character_chosen":"THE_DEFAULT","items_purchased":[],"campfire_rested":3,"item_purchase_floors":[],"current_hp_per_floor":[68,54,54,54,54,46,46,29,29,29,24,45,42,42,64,30,75,50,50,32,32,28,51,51,51,43,43,43,31,0,0],"gold":137,"neow_bonus":"REMOVE_TWO","is_daily":false,"chose_seed":false,"campfire_upgraded":2,"win_rate":0.0,"timestamp":1609846020,"path_taken":["M","?","M","M","?","E","R","E","T","R","M","R","?","?","R","BOSS","M","?","M","$","M","R","PTL","PTL","?","?","T","M","E"],"items_purchased_type":[],"build_version":"2020-12-22","purchased_purges":1,"victory":false,"max_hp_per_floor":[70,70,70,70,70,71,71,72,72,72,73,73,74,74,74,75,75,76,76,77,77,78,78,78,78,78,78,78,79,79,79],"relic_stats":{"FaceOfCleric":9,"counters":[13,73],"obtain_stats":[{"theMarked:ArtifactOfAir":0,"Girya":6,"construct:ClawGrip":17,"FaceOfCleric":5,"Simple Rune":14,"Replay:WaspNest":9,"PrismaticShard":26,"jedi:shrinkray":8},{"theMarked:ArtifactOfAir":0,"Girya":4,"construct:ClawGrip":8,"FaceOfCleric":3,"Simple Rune":7,"Replay:WaspNest":5,"PrismaticShard":11,"jedi:shrinkray":5},{"theMarked:ArtifactOfAir":0,"Girya":23,"construct:ClawGrip":51,"FaceOfCleric":15,"Simple Rune":42,"Replay:WaspNest":34,"PrismaticShard":65,"jedi:shrinkray":34}]},"card_choices":[{"not_picked":["theMarked:ElectricStrings","theMarked:WastefulAttack","theMarked:ChainLightning"],"picked":"SKIP","floor":1},{"not_picked":["theMarked:HeightenedSenses","theMarked:ElectricStrings"],"picked":"theMarked:MysticalArsenal","floor":3},{"not_picked":["theMarked:Frustration","theMarked:Parkour","theMarked:WastefulDefense"],"picked":"SKIP","floor":4},{"not_picked":["theMarked:WastefulDefense","theMarked:Static","theMarked:ResourceFulStrike"],"picked":"SKIP","floor":6},{"not_picked":["theMarked:Overthink","theMarked:KeepCalmAndFightOn"],"picked":"theMarked:SummonStrength","floor":8},{"not_picked":["theMarked:EmpowerWeapon","theMarked:Parkour"],"picked":"theMarked:RogueSparks","floor":11},{"not_picked":["theMarked:CreepingChasm","theMarked:EmpowerWeapon","theMarked:SelfDefenseTraining"],"picked":"SKIP","floor":13},{"not_picked":["theMarked:Snap","theMarked:Abjuration"],"picked":"theMarked:Vacuum","floor":16},{"not_picked":["theMarked:RepellingDischarge","theMarked:SelfDefenseTraining"],"picked":"theMarked:HeritageOfTheMarked","floor":18},{"not_picked":["theMarked:LightningStrikesTwice","theMarked:TwofoldDefense+1"],"picked":"theMarked:AttractMetal","floor":20},{"not_picked":["theMarked:Overthink+1","theMarked:EmpowerWeapon","theMarked:Frustration"],"picked":"SKIP","floor":22},{"not_picked":["wariomod:BlastDash","wariomod:EmptyMind","Runesmith:Discharge"],"picked":"SKIP","floor":29}],"player_experience":1384618,"relics_obtained":[{"floor":6,"key":"Girya"},{"floor":8,"key":"jedi:shrinkray"},{"floor":9,"key":"Replay:WaspNest"},{"floor":14,"key":"Simple Rune"},{"floor":26,"key":"PrismaticShard"}],"event_choices":[{"damage_healed":0,"gold_gain":0,"player_choice":"Entered Light","damage_taken":14,"max_hp_gain":0,"max_hp_loss":0,"event_name":"Shining Light","floor":2,"gold_loss":0,"cards_upgraded":["theMarked:Defend","theMarked:Defend"]},{"damage_healed":0,"gold_gain":0,"player_choice":"Trade","damage_taken":0,"relics_obtained":["FaceOfCleric"],"max_hp_gain":0,"max_hp_loss":0,"event_name":"FaceTrader","floor":5,"gold_loss":0},{"cards_removed":["theMarked:Strike"],"damage_healed":0,"gold_gain":0,"player_choice":"Gave Gold","damage_taken":0,"max_hp_gain":0,"max_hp_loss":0,"event_name":"Beggar","floor":19,"gold_loss":75},{"damage_healed":0,"gold_gain":0,"player_choice":"Ignored","damage_taken":0,"max_hp_gain":0,"max_hp_loss":0,"event_name":"Ghosts","floor":27,"gold_loss":0}],"is_beta":false,"boss_relics":[{"not_picked":["vexMod:RockOfEvil","theMarked:BronzeBlade"],"picked":"construct:ClawGrip"}],"items_purged_floors":[21],"is_endless":false,"potions_floor_spawned":[1,3,8,11,20],"killed_by":"Slavers","ascension_level":0}}