{"host":"wha9hktbkslqvblg","time":1609826303,"event":{"mods":["BaseMod","Colored Map","Minty Spire (QoL Compilation)","Relic Stats","SuperFastMode","everything is the same but u backflip on backflip"],"gold_per_floor":[113,113,38,38,54,80,80],"floor_reached":6,"playtime":48,"items_purged":[],"score":138,"play_id":"fe7fa1ce-c5b2-4de1-a950-b6df323ee9a1","local_time":"20210105145823","is_ascension_mode":true,"campfire_choices":[],"circlet_count":0,"master_deck":["AscendersBane","Strike_R","Strike_R","Strike_R","Strike_R","Defend_R","Defend_R","Defend_R","Defend_R","Bash","Blood for Blood"],"relics":["Burning Blood","NeowsBlessing","Kunai","Bottled Flame"],"acts_visited":["Exordium"],"potions_floor_usage":[],"damage_taken":[{"damage":0,"enemies":"Jaw Worm","floor":1,"turns":1},{"damage":0,"enemies":"2 Louse","floor":5,"turns":2},{"damage":0,"enemies":"Lagavulin","floor":6,"turns":2}],"seed_played":"1665604000039702064","potions_obtained":[{"floor":1,"key":"CultistPotion"}],"is_trial":false,"path_per_floor":["M","?","?","$","M","E"],"character_chosen":"IRONCLAD","items_purchased":[],"campfire_rested":0,"item_purchase_floors":[],"current_hp_per_floor":[74,48,48,48,54,60,60],"gold":80,"neow_bonus":"THREE_ENEMY_KILL","is_daily":false,"chose_seed":false,"campfire_upgraded":0,"win_rate":0.0,"timestamp":1609826303,"path_taken":["M","?","?","$","M","E"],"items_purchased_type":[],"build_version":"2020-12-22","purchased_purges":0,"victory":false,"max_hp_per_floor":[75,75,75,75,75,75,75],"relic_stats":{"counters":[3,5],"Kunai":[0],"obtain_stats":[{"Bottled Flame":6,"NeowsBlessing":0,"Kunai":2,"Burning Blood":0},{"Bottled Flame":3,"NeowsBlessing":0,"Kunai":1,"Burning Blood":0},{"Bottled Flame":5,"NeowsBlessing":0,"Kunai":1,"Burning Blood":0}],"Burning Blood":18},"card_choices":[{"not_picked":["Spot Weakness","Armaments"],"picked":"Blood for Blood","floor":1},{"not_picked":["Sever Soul","Anger","True Grit"],"picked":"SKIP","floor":5}],"player_experience":936528,"relics_obtained":[{"floor":6,"key":"Bottled Flame"}],"event_choices":[{"damage_healed":0,"gold_gain":0,"player_choice":"Success","damage_taken":26,"relics_obtained":["Kunai"],"max_hp_gain":0,"max_hp_loss":0,"event_name":"Scrap Ooze","floor":2,"gold_loss":0},{"cards_removed":["Strike_R"],"damage_healed":0,"gold_gain":0,"player_choice":"Card Removal","damage_taken":0,"max_hp_gain":0,"max_hp_loss":0,"event_name":"The Cleric","floor":3,"gold_loss":75}],"is_beta":false,"boss_relics":[],"items_purged_floors":[],"is_endless":false,"potions_floor_spawned":[1,6],"killed_by":"Lagavulin","ascension_level":20}}