{"host":"ox77rn1xcurm2t5a","time":1609890047,"event":{"mods":["2.2 Compatiblity","AchievementEnabler","Act Like it!","Aspiration","BaseMod","Best Route Mod","Better Match","Better Note","Better Sensory Stone","Block Reminder","Colored Map","Colored Powertips","Conjunction","Conspire","Custom Start","Energized Spire","GifTheSpireLib","Gold Saver","Gremlin Skip","Halation","Highlight Path","Hubris","Infinite Spire","Minty Spire (QoL Compilation)","Pale of the Ancients","Quick Restart","Replay The Spire","Reworked Bosses","ShortenTheSpire","Spire Exporter","StSLib","Stuff the Spire","Wandering Minibosses","vexMod"],"gold_per_floor":[361,361,361,372,372,372,389,419,55,55,80,80,80],"floor_reached":12,"playtime":1191,"items_purged":["Strike_B"],"score":122,"play_id":"ec674e44-10ca-4769-b8b4-5c27ce5ad4e1","local_time":"20210106014047","is_ascension_mode":true,"campfire_choices":[{"floor":10,"key":"RECALL"}],"circlet_count":0,"master_deck":["AscendersBane","Strike_B+1","Strike_B+1","Strike_B+1","Defend_B","Defend_B","Defend_B","Defend_B","Zap","Dualcast","Cold Snap+1"],"relics":["Cracked Core","halation:AfternoonTea","Whetstone","hubris:EmptyBottle"],"acts_visited":["Exordium"],"potions_floor_usage":[1,12,12],"damage_taken":[{"damage":3,"enemies":"2 Louse","floor":1,"turns":3},{"damage":5,"enemies":"Jaw Worm","floor":4,"turns":2},{"damage":5,"enemies":"Small Slimes","floor":7,"turns":3},{"damage":40,"enemies":"Lagavulin","floor":8,"turns":7},{"damage":31,"enemies":"Gremlin Nob","floor":12,"turns":3}],"seed_played":"6538504483316892985","potions_obtained":[{"floor":0,"key":"FairyPotion"},{"floor":0,"key":"PowerPotion"},{"floor":4,"key":"SkillPotion"},{"floor":8,"key":"Conjunction:LightningMarble"}],"is_trial":false,"path_per_floor":["M","?","?","M","PTL","PTL","M","E","$","R","T","E"],"character_chosen":"DEFECT","items_purchased":["Whetstone","hubris:EmptyBottle"],"campfire_rested":0,"item_purchase_floors":[9,9],"current_hp_per_floor":[65,50,50,45,45,45,40,22,22,22,22,0,0],"gold":80,"neow_bonus":"THREE_SMALL_POTIONS","is_daily":false,"chose_seed":false,"campfire_upgraded":0,"win_rate":0.0,"timestamp":1609890047,"path_taken":["M","?","?","M","PTL","PTL","M","E","$","R","T","E"],"items_purchased_type":["Relic","Relic"],"build_version":"2020-12-22","purchased_purges":1,"victory":false,"max_hp_per_floor":[75,75,75,75,75,75,75,75,75,75,75,75,75],"card_choices":[{"not_picked":["ReplaySort","Streamline"],"picked":"Cold Snap","floor":1},{"not_picked":["Hologram","Sweeping Beam","Beam Cell"],"picked":"SKIP","floor":4},{"not_picked":["Turbo","hubris:Ukulele","Hyperbeam"],"picked":"SKIP","floor":7},{"not_picked":["Auto Shields","Leap","Conserve Battery"],"picked":"SKIP","floor":8}],"player_experience":2920882,"relics_obtained":[{"floor":8,"key":"halation:AfternoonTea"}],"event_choices":[{"damage_healed":0,"gold_gain":0,"player_choice":"Entered Light","damage_taken":15,"max_hp_gain":0,"max_hp_loss":0,"event_name":"Shining Light","floor":2,"gold_loss":0,"cards_upgraded":["Cold Snap","Strike_B"]},{"damage_healed":0,"gold_gain":0,"player_choice":"Ignored","damage_taken":0,"max_hp_gain":0,"max_hp_loss":0,"event_name":"Golden Idol","floor":3,"gold_loss":0}],"is_beta":false,"boss_relics":[],"items_purged_floors":[9],"is_endless":false,"potions_floor_spawned":[4,8],"killed_by":"Gremlin Nob","ascension_level":12}}