{"host":"ydujlihd8f5px9gp","time":1609804927,"event":{"mods":["AchievementEnabler","BaseMod","Block Reminder","Colored Map","Minty Spire (QoL Compilation)","ojb\u0027s Info Mod"],"gold_per_floor":[117,117,136,149,165,165,196,212,212,68,84,109,109,109,109,213,213,153,153,153,153,153,153,153,153,153,153,153,153,153,53,53,53,53,53,53,53,53,53,53,53,53,53,53,53,53,53,0,0,0],"floor_reached":51,"playtime":1965,"items_purged":["Defend_R"],"score":784,"play_id":"25a38710-4bba-4d80-bba1-2173e8e4bdbf","local_time":"20210104220207","is_ascension_mode":true,"campfire_choices":[{"data":"Pommel Strike","floor":6,"key":"SMITH"},{"data":"Fire Breathing","floor":15,"key":"SMITH"},{"data":"Shrug It Off","floor":23,"key":"SMITH"},{"data":"Cleave","floor":25,"key":"SMITH"},{"data":"Bash","floor":29,"key":"SMITH"},{"floor":32,"key":"REST"},{"data":"Perfected Strike","floor":40,"key":"SMITH"},{"data":"Perfected Strike","floor":47,"key":"SMITH"},{"data":"Immolate","floor":49,"key":"SMITH"}],"circlet_count":0,"master_deck":["Strike_R","Strike_R","Strike_R","Strike_R","Strike_R","Defend_R","Defend_R","Bash+1","Cleave+1","Perfected Strike+1","Pommel Strike+1","Fire Breathing+1","Shrug It Off+1","Shrug It Off+1","Perfected Strike+1","Twin Strike+1","Anger","Perfected Strike+1","Twin Strike","Immolate+1","Clash+1","Clash+1","Fire Breathing+1","Wild Strike+1","Normality","Writhe","Doubt"],"relics":["Burning Blood","Toy Ornithopter","Meat on the Bone","TheAbacus","Boot","Ectoplasm","Ornamental Fan","Lizard Tail","Juzu Bracelet","Cursed Key","Regal Pillow","Red Mask"],"acts_visited":["Exordium","TheCity","TheBeyond"],"potions_floor_usage":[11,24,24,50,50,50],"damage_taken":[{"damage":5,"enemies":"Cultist","floor":1,"turns":4},{"damage":10,"enemies":"Jaw Worm","floor":3,"turns":5},{"damage":3,"enemies":"2 Louse","floor":4,"turns":2},{"damage":20,"enemies":"Exordium Wildlife","floor":5,"turns":7},{"damage":21,"enemies":"3 Sentries","floor":7,"turns":5},{"damage":1,"enemies":"2 Fungi Beasts","floor":8,"turns":3},{"damage":4,"enemies":"Gremlin Gang","floor":11,"turns":2},{"damage":34,"enemies":"Lagavulin","floor":12,"turns":8},{"damage":0,"enemies":"Slime Boss","floor":16,"turns":7},{"damage":12,"enemies":"2 Thieves","floor":18,"turns":5},{"damage":9,"enemies":"3 Byrds","floor":21,"turns":5},{"damage":12,"enemies":"3 Cultists","floor":22,"turns":5},{"damage":32,"enemies":"Slavers","floor":24,"turns":6},{"damage":22,"enemies":"Shelled Parasite and Fungi","floor":27,"turns":6},{"damage":17,"enemies":"Gremlin Leader","floor":28,"turns":5},{"damage":6,"enemies":"Cultist and Chosen","floor":30,"turns":4},{"damage":57,"enemies":"Automaton","floor":33,"turns":10},{"damage":1,"enemies":"3 Darklings","floor":35,"turns":4},{"damage":0,"enemies":"Orb Walker","floor":37,"turns":3},{"damage":18,"enemies":"3 Darklings","floor":38,"turns":4},{"damage":16,"enemies":"Jaw Worm Horde","floor":41,"turns":3},{"damage":12,"enemies":"Spire Growth","floor":42,"turns":3},{"damage":19,"enemies":"4 Shapes","floor":46,"turns":3},{"damage":146,"enemies":"Time Eater","floor":50,"turns":11}],"seed_played":"8187083207137921864","potions_obtained":[{"floor":7,"key":"Explosive Potion"},{"floor":12,"key":"SmokeBomb"},{"floor":16,"key":"SkillPotion"},{"floor":21,"key":"SpeedPotion"},{"floor":22,"key":"SpeedPotion"},{"floor":24,"key":"Dexterity Potion"},{"floor":28,"key":"SteroidPotion"},{"floor":37,"key":"Fire Potion"},{"floor":42,"key":"Weak Potion"}],"is_trial":false,"path_per_floor":["M","$","M","M","M","R","E","M","T","$","M","E","?","?","R","B",null,"M","?","?","M","M","R","E","R","T","M","E","R","M","$","R","B",null,"M","?","M","M","?","R","M","M","T","?","?","M","R","?","R","B",null],"character_chosen":"IRONCLAD","items_purchased":["TheAbacus","Twin Strike"],"campfire_rested":1,"item_purchase_floors":[10,31],"current_hp_per_floor":[88,88,84,87,73,73,58,63,63,63,70,54,54,59,59,65,93,87,87,87,84,78,78,62,62,62,58,59,59,59,59,86,47,93,93,93,93,81,81,81,71,65,65,88,93,80,80,80,80,29],"gold":0,"neow_bonus":"TEN_PERCENT_HP_BONUS","is_daily":false,"chose_seed":false,"campfire_upgraded":8,"win_rate":0.0,"timestamp":1609804927,"path_taken":["M","$","M","M","M","R","E","?","T","?","M","E","?","?","R","BOSS","M","?","?","M","M","R","E","R","T","M","E","R","M","$","R","BOSS","M","?","M","M","?","R","M","M","T","?","?","M","R","?","R","BOSS"],"items_purchased_type":["Relic","Card"],"build_version":"2020-12-22","purchased_purges":1,"victory":true,"max_hp_per_floor":[88,88,88,88,88,88,88,88,88,88,88,88,88,93,93,93,93,93,93,93,93,93,93,93,93,93,93,93,93,93,93,93,93,93,93,93,93,93,93,93,93,93,93,93,93,93,93,93,93,93],"card_choices":[{"not_picked":["Heavy Blade","Rupture"],"picked":"Cleave","floor":1},{"not_picked":["True Grit","Havoc"],"picked":"Perfected Strike","floor":3},{"not_picked":["Spot Weakness","Hemokinesis"],"picked":"Pommel Strike","floor":4},{"not_picked":["Ghostly Armor","Havoc"],"picked":"Fire Breathing","floor":5},{"not_picked":["Flame Barrier","Infernal Blade","Disarm"],"picked":"SKIP","floor":7},{"not_picked":["Heavy Blade","Armaments"],"picked":"Shrug It Off","floor":8},{"not_picked":["Metallicize","Infernal Blade","Flex"],"picked":"SKIP","floor":11},{"not_picked":["Ghostly Armor","Body Slam","Bloodletting"],"picked":"SKIP","floor":12},{"not_picked":["Pommel Strike","Seeing Red"],"picked":"Shrug It Off+1","floor":18},{"not_picked":["Flex","Thunderclap"],"picked":"Perfected Strike","floor":21},{"not_picked":["Havoc+1","Body Slam"],"picked":"Twin Strike+1","floor":22},{"not_picked":["Rupture","Berserk","Second Wind"],"picked":"SKIP","floor":24},{"not_picked":["Shockwave+1","Second Wind"],"picked":"Anger","floor":27},{"not_picked":["Warcry","Spot Weakness"],"picked":"Perfected Strike","floor":28},{"not_picked":["Carnage","Cleave","Intimidate"],"picked":"SKIP","floor":30},{"not_picked":["Exhume","Impervious"],"picked":"Immolate","floor":33},{"not_picked":["Intimidate","Perfected Strike"],"picked":"Clash+1","floor":35},{"not_picked":["Combust","Headbutt+1","Flex"],"picked":"SKIP","floor":37},{"not_picked":["Rupture+1","Havoc+1"],"picked":"Fire Breathing+1","floor":38},{"not_picked":["Twin Strike+1","Iron Wave+1"],"picked":"Wild Strike+1","floor":41},{"not_picked":["Warcry+1","Anger+1","Sword Boomerang+1"],"picked":"SKIP","floor":42},{"not_picked":["Inflame","True Grit+1","Havoc"],"picked":"SKIP","floor":46}],"player_experience":98082,"relics_obtained":[{"floor":7,"key":"Toy Ornithopter"},{"floor":9,"key":"Meat on the Bone"},{"floor":12,"key":"Boot"},{"floor":24,"key":"Ornamental Fan"},{"floor":26,"key":"Lizard Tail"},{"floor":28,"key":"Juzu Bracelet"},{"floor":43,"key":"Regal Pillow"}],"event_choices":[{"damage_healed":0,"gold_gain":0,"player_choice":"Ignored","damage_taken":0,"max_hp_gain":0,"max_hp_loss":0,"event_name":"Liars Game","floor":13,"gold_loss":0},{"damage_healed":0,"gold_gain":0,"player_choice":"Donut","damage_taken":0,"max_hp_gain":5,"max_hp_loss":0,"event_name":"Big Fish","floor":14,"gold_loss":0},{"damage_healed":0,"gold_gain":0,"player_choice":"Ignored","damage_taken":0,"max_hp_gain":0,"max_hp_loss":0,"event_name":"Vampires","floor":19,"gold_loss":0},{"damage_healed":0,"gold_gain":0,"player_choice":"Upgraded","damage_taken":0,"max_hp_gain":0,"max_hp_loss":0,"event_name":"Upgrade Shrine","floor":20,"gold_loss":0,"cards_upgraded":["Perfected Strike"]},{"damage_healed":0,"gold_gain":0,"player_choice":"Copied","damage_taken":0,"max_hp_gain":0,"max_hp_loss":0,"event_name":"Duplicator","floor":36,"gold_loss":0,"cards_obtained":["Clash"]},{"cards_removed":["Defend_R"],"damage_healed":0,"gold_gain":0,"player_choice":"Removed Skill","damage_taken":0,"max_hp_gain":0,"max_hp_loss":0,"event_name":"Falling","floor":39,"gold_loss":0},{"damage_healed":23,"gold_gain":0,"player_choice":"Writhe","damage_taken":0,"max_hp_gain":0,"max_hp_loss":0,"event_name":"Winding Halls","floor":44,"gold_loss":0,"cards_obtained":["Writhe"]},{"damage_healed":5,"gold_gain":0,"player_choice":"Heal","damage_taken":0,"max_hp_gain":0,"max_hp_loss":0,"event_name":"MindBloom","floor":45,"gold_loss":0,"cards_obtained":["Doubt"]},{"damage_healed":0,"gold_gain":0,"player_choice":"Paid","damage_taken":0,"relics_obtained":["Red Mask"],"max_hp_gain":0,"max_hp_loss":0,"event_name":"Tomb of Lord Red Mask","floor":48,"gold_loss":53}],"is_beta":false,"boss_relics":[{"not_picked":["SacredBark","Runic Dome"],"picked":"Ectoplasm"},{"not_picked":["Philosopher\u0027s Stone","Runic Pyramid"],"picked":"Cursed Key"}],"items_purged_floors":[31],"is_endless":false,"potions_floor_spawned":[7,12,16,21,22,24,28,37,41,42],"ascension_level":1}}