{"host":"51f0ad793vly1w6u","time":1609861405,"event":{"mods":["BaseMod","Colored Map","DeckTracker","Minty Spire (QoL Compilation)","StSLib","SuperFastMode"],"gold_per_floor":[20,38,38,62,32,66,66,81,81,81,131,131,165,183,183,279,279,279,87,47,47,47,47,47,47,47,47,47,47,47,47,47,47,47],"floor_reached":33,"playtime":509,"items_purged":[],"score":554,"play_id":"e40623eb-100b-45bf-bf08-4609a4b7dc88","local_time":"20210106004325","is_ascension_mode":true,"campfire_choices":[{"data":"Perfected Strike","floor":7.0,"key":"SMITH"},{"floor":12.0,"key":"REST"},{"data":"Berserk","floor":15.0,"key":"SMITH"},{"data":"Perfected Strike","floor":23.0,"key":"SMITH"},{"data":"Perfected Strike","floor":28.0,"key":"SMITH"},{"floor":32,"key":"REST"}],"circlet_count":0,"master_deck":["AscendersBane","Strike_R+1","Strike_R+1","Strike_R+1","Strike_R+1","Defend_R+1","Defend_R+1","Defend_R+1","Defend_R+1","Bash","Twin Strike","Ghostly Armor","Perfected Strike+1","Berserk+1","Rage","Twin Strike","Wild Strike","Immolate","Flame Barrier","Perfected Strike+1","True Grit","Wild Strike","Shrug It Off+1","Impervious","Perfected Strike+1","Power Through"],"relics":["Burning Blood","Bloody Idol","Juzu Bracelet","Bag of Marbles","Letter Opener","Ectoplasm","Shuriken","The Courier"],"acts_visited":["Exordium","TheCity"],"potions_floor_usage":[33],"damage_taken":[{"damage":15.0,"enemies":"Small Slimes","floor":1.0,"turns":3.0},{"damage":4.0,"enemies":"2 Louse","floor":2.0,"turns":3.0},{"damage":11.0,"enemies":"Cultist","floor":4.0,"turns":4.0},{"damage":44.0,"enemies":"Gremlin Nob","floor":6.0,"turns":5.0},{"damage":5.0,"enemies":"Gremlin Gang","floor":8.0,"turns":5.0},{"damage":11.0,"enemies":"Lagavulin","floor":13.0,"turns":7.0},{"damage":24.0,"enemies":"Exordium Thugs","floor":14.0,"turns":5.0},{"damage":21.0,"enemies":"The Guardian","floor":16.0,"turns":9.0},{"damage":14.0,"enemies":"Spheric Guardian","floor":18.0,"turns":4.0},{"damage":1.0,"enemies":"2 Thieves","floor":20.0,"turns":4.0},{"damage":12.0,"enemies":"3 Cultists","floor":24.0,"turns":3.0},{"damage":46.0,"enemies":"Book of Stabbing","floor":25.0,"turns":5.0},{"damage":8.0,"enemies":"Sentry and Sphere","floor":27.0,"turns":4.0},{"damage":25,"enemies":"Shelled Parasite and Fungi","floor":29,"turns":4},{"damage":0,"enemies":"Centurion and Healer","floor":30,"turns":3},{"damage":57,"enemies":"Automaton","floor":33,"turns":8}],"seed_played":"-871337412599223404","potions_obtained":[{"floor":4.0,"key":"ColorlessPotion"},{"floor":5.0,"key":"HeartOfIron"},{"floor":5.0,"key":"LiquidMemories"},{"floor":6.0,"key":"HeartOfIron"},{"floor":13.0,"key":"Swift Potion"},{"floor":24.0,"key":"GamblersBrew"},{"floor":25.0,"key":"BloodPotion"}],"is_trial":false,"path_per_floor":["M","M","?","M","?","E","R","M","T","?","?","R","E","M","R","B",null,"M","$","M","?","?","R","M","E","T","M","R","M","M","?","R","B"],"character_chosen":"IRONCLAD","items_purchased":["Perfected Strike","BloodPotion","True Grit","Wild Strike"],"campfire_rested":2,"item_purchase_floors":[19,19,19,19],"current_hp_per_floor":[73,75,75,70,70,32,32,33,33,33,25,49,44,26,26,11,64,56,56,61,61,61,61,55,31,31,29,29,10,16,16,40,0,0],"gold":47,"neow_bonus":"TWENTY_PERCENT_HP_BONUS","is_daily":false,"chose_seed":false,"campfire_upgraded":4,"win_rate":0.0,"timestamp":1609861405,"path_taken":["M","M","?","M","?","E","R","M","T","?","?","R","E","M","R","BOSS","M","$","M","?","?","R","M","E","T","M","R","M","M","?","R","BOSS"],"items_purchased_type":["Card","Potion","Card","Card"],"build_version":"2020-12-22","purchased_purges":0,"victory":false,"max_hp_per_floor":[89,89,81,81,81,81,81,81,81,81,81,81,81,81,81,81,81,81,81,81,81,81,81,81,81,81,81,81,81,81,81,81,81,81],"card_choices":[{"not_picked":["Headbutt","Shrug It Off"],"picked":"Twin Strike","floor":1.0},{"not_picked":["Clash","Warcry"],"picked":"Ghostly Armor","floor":2.0},{"not_picked":["Headbutt","Ghostly Armor","Iron Wave"],"picked":"SKIP","floor":4.0},{"not_picked":["Shrug It Off","Armaments"],"picked":"Perfected Strike","floor":6.0},{"not_picked":["Anger","Iron Wave"],"picked":"Berserk","floor":8.0},{"not_picked":["Thunderclap","Shrug It Off"],"picked":"Twin Strike","floor":13.0},{"not_picked":["Armaments","Fire Breathing"],"picked":"Wild Strike","floor":14.0},{"not_picked":["Feed","Demon Form"],"picked":"Immolate","floor":16.0},{"not_picked":["Anger","Pummel"],"picked":"Flame Barrier","floor":18.0},{"not_picked":["Entrench","Wild Strike"],"picked":"Shrug It Off+1","floor":20.0},{"not_picked":["Body Slam","Sword Boomerang+1","Havoc"],"picked":"SKIP","floor":24.0},{"not_picked":["Cleave+1","Pummel"],"picked":"Impervious","floor":25.0},{"not_picked":["Clash","Rupture+1"],"picked":"Perfected Strike","floor":27.0},{"not_picked":["Headbutt","Reckless Charge"],"picked":"Power Through","floor":29},{"not_picked":["Combust","Blood for Blood","Hemokinesis"],"picked":"SKIP","floor":30}],"player_experience":1386026,"relics_obtained":[{"floor":6.0,"key":"Juzu Bracelet"},{"floor":9.0,"key":"Bag of Marbles"},{"floor":13.0,"key":"Letter Opener"},{"floor":25.0,"key":"Shuriken"},{"floor":26.0,"key":"The Courier"}],"event_choices":[{"damage_healed":0.0,"max_hp_gain":0.0,"max_hp_loss":8.0,"gold_gain":0.0,"event_name":"Golden Idol","player_choice":"Lose Max HP","floor":3.0,"gold_loss":0.0,"damage_taken":0.0,"relics_obtained":["Golden Idol"]},{"damage_healed":0.0,"max_hp_gain":0.0,"max_hp_loss":0.0,"gold_gain":0.0,"event_name":"The Woman in Blue","player_choice":"Bought 2 Potions","floor":5.0,"gold_loss":0.0,"damage_taken":0.0},{"damage_healed":0.0,"max_hp_gain":0.0,"max_hp_loss":0.0,"gold_gain":0.0,"cards_transformed":["Strike_R"],"event_name":"Transmorgrifier","player_choice":"Transformed","floor":10.0,"gold_loss":0.0,"damage_taken":0.0,"cards_obtained":["Rage"]},{"damage_healed":0.0,"max_hp_gain":0.0,"max_hp_loss":0.0,"gold_gain":50.0,"event_name":"FaceTrader","player_choice":"Touch","floor":11.0,"gold_loss":0.0,"damage_taken":8.0},{"damage_healed":0.0,"max_hp_gain":0.0,"max_hp_loss":0.0,"gold_gain":0.0,"event_name":"Forgotten Altar","player_choice":"Gave Idol","floor":21.0,"relics_lost":["Golden Idol"],"gold_loss":0.0,"damage_taken":0.0,"relics_obtained":["Bloody Idol"]},{"damage_healed":0.0,"max_hp_gain":0.0,"max_hp_loss":0.0,"gold_gain":0.0,"event_name":"Back to Basics","player_choice":"Simplicity","floor":22.0,"gold_loss":0.0,"damage_taken":0.0,"cards_upgraded":["Strike_R","Strike_R","Strike_R","Strike_R","Defend_R","Defend_R","Defend_R","Defend_R"]},{"damage_healed":0,"gold_gain":0,"player_choice":"Ignored","damage_taken":0,"max_hp_gain":0,"max_hp_loss":0,"event_name":"Vampires","floor":31,"gold_loss":0}],"is_beta":false,"boss_relics":[{"not_picked":["Runic Cube","Tiny House"],"picked":"Ectoplasm"}],"items_purged_floors":[],"is_endless":false,"potions_floor_spawned":[4,6,13,14,24,25],"killed_by":"Automaton","ascension_level":20}}