{"host":"4evnc443c98ww2zl","time":1609891162,"event":{"mods":["BaseMod","Better Third Choice","Hermit","Koishi","Luminous","Minty Spire (QoL Compilation)","Remilia??????","Robot Space Explorer","StSLib","The Administrix","The Animator","The Bug Knight","The Cursed","TheSwordswoman"],"gold_per_floor":[110,0,0,16,30,55,117,149,174,174,193,219,232,265,265,365,365,384,384,396,416,431,464,464,495,542,542,567,567,567,584,584,689,689,700,700,291,324,169,196,75,75,75,93,93,123,123,137,137,137,137,137,56,88,88],"floor_reached":56,"playtime":4663,"items_purged":[],"score":1446,"play_id":"bb3309f3-ebf3-4b1c-919b-9da9af534cfb","local_time":"20210105175922","daily_mods":["SealedDeck","Diverse","Colorless Cards","Heirloom","DeadlyEvents","Elite Swarm"],"is_ascension_mode":false,"campfire_choices":[{"floor":10,"key":"RECALL"},{"data":"Searing Blow","floor":15,"key":"SMITH"},{"data":"Searing Blow+1","floor":24,"key":"SMITH"},{"data":"Searing Blow+2","floor":27,"key":"SMITH"},{"data":"Searing Blow+3","floor":30,"key":"SMITH"},{"data":"Searing Blow+4","floor":32,"key":"SMITH"},{"data":"Searing Blow+5","floor":42,"key":"SMITH"},{"data":"Searing Blow+6","floor":47,"key":"SMITH"},{"data":"Searing Blow+7","floor":49,"key":"SMITH"},{"data":"Apotheosis","floor":52,"key":"SMITH"}],"circlet_count":0,"master_deck":["Hologram","hermit:BodyArmor","Searing Blow+8","SashWhip","Stigmanizer","RobotSpaceExplorer:StarLightning","Luminous:Lights_Protection_Luminous","VampirishNight","Sweeping Beam","hermit:Quickdraw","Beam Cell","Enlightenment","Storm","animator:Scar","RobotSpaceExplorer:Blaster","Deflect","HollowMod:Weaversong","Iron Wave","KillingBlow","Koishi:DreadfulBlow","animator:PinaCoLada","Koishi:JumpScare","Evaluate+1","RobotSpaceExplorer:StunGrenade","hermit:Headshot","Electrodynamics","blazmod:MentalFocus+1","Apotheosis+1","RobotSpaceExplorer:Blaster","Blind","animator:YunYun","Finesse","Prostrate","Injury","Bandage Up+1","Regret","Koishi:RuptureMind","Beam Cell+1","AdministrixMod:Convergence+1"],"relics":["ScarletHat","Ginger","Kunai","Bronze Scales","Toy Ornithopter","AntiCross","HollowMod:LifeEnderRelic","Cursed Key","Sundial","Mango","Incense Burner","Strawberry","Lizard Tail","Ornamental Fan","Empty Cage","Pantograph","FairyMaid","MawBank","Eternal Feather","Bag of Preparation","HollowMod:StagPassRelic","Vajra"],"acts_visited":["Exordium","TheCity","TheBeyond","TheEnding"],"potions_floor_usage":[6,6,14,20,23,33,33,33,48,50,54,55],"damage_taken":[{"damage":0,"enemies":"Jaw Worm","floor":1,"turns":2},{"damage":0,"enemies":"Jaw Worm","floor":3,"turns":3},{"damage":0,"enemies":"Small Slimes","floor":4,"turns":3},{"damage":1,"enemies":"Cultist","floor":5,"turns":3},{"damage":11,"enemies":"Lagavulin","floor":6,"turns":3},{"damage":7,"enemies":"3 Sentries","floor":7,"turns":6},{"damage":6,"enemies":"HollowMod:MossKnight","floor":8,"turns":7},{"damage":0,"enemies":"Red Slaver","floor":11,"turns":3},{"damage":5,"enemies":"3 Sentries","floor":12,"turns":5},{"damage":0,"enemies":"Looter","floor":13,"turns":2},{"damage":4,"enemies":"Gremlin Nob","floor":14,"turns":3},{"damage":5,"enemies":"The Guardian","floor":16,"turns":5},{"damage":0,"enemies":"Chosen","floor":18,"turns":3},{"damage":8,"enemies":"2 Thieves","floor":20,"turns":4},{"damage":4,"enemies":"3 Cultists","floor":21,"turns":4},{"damage":6,"enemies":"Shelled Parasite and Fungi","floor":22,"turns":3},{"damage":12,"enemies":"Book of Stabbing","floor":23,"turns":4},{"damage":18,"enemies":"Gremlin Leader","floor":25,"turns":2},{"damage":25,"enemies":"Book of Stabbing","floor":28,"turns":3},{"damage":6,"enemies":"Snake Plant","floor":31,"turns":3},{"damage":48,"enemies":"Champ","floor":33,"turns":3},{"damage":0,"enemies":"3 Darklings","floor":35,"turns":3},{"damage":12,"enemies":"HollowMod:StalkingDevout","floor":38,"turns":5},{"damage":21,"enemies":"Giant Head","floor":40,"turns":6},{"damage":1,"enemies":"3 Shapes","floor":44,"turns":2},{"damage":44,"enemies":"Nemesis","floor":46,"turns":3},{"damage":10,"enemies":"4 Shapes","floor":48,"turns":2},{"damage":33,"enemies":"Donu and Deca","floor":50,"turns":6},{"damage":8,"enemies":"Shield and Spear","floor":54,"turns":3},{"damage":112,"enemies":"The Heart","floor":55,"turns":7}],"seed_played":"5136351679813322026","potions_obtained":[{"floor":1,"key":"Dexterity Potion"},{"floor":3,"key":"ColorlessPotion"},{"floor":5,"key":"ColorlessPotion"},{"floor":12,"key":"LiquidBronze"},{"floor":13,"key":"AttackPotion"},{"floor":14,"key":"Block Potion"},{"floor":20,"key":"Energy Potion"},{"floor":23,"key":"Energy Potion"},{"floor":31,"key":"AttackPotion"},{"floor":33,"key":"LiquidMemories"},{"floor":40,"key":"SkillPotion"},{"floor":46,"key":"FairyPotion"},{"floor":48,"key":"EssenceOfSteel"},{"floor":54,"key":"Energy Potion"}],"is_trial":true,"path_per_floor":["M","?","?","M","M","E","?","E","T","R","M","E","M","E","R","B",null,"M","?","M","M","M","E","R","E","T","R","E","T","R","M","R","B",null,"M","?","$","E","$","E","$","R","T","M","T","E","R","M","R","B",null,"R","$","E","B",null],"character_chosen":"REMILIA","items_purchased":["Apotheosis","Pantograph","Blind","animator:YunYun","Finesse","Prostrate","AdministrixMod:Convergence"],"campfire_rested":0,"item_purchase_floors":[37,37,39,39,41,41,53],"current_hp_per_floor":[75,81,81,81,80,69,68,64,64,64,64,61,61,62,62,60,81,81,81,78,78,74,84,84,68,75,75,53,53,53,51,51,29,102,102,102,102,92,92,86,86,86,86,89,89,62,83,82,102,78,102,102,102,97,14],"gold":88,"neow_bonus":"","is_daily":false,"chose_seed":false,"campfire_upgraded":9,"win_rate":0.0,"timestamp":1609891162,"path_taken":["M","?","?","M","M","E","?","E","T","R","?","E","M","E","R","BOSS","M","?","M","M","?","E","R","?","T","R","E","?","R","M","R","BOSS","M","?","$","?","$","E","$","R","T","M","?","E","R","M","R","BOSS","R","$","E","BOSS"],"items_purchased_type":["Card","Relic","Card","Card","Card","Card","Card"],"build_version":"2020-12-22","purchased_purges":0,"victory":true,"max_hp_per_floor":[75,81,81,81,81,81,81,81,81,81,81,81,81,81,81,81,81,81,81,81,81,81,95,95,95,102,102,102,102,102,102,102,102,102,102,102,102,102,102,102,102,102,102,102,102,102,102,102,102,102,102,102,102,102,102],"card_choices":[{"not_picked":["Slice","animator:SilverFang"],"picked":"Beam Cell","floor":1},{"not_picked":["Wild Strike","Perfected Strike"],"picked":"Storm","floor":4},{"not_picked":["animator:Hakurou","TheCursedMod:CursedBoomerang"],"picked":"animator:Scar","floor":5},{"not_picked":["Secret Technique","HollowMod:PureVessel"],"picked":"RobotSpaceExplorer:Blaster","floor":6},{"not_picked":["Koishi:TremblingHands","HollowMod:NewLittleFool"],"picked":"Deflect","floor":7},{"not_picked":["hermit:Purgatory","blazmod:DawnflutterDance"],"picked":"HollowMod:Weaversong","floor":8},{"not_picked":["BadLadyScramble","Barrage"],"picked":"Iron Wave","floor":11},{"not_picked":["Fission","Brutality"],"picked":"KillingBlow","floor":12},{"not_picked":["HollowMod:GoodIntentions","RobotSpaceExplorer:ShockKick"],"picked":"Koishi:DreadfulBlow","floor":13},{"not_picked":["Meteor Strike","hermit:Gambit"],"picked":"animator:PinaCoLada","floor":14},{"not_picked":["AdministrixMod:Metempsychosis","Warcry+1"],"picked":"Koishi:JumpScare","floor":18},{"not_picked":["Luminous:Magic_Boost_Luminous","animator:Vesta+1"],"picked":"Evaluate+1","floor":20},{"not_picked":["Koishi:SpiritedAway","TheCursedMod:CursedAmulet","RedMagic"],"picked":"SKIP","floor":21},{"not_picked":["AdministrixMod:SealAway","FavorOfDestiny"],"picked":"RobotSpaceExplorer:StunGrenade","floor":22},{"not_picked":["AdministrixMod:HopeInTheDark","TheCursedMod:ParallelWorld","Blasphemy"],"picked":"SKIP","floor":23},{"not_picked":["Reboot","animator:Boros","Koishi:MentalBreakdown"],"picked":"SKIP","floor":25},{"not_picked":["Koishi:MentalBreakdown","Luminous:Equalize_Luminous","HollowMod:HornetsHelp"],"picked":"SKIP","floor":28},{"not_picked":["Koishi:SubterraneanRose","Discovery+1"],"picked":"hermit:Headshot","floor":31},{"not_picked":["SpiritShield","HollowMod:HerrahsAnger"],"picked":"Electrodynamics","floor":33},{"not_picked":["RobotSpaceExplorer:LaserBurst","RedNightlessCastle+1"],"picked":"blazmod:MentalFocus+1","floor":35},{"not_picked":["blazmod:EightLifePilgrimage","Panache"],"picked":"RobotSpaceExplorer:Blaster","floor":38},{"not_picked":["AdministrixMod:ImmortalClarity","animator:Shizu","Koishi:FormlessExistence"],"picked":"SKIP","floor":40},{"not_picked":["Distraction","RobotSpaceExplorer:StarDust"],"picked":"Bandage Up+1","floor":44},{"not_picked":["Exhume","RobotSpaceExplorer:Autoloader"],"picked":"Koishi:RuptureMind","floor":46},{"not_picked":["Blind+1","Luminous:Accumulation_Luminous+1"],"picked":"Beam Cell+1","floor":48},{"not_picked":["AdministrixMod:HopeInTheDark","TheCursedMod:AntiAging","Brutality"],"picked":"SKIP","floor":54}],"player_experience":1107952,"relics_obtained":[{"floor":6,"key":"Kunai"},{"floor":7,"key":"Bronze Scales"},{"floor":8,"key":"Toy Ornithopter"},{"floor":12,"key":"AntiCross"},{"floor":14,"key":"HollowMod:LifeEnderRelic"},{"floor":19,"key":"Sundial"},{"floor":23,"key":"Mango"},{"floor":25,"key":"Incense Burner"},{"floor":26,"key":"Strawberry"},{"floor":28,"key":"Lizard Tail"},{"floor":29,"key":"Ornamental Fan"},{"floor":38,"key":"FairyMaid"},{"floor":40,"key":"MawBank"},{"floor":43,"key":"Eternal Feather"},{"floor":45,"key":"Bag of Preparation"},{"floor":46,"key":"HollowMod:StagPassRelic"},{"floor":54,"key":"Vajra"}],"event_choices":[{"damage_healed":0,"gold_gain":0,"player_choice":"RENOUNCE","damage_taken":110,"max_hp_gain":0,"max_hp_loss":0,"event_name":"betterThird:BetterSerpent","floor":2,"gold_loss":110,"cards_obtained":["Enlightenment"]},{"damage_healed":0,"gold_gain":0,"player_choice":"Searched \u00272\u0027 times","damage_taken":0,"max_hp_gain":0,"max_hp_loss":0,"event_name":"Dead Adventurer","floor":7,"gold_loss":0},{"damage_healed":0,"gold_gain":0,"player_choice":"Relic","damage_taken":0,"max_hp_gain":0,"max_hp_loss":0,"event_name":"Wheel of Change","floor":19,"gold_loss":0},{"damage_healed":0,"gold_gain":0,"player_choice":"Ignored","damage_taken":0,"max_hp_gain":0,"max_hp_loss":0,"event_name":"Transmorgrifier","floor":36,"gold_loss":0}],"is_beta":false,"boss_relics":[{"not_picked":["Ectoplasm","Philosopher\u0027s Stone"],"picked":"Cursed Key"},{"not_picked":["Calling Bell","Snecko Eye"],"picked":"Empty Cage"}],"items_purged_floors":[],"is_endless":false,"potions_floor_spawned":[1,3,5,12,13,14,20,23,25,31,33,40,46,48,54],"ascension_level":0}}