{"host":"h4lp0eeso8a0ssq0","time":1609815399,"event":{"mods":["2.2 Compatiblity","AchievementEnabler","BaseMod","CapriCore","Colored Map","Minty Spire (QoL Compilation)","StSLib","SuperFastMode"],"gold_per_floor":[119,119,134,146,163,163,195,195,218,241,253,265,291,321,333,449,461,491,534,390,400,400,400,427,427,427],"floor_reached":25,"playtime":779,"items_purged":["Strike_B"],"score":223,"play_id":"bdd46a8b-0259-48b9-b1a7-76cb917cc424","local_time":"20210105115639","is_ascension_mode":false,"campfire_choices":[{"data":"Redo","floor":6.0,"key":"SMITH"},{"data":"Dualcast","floor":8.0,"key":"SMITH"},{"data":"Zap","floor":11.0,"key":"SMITH"},{"data":"Blizzard","floor":15.0,"key":"SMITH"},{"data":"Fission","floor":23,"key":"SMITH"}],"circlet_count":0,"master_deck":["Strike_B","Strike_B+1","Strike_B+1","Defend_B","Defend_B","Defend_B","Defend_B","Zap+1","Dualcast+1","Coolheaded","Cold Snap","Glacier","Redo+1","Blizzard+1","Lockon","Cold Snap","Fission+1","Cold Snap","Coolheaded","Self Repair","Capacitor+1"],"relics":["Cracked Core","Happy Flower","Whetstone","MawBank","Sozu","Red Mask","Blood Vial"],"acts_visited":["Exordium","TheCity"],"potions_floor_usage":[19],"damage_taken":[{"damage":6.0,"enemies":"Jaw Worm","floor":1.0,"turns":3.0},{"damage":0.0,"enemies":"2 Louse","floor":3.0,"turns":2.0},{"damage":0.0,"enemies":"Cultist","floor":4.0,"turns":2.0},{"damage":0.0,"enemies":"Exordium Wildlife","floor":5.0,"turns":6.0},{"damage":17.0,"enemies":"Gremlin Nob","floor":7.0,"turns":4.0},{"damage":2.0,"enemies":"2 Fungi Beasts","floor":10.0,"turns":3.0},{"damage":0.0,"enemies":"Large Slime","floor":13.0,"turns":4.0},{"damage":5.0,"enemies":"Lots of Slimes","floor":14.0,"turns":3.0},{"damage":12.0,"enemies":"Hexaghost","floor":16.0,"turns":11.0},{"damage":0.0,"enemies":"Chosen","floor":18.0,"turns":6.0},{"damage":4,"enemies":"Masked Bandits","floor":19,"turns":5},{"damage":0,"enemies":"Spheric Guardian","floor":21,"turns":5},{"damage":87,"enemies":"Gremlin Leader","floor":24,"turns":12},{"damage":25,"enemies":"3 Cultists","floor":25,"turns":4}],"seed_played":"-6575338848659611118","potions_obtained":[{"floor":4.0,"key":"Fire Potion"},{"floor":5.0,"key":"AttackPotion"},{"floor":12.0,"key":"FairyPotion"},{"floor":12.0,"key":"BlessingOfTheForge"},{"floor":16.0,"key":"Regen Potion"}],"is_trial":false,"path_per_floor":["M","?","M","M","M","R","E","R","T","M","R","?","M","M","R","B",null,"M","?","$","M","T","R","E","M"],"character_chosen":"DEFECT","items_purchased":["Self Repair"],"campfire_rested":0,"item_purchase_floors":[20],"current_hp_per_floor":[69,74,74,74,74,74,57,57,57,55,55,55,55,50,50,38,80,80,76,76,80,80,80,31,8,8],"gold":427,"neow_bonus":"RANDOM_COMMON_RELIC","is_daily":false,"chose_seed":false,"campfire_upgraded":5,"win_rate":0.0,"timestamp":1609815399,"path_taken":["M","?","M","M","M","R","E","R","T","M","R","?","M","M","R","BOSS","M","?","$","M","?","R","E","M"],"items_purchased_type":["Card"],"build_version":"2020-12-22","purchased_purges":1,"victory":false,"max_hp_per_floor":[75,80,80,80,80,80,80,80,80,80,80,80,80,80,80,80,80,80,80,80,80,80,80,80,80,80],"card_choices":[{"not_picked":["Redo","Barrage"],"picked":"Coolheaded","floor":1.0},{"not_picked":["Steam","Rebound"],"picked":"Cold Snap","floor":3.0},{"not_picked":["Cold Snap","Chaos"],"picked":"Glacier","floor":4.0},{"not_picked":["Gash","Reprogram"],"picked":"Redo","floor":5.0},{"not_picked":["Amplify","Rebound"],"picked":"Blizzard","floor":7.0},{"not_picked":["Heatsinks","Turbo"],"picked":"Lockon","floor":10.0},{"not_picked":["Ball Lightning","Steam"],"picked":"Cold Snap","floor":13.0},{"not_picked":["Ball Lightning","Compile Driver","Heatsinks"],"picked":"SKIP","floor":14.0},{"not_picked":["Thunder Strike","Reboot"],"picked":"Fission","floor":16.0},{"not_picked":["Rebound","Barrage"],"picked":"Cold Snap","floor":18.0},{"not_picked":["Streamline","Ball Lightning+1"],"picked":"Coolheaded","floor":19},{"not_picked":["Biased Cognition","Steam"],"picked":"Capacitor+1","floor":21},{"not_picked":["Coolheaded","Darkness","Hello World"],"picked":"SKIP","floor":24}],"player_experience":64505,"relics_obtained":[{"floor":7.0,"key":"Whetstone"},{"floor":9.0,"key":"MawBank"},{"floor":19,"key":"Red Mask"},{"floor":24,"key":"Blood Vial"}],"event_choices":[{"damage_healed":0.0,"max_hp_gain":5.0,"max_hp_loss":0.0,"gold_gain":0.0,"event_name":"Big Fish","player_choice":"Donut","floor":2.0,"gold_loss":0.0,"damage_taken":0.0},{"damage_healed":0.0,"max_hp_gain":0.0,"max_hp_loss":0.0,"gold_gain":0.0,"event_name":"Lab","player_choice":"Got Potions","floor":12.0,"gold_loss":0.0,"damage_taken":0.0},{"damage_healed":0,"gold_gain":0,"player_choice":"Fought Bandits","damage_taken":0,"max_hp_gain":0,"max_hp_loss":0,"event_name":"Masked Bandits","floor":19,"gold_loss":0}],"is_beta":false,"boss_relics":[{"not_picked":["Astrolabe","Coffee Dripper"],"picked":"Sozu"}],"items_purged_floors":[20],"is_endless":false,"potions_floor_spawned":[4,5,13,16,19,24],"killed_by":"3 Cultists","ascension_level":0}}