{"host":"wshh0nphwn6jv7vj","time":1609836326,"event":{"mods":["BaseMod","Bestiary","Minty Spire (QoL Compilation)"],"gold_per_floor":[118,118,129,129,149,180,200,214,241,241,241],"floor_reached":10,"playtime":711,"items_purged":[],"score":130,"play_id":"5fbc0fe4-2140-4310-8f64-64bded7871ca","local_time":"20210105034526","is_ascension_mode":true,"campfire_choices":[],"circlet_count":0,"master_deck":["AscendersBane","Strike_G","Strike_G","Strike_G","Strike_G","Strike_G","Defend_G","Defend_G","Defend_G","Defend_G","Defend_G","Survivor","Neutralize","Underhanded Strike","Crippling Poison","Night Terror","Caltrops","Noxious Fumes","Predator"],"relics":["Ring of the Snake","Ice Cream","NlothsMask","Peace Pipe"],"acts_visited":["Exordium"],"potions_floor_usage":[6,7,10],"damage_taken":[{"damage":6,"enemies":"Small Slimes","floor":1,"turns":6},{"damage":0,"enemies":"Jaw Worm","floor":3,"turns":4},{"damage":0,"enemies":"Cultist","floor":5,"turns":4},{"damage":20,"enemies":"3 Sentries","floor":6,"turns":12},{"damage":3,"enemies":"Looter","floor":7,"turns":4},{"damage":16,"enemies":"Large Slime","floor":8,"turns":8},{"damage":28,"enemies":"Gremlin Nob","floor":10,"turns":5}],"seed_played":"-4727304267339304350","potions_obtained":[{"floor":3,"key":"EssenceOfSteel"},{"floor":5,"key":"Poison Potion"},{"floor":6,"key":"GhostInAJar"}],"is_trial":false,"path_per_floor":["M","?","M","?","M","E","M","M","T","E"],"character_chosen":"THE_SILENT","items_purchased":[],"campfire_rested":0,"item_purchase_floors":[],"current_hp_per_floor":[53,58,58,58,58,38,35,19,19,0,0],"gold":241,"neow_bonus":"ONE_RARE_RELIC","is_daily":false,"chose_seed":false,"campfire_upgraded":0,"win_rate":0.0,"timestamp":1609836326,"path_taken":["M","?","M","?","?","E","M","M","T","E"],"items_purchased_type":[],"build_version":"2020-12-22","purchased_purges":0,"victory":false,"max_hp_per_floor":[60,65,65,65,65,65,65,65,65,65,65],"card_choices":[{"not_picked":["Prepared","Acrobatics"],"picked":"Underhanded Strike","floor":1},{"not_picked":["Prepared","Calculated Gamble"],"picked":"Crippling Poison","floor":3},{"not_picked":["Dagger Spray","Prepared"],"picked":"Night Terror","floor":5},{"not_picked":["Sucker Punch","Burst"],"picked":"Caltrops","floor":6},{"not_picked":["Blade Dance","Acrobatics"],"picked":"Noxious Fumes","floor":7},{"not_picked":["Endless Agony","All Out Attack"],"picked":"Predator","floor":8}],"player_experience":1546640,"relics_obtained":[{"floor":6,"key":"Peace Pipe"}],"event_choices":[{"damage_healed":0,"gold_gain":0,"player_choice":"Donut","damage_taken":0,"max_hp_gain":5,"max_hp_loss":0,"event_name":"Big Fish","floor":2,"gold_loss":0},{"damage_healed":0,"gold_gain":0,"player_choice":"Trade","damage_taken":0,"relics_obtained":["NlothsMask"],"max_hp_gain":0,"max_hp_loss":0,"event_name":"FaceTrader","floor":4,"gold_loss":0}],"is_beta":false,"boss_relics":[],"items_purged_floors":[],"is_endless":false,"potions_floor_spawned":[3,5,6],"killed_by":"Gremlin Nob","ascension_level":17}}