{"host":"lvo3mx5xoqblab8l","time":1609879747,"event":{"mods":["AchievementEnabler","Aspiration","Bard","BaseMod","Beaked The Cultist","Better Altar","Better Match","Better Note","Better Sensory Stone","Better Skull","Better Third Choice","BetterRewards","CCEM","Clawfect","Colored Map","Conspire","Downfall","GifTheSpireLib","Googly Eyes","Halation","Hermit","Highlight Path","Hubris","Hunter ??","Infinite Spire","Jedi Mod","Jorbs\u0027s Wanderer Trilogy","Mad Scientist","Marisa????????","Mimic Mod","Minty Spire (QoL Compilation)","Permanent Neow","Replay The Spire","Shade Mod","Shop Mod","Spicy Shops","StSLib","Stuff the Spire","The Administrix","The Blackbeard","The Bug Knight","The Construct","The Cursed","The Disciple","The Gatherer","The Hierophant","The IronCluck","The Jungle","The Mystic","The Necromancer","The Problem Sleuth","The Runesmith","The Servant 0.9.4","The Spell Scribe","The Witch","Unceasing Turn Reminder","[IsaacMod]????","everything is the same but u backflip on backflip","slay the spire mod where everything is the same but ironclad has a cowboy hat"],"gold_per_floor":[119,200,211,211,224,224,53,88,118,118,153,153,170,185,185,290,290,302,352,352,364,384,409,409,409,461,461,8,8,8,32,32,155,155,167,193,193,193,233,233,301,346,346,378,416,416,416,71,128,187,187,215,215],"floor_reached":52,"playtime":4254,"items_purged":["hubris:Wrath"],"score":664,"play_id":"481dc839-1aab-4b83-bb7f-eae727228ca3","local_time":"20210105174907","is_ascension_mode":false,"campfire_choices":[{"data":"Runesmith:PoweredAnvil","floor":10,"key":"SMITH"},{"data":"Runesmith:PoweredAnvil","floor":12,"key":"SMITH"},{"data":"Runesmith:CraftMagma","floor":15,"key":"SMITH"},{"floor":30,"key":"REST"},{"floor":32,"key":"REST"},{"floor":40,"key":"REST"},{"floor":51,"key":"REST"}],"circlet_count":0,"master_deck":["Runesmith:Strike_RS","Runesmith:Strike_RS","Runesmith:Strike_RS","Runesmith:Defend_RS","Runesmith:Defend_RS","Runesmith:Defend_RS","Runesmith:Defend_RS","Runesmith:CraftFirestone","Runesmith:Fortify","Replay:SS_fish_1","Runesmith:PoweredAnvil+1","Runesmith:ChiselStab","Runesmith:HeatExchange","Injury","Runesmith:CraftMagma+1","Runesmith:EarthShield","Runesmith:PoweredAnvil+1","Runesmith:PerfectChisel+1","Runesmith:HammerThrow+1","Runesmith:CraftSpiculum","Runesmith:UnlimitedPower","Runesmith:CraftProtectio","aspiration:UnbridledHammer+1","Runesmith:Firewall","Runesmith:Discharge+1","StuffTheSpire:BrainWave","Runesmith:NegativeSpace","Runesmith:CraftIndustria","NighInvulnerability","Parasite","Runesmith:ChiselStab+1","Runesmith:CraftMagma+1","Runesmith:GrandSlam+1","hubris:Greed","Runesmith:CraftPrismatica","Runesmith:FrozenChisel+1","Parasite","Runesmith:OneForEveryone+1","Runesmith:NanitesCloud"],"relics":["Runesmith:BrokenRuby","HushsDoor","Leech","ReplayTheSpireMod:Ring of Addiction","Potion Belt","Molten Egg 2","halation:SelfBoilingWater","CCEMRelics:Pendulum","halation:OrihimeAndHikoboshiSamaAndTears","SalivaCoin","Nloth\u0027s Gift","Pondfish Scales","Tiny Chest","PreservedInsect","jedi:firstaidkit","Garlic","StuffTheSpire:PointBlank","MerchantsRug","Counterbalance","Oddly Smooth Stone","Ginger"],"acts_visited":["Exordium","TheCity","TheBeyond"],"potions_floor_usage":[8,11,14,16,16,16,16,23,29,33,33,35,42,42,45,49,52,52],"damage_taken":[{"damage":0,"enemies":"Small Slimes","floor":1,"turns":3},{"damage":0,"enemies":"Cultist","floor":3,"turns":4},{"damage":0,"enemies":"conspire:RoseBush","floor":5,"turns":3},{"damage":9,"enemies":"Gremlin Nob","floor":8,"turns":4},{"damage":0,"enemies":"Blue Slaver","floor":9,"turns":4},{"damage":27,"enemies":"3 Sentries","floor":11,"turns":3},{"damage":0,"enemies":"Blue Slaver","floor":13,"turns":2},{"damage":0,"enemies":"Gremlin Gang","floor":14,"turns":3},{"damage":16,"enemies":"Hexaghost","floor":16,"turns":7},{"damage":21,"enemies":"2 Thieves","floor":18,"turns":4},{"damage":0,"enemies":"Spheric Guardian","floor":21,"turns":3},{"damage":0,"enemies":"Cultist and Chosen","floor":22,"turns":5},{"damage":36,"enemies":"Slavers","floor":23,"turns":5},{"damage":0,"enemies":"Snecko","floor":29,"turns":1},{"damage":4,"enemies":"Centurion and Healer","floor":31,"turns":4},{"damage":34,"enemies":"hubris:MusketHawk","floor":33,"turns":8},{"damage":0,"enemies":"Orb Walker","floor":35,"turns":3},{"damage":1,"enemies":"3 Shapes","floor":36,"turns":3},{"damage":31,"enemies":"Spire Growth","floor":39,"turns":4},{"damage":11,"enemies":"Nemesis","floor":41,"turns":4},{"damage":9,"enemies":"3 Darklings","floor":42,"turns":3},{"damage":18,"enemies":"Writhing Mass","floor":44,"turns":5},{"damage":20,"enemies":"Maw","floor":45,"turns":6},{"damage":14,"enemies":"3 Darklings","floor":49,"turns":6},{"damage":4,"enemies":"Spire Growth","floor":50,"turns":7},{"damage":71,"enemies":"conspire:OrnateMirror","floor":52,"turns":2}],"seed_played":"-7700358267535615672","potions_obtained":[{"floor":3,"key":"ColorlessPotion"},{"floor":4,"key":"Reflective Coating"},{"floor":4,"key":"conspire:TimeTravelPotion"},{"floor":4,"key":"jedi:wingpotion"},{"floor":8,"key":"Explosive Potion"},{"floor":11,"key":"SpeedPotion"},{"floor":14,"key":"EntropicBrew"},{"floor":16,"key":"CultistPotion"},{"floor":22,"key":"FearPotion"},{"floor":31,"key":"Regen Potion"},{"floor":33,"key":"PowerPotion"},{"floor":39,"key":"Explosive Potion"},{"floor":41,"key":"Explosive Potion"},{"floor":45,"key":"FearPotion"},{"floor":49,"key":"Cursed Concoction"}],"is_trial":false,"path_per_floor":["M","?","M","?","M","?","$","E","MIM","R","E","R","M","M","R","B",null,"M","?","?","M","M","E","?","?","T","?","$","M","R","M","R","B",null,"M","M","?","HB","M","R","E","M","T","M","M","PTL","PTL","$","M","MIM","R","B"],"character_chosen":"RUNESMITH_CLASS","items_purchased":["Runesmith:CraftMagma","Runesmith:EarthShield","Runesmith:PoweredAnvil","Pondfish Scales","Tiny Chest","MerchantsRug","Counterbalance","Oddly Smooth Stone"],"campfire_rested":4,"item_purchase_floors":[7,7,7,28,28,48,48,48],"current_hp_per_floor":[70,55,58,63,65,65,65,60,64,64,58,58,60,62,62,52,73,55,55,55,58,62,30,30,15,15,15,15,15,35,34,54,41,65,65,64,64,64,35,53,52,49,49,38,27,27,27,27,32,44,59,0,0],"gold":215,"neow_bonus":"RANDOM_COLORLESS","is_daily":false,"chose_seed":false,"campfire_upgraded":3,"win_rate":0.0,"timestamp":1609879747,"path_taken":["M","?","M","?","M","?","$","E","MIM","R","E","R","M","?","R","BOSS","M","?","?","M","?","E","?","?","T","?","?","M","R","M","R","BOSS","M","M","?","HB","M","R","E","M","T","M","M","PTL","PTL","$","?","?","R","BOSS"],"items_purchased_type":["Card","Card","Card","Relic","Relic","Relic","Relic","Relic"],"build_version":"2020-12-22","purchased_purges":1,"victory":false,"max_hp_per_floor":[70,70,70,75,75,75,75,73,73,73,73,73,73,73,73,73,73,73,73,71,71,71,69,69,69,69,67,67,67,67,67,67,65,65,65,65,65,65,63,63,63,61,61,61,61,61,61,61,59,59,59,59,59],"card_choices":[{"not_picked":["StuffTheSpire:PlasmaPunch","expansioncontent:ManipulateTime"],"picked":"Replay:SS_fish_1","floor":0},{"not_picked":["Runesmith:Firewall","Runesmith:Empowerment"],"picked":"Runesmith:PoweredAnvil","floor":1},{"not_picked":["Runesmith:StaticCage","Runesmith:ElementalConversion"],"picked":"Runesmith:ChiselStab","floor":3},{"not_picked":["Runesmith:MakeshiftArmor","Runesmith:EnergizedChisel"],"picked":"Runesmith:HeatExchange","floor":5},{"not_picked":["Runesmith:Accelerate","Runesmith:ChaoticBlast+1"],"picked":"Runesmith:PerfectChisel+1","floor":8},{"not_picked":["Runesmith:MetallurgicalResearch","Runesmith:UnstableHammer+1"],"picked":"Runesmith:HammerThrow+1","floor":11},{"not_picked":["Runesmith:HammerTime+1","Runesmith:Permafrost"],"picked":"Runesmith:CraftSpiculum","floor":13},{"not_picked":["Runesmith:Permafrost","Bomb","Runesmith:StaticCage"],"picked":"SKIP","floor":14},{"not_picked":["Runesmith:FissionHammer+1","Runesmith:MetallurgicalResearch"],"picked":"Runesmith:UnlimitedPower","floor":16},{"not_picked":["Runesmith:HammerThrow+1","Runesmith:ShiftingStrike+1"],"picked":"Runesmith:CraftProtectio","floor":18},{"not_picked":["Runesmith:ChargedHammer+1","Runesmith:StaticCage"],"picked":"aspiration:UnbridledHammer+1","floor":21},{"not_picked":["Runesmith:Reinforce","Runesmith:MakeshiftArmor+1"],"picked":"Runesmith:Firewall","floor":22},{"not_picked":["Runesmith:HeatedChisel+1","Runesmith:EarthShield+1"],"picked":"Runesmith:Discharge+1","floor":23},{"not_picked":["Runesmith:MakeshiftArmor","Runesmith:Electrocute+1"],"picked":"Runesmith:NegativeSpace","floor":31},{"not_picked":["Runesmith:ReplicatingBarrier","Runesmith:Duplicate"],"picked":"Runesmith:CraftIndustria","floor":33},{"not_picked":["ReplayTheSpireMod:IOU","theSleuth:OglogMRubbit"],"picked":"hubris:Wrath","floor":34},{"not_picked":["Parasite","EternalThirst"],"picked":"NighInvulnerability","floor":34},{"not_picked":["Slimebound:Icky","conspire:Blindness"],"picked":"Parasite","floor":34},{"not_picked":["Runesmith:EnergizedChisel+1","Runesmith:ElementalConversion"],"picked":"Runesmith:ChiselStab+1","floor":35},{"not_picked":["Runesmith:ChiselStab+1","Runesmith:Reinforce"],"picked":"Runesmith:CraftMagma+1","floor":36},{"not_picked":["Runesmith:CraftProtectio+1","Runesmith:StaticCage+1"],"picked":"Runesmith:GrandSlam+1","floor":39},{"not_picked":["aspiration:UnbridledHammer+1","Runesmith:NanitesCloud"],"picked":"Runesmith:CraftPrismatica","floor":41},{"not_picked":["Runesmith:Repurpose","Runesmith:Electrocute+1"],"picked":"Runesmith:FrozenChisel+1","floor":42},{"not_picked":["Runesmith:Accelerate","Runesmith:StaticCage","Runesmith:Overpower+1"],"picked":"SKIP","floor":44},{"not_picked":["Runesmith:EarthShield","Runesmith:CraftMagma+1"],"picked":"Runesmith:OneForEveryone+1","floor":45},{"not_picked":["Runesmith:ShiftingStrike+1","Runesmith:EnergizedChisel+1","Runesmith:FrozenChisel+1"],"picked":"SKIP","floor":49},{"not_picked":["Runesmith:FrozenChisel+1","Runesmith:Accelerate"],"picked":"Runesmith:NanitesCloud","floor":50}],"player_experience":139056,"relics_obtained":[{"floor":4,"key":"ReplayTheSpireMod:Ring of Addiction"},{"floor":4,"key":"Potion Belt"},{"floor":4,"key":"Circlet"},{"floor":8,"key":"halation:SelfBoilingWater"},{"floor":11,"key":"CCEMRelics:Pendulum"},{"floor":23,"key":"halation:OrihimeAndHikoboshiSamaAndTears"},{"floor":26,"key":"SalivaCoin"},{"floor":41,"key":"Garlic"},{"floor":43,"key":"StuffTheSpire:PointBlank"},{"floor":50,"key":"Ginger"}],"event_choices":[{"damage_healed":0,"gold_gain":100,"player_choice":"Bet on Murderer","damage_taken":0,"max_hp_gain":0,"max_hp_loss":0,"event_name":"The Joust","floor":19,"gold_loss":50},{"cards_removed":["Runesmith:Strike_RS"],"damage_healed":0,"gold_gain":0,"player_choice":"Purged","damage_taken":0,"max_hp_gain":0,"max_hp_loss":0,"event_name":"Purifier","floor":20,"gold_loss":0},{"damage_healed":0,"gold_gain":0,"player_choice":"Ignored","damage_taken":0,"max_hp_gain":0,"max_hp_loss":0,"event_name":"Transmorgrifier","floor":24,"gold_loss":0},{"damage_healed":0,"gold_gain":0,"player_choice":"Traded Relic","damage_taken":0,"relics_obtained":["Nloth\u0027s Gift"],"max_hp_gain":0,"max_hp_loss":0,"event_name":"N\u0027loth","floor":27,"relics_lost":["Circlet"],"gold_loss":0}],"is_beta":false,"boss_relics":[{"not_picked":["aspiration:PoetsPen_weak","CCEMRelics:GreenEgg"],"picked":"Replay:Ancient Bell"},{"not_picked":[]},{"not_picked":["halation:LettersToHer","aspiration:HiddenCompartment"],"picked":"PreservedInsect"},{"not_picked":["infinitespire:WardingShard","Replay:Bottled Snecko"],"picked":"hubris:CrystalStatue"},{"not_picked":["halation:BlackBeret","infinitespire:Magic Flask"],"picked":"jedi:firstaidkit"}],"items_purged_floors":[48],"is_endless":false,"potions_floor_spawned":[3,8,11,14,16,22,29,31,33,39,41,45,49],"killed_by":"conspire:OrnateMirror","ascension_level":0}}