{"host":"17xjy7b7ubl548g2","time":1609812594,"event":{"mods":["2.2 Compatiblity","Act Like it!","Aspiration","Astrologer","Bard","BaseMod","Bestiary","Challenge The Spire","ChefMod","Colored Map","Conspire","Elementarium","Energized Spire","Gensokyo","GifTheSpireLib","Halation","Hallownest","Hubris","Infinite Spire","Jedi Mod","Jorbs\u0027s Wanderer Trilogy","Marisa（霧雨　魔理沙）","Marked Mod","Menagerie","Minty Spire (QoL Compilation)","Pale of the Ancients","Permanent Neow","Puzzle Mod","Replay The Spire","Robot Space Explorer","Spicy Shops","StSLib","Stuff the Spire","The Blue Laboratory","The Bug Knight","The Construct","The Disciple","The Factory","The Hayseed","The Hierophant","The Marked","The Runesmith","The Sage","TheFirefly"],"gold_per_floor":[111,111,141,141,153,153,169,169,169,188,188,223,235,261,261,360,360,375,387,403,6,16,48,104,104,128,157,157,176,176,191,191,295,295,306,316,316,32,47,47,66,66,118,153,153,153,173,206,206,206,206,206,8,8,8],"floor_reached":54,"playtime":7297,"items_purged":["thefirefly:Strike","thefirefly:Strike"],"score":1025,"play_id":"4af3bec3-6327-4fd8-8053-d62f2fdd7855","local_time":"20210104210954","is_ascension_mode":true,"campfire_choices":[{"data":"thefirefly:ShieldGenerator","floor":6.0,"key":"SMITH"},{"data":"thefirefly:EnergyShield","floor":8.0,"key":"SMITH"},{"data":"thefirefly:EMP","floor":11.0,"key":"SMITH"},{"data":"thefirefly:TachyonBeam","floor":15.0,"key":"SMITH"},{"data":"thefirefly:BreachMissile","floor":25.0,"key":"SMITH"},{"data":"Replay:Bootleg Shield Generator","floor":28.0,"key":"SMITH"},{"data":"thefirefly:SearingEnigma","floor":30.0,"key":"SMITH"},{"data":"thefirefly:ArtillleryBeam","floor":32.0,"key":"SMITH"},{"data":"thefirefly:MindControl","floor":40.0,"key":"SMITH"},{"data":"thefirefly:MirrorShield","floor":42.0,"key":"SMITH"},{"floor":46.0,"key":"RECALL"},{"data":"thefirefly:LustForEternity","floor":49.0,"key":"SMITH"},{"data":"thefirefly:Quine","floor":52.0,"key":"SMITH"}],"circlet_count":0,"master_deck":["thefirefly:Strike","thefirefly:Defend","thefirefly:Defend","thefirefly:Defend","thefirefly:StealthMode+1","thefirefly:PhotonBlast","thefirefly:ShieldGenerator+1","thefirefly:FlareScreen","thefirefly:FlakCannon","thefirefly:EnergyShield+1","thefirefly:EMP+1","thefirefly:TachyonBeam+1","thefirefly:AuroralDischarge","thefirefly:Quine+1","thefirefly:BreachMissile+1","thefirefly:MirrorShield+1","thefirefly:ReverseEngine","Replay:Bootleg Shield Generator+1","thefirefly:AlphaStrike","thefirefly:ChargedLaser+1","thefirefly:EvasiveManeuver+1","thefirefly:Boost","thefirefly:EnergyShield+1","thefirefly:SearingEnigma+1","thefirefly:ArtillleryBeam+1","thefirefly:MindControl+1","thefirefly:Reposition","thefirefly:LaserBarrage+1","thefirefly:CoveringFire+1","thefirefly:LaserMail+1","thefirefly:Preload+1","thefirefly:LustForEternity+1","thefirefly:ShieldGenerator+1","thefirefly:LifeSupport+1"],"relics":["thefirefly:StealthSystem","Akabeko","Hallownest:DreamNailRelic","jedi:archwizardhat","hubris:64BitClover","hubris:SlimyHat","Velvet Choker","HandDrill","halation:AfternoonTea","jedi:shrinkray","Runesmith:AutoHammer","Happy Flower","Sundial","Bag of Marbles","StuffTheSpire:GrapeVine","Pantograph","thefirefly:PlasmaFairy"],"acts_visited":["Exordium","Hallownest:Greenpath","Hallownest:CityofTears","TheEnding"],"potions_floor_usage":[54],"damage_taken":[{"damage":0.0,"enemies":"Hallownest:monsterHuskGuard","floor":1.0,"turns":7.0},{"damage":3.0,"enemies":"Hallownest:monsterMarmu","floor":2.0,"turns":17.0},{"damage":16.0,"enemies":"Hallownest:eliteCrystalGuardian","floor":3.0,"turns":10.0},{"damage":0.0,"enemies":"Hallownest:monsterHuskWarrior","floor":5.0,"turns":4.0},{"damage":0.0,"enemies":"2_ Uuma","floor":7.0,"turns":5.0},{"damage":2.0,"enemies":"Hallownest:2_Tiktiks_1_Baldur_1_Crawlid","floor":10.0,"turns":4.0},{"damage":0.0,"enemies":"Hallownest:eliteMossKnight","floor":12.0,"turns":7.0},{"damage":2.0,"enemies":"Hallownest:Guard_and_Warrior","floor":13.0,"turns":5.0},{"damage":5.0,"enemies":"Hallownest:eliteVengeflyKing","floor":14.0,"turns":5.0},{"damage":15.0,"enemies":"Hallownest:BossBrokenVessel","floor":16.0,"turns":16.0},{"damage":0.0,"enemies":"Hallownest:2_Mistakes","floor":18.0,"turns":2.0},{"damage":2.0,"enemies":"Hallownest:Guard_and_Sentry","floor":19.0,"turns":2.0},{"damage":0.0,"enemies":"Hallownest:2_Flukemon","floor":20.0,"turns":7.0},{"damage":0.0,"enemies":"Hallownest:2_Husk_Sentries","floor":22.0,"turns":3.0},{"damage":0.0,"enemies":"Hallownest:eliteSoulWarrior","floor":23.0,"turns":5.0},{"damage":0.0,"enemies":"Hallownest:Glutton_and_Coward","floor":24.0,"turns":4.0},{"damage":9.0,"enemies":"Nightmare","floor":27.0,"turns":8.0},{"damage":0.0,"enemies":"Hallownest:Warrior_and_Youth","floor":29.0,"turns":5.0},{"damage":0.0,"enemies":"Hallownest:3_Mistakes","floor":31.0,"turns":5.0},{"damage":0.0,"enemies":"Hallownest:BossSoulMaster","floor":33.0,"turns":12.0},{"damage":0.0,"enemies":"Hallownest:Shield_Heavy","floor":35.0,"turns":2.0},{"damage":17.0,"enemies":"Hallownest:3_Siblings","floor":36.0,"turns":9.0},{"damage":0.0,"enemies":"Hallownest:2_Wing_and_1_Kings","floor":39.0,"turns":7.0},{"damage":3.0,"enemies":"Hallownest:2_Great","floor":41.0,"turns":5.0},{"damage":17.0,"enemies":"conspire:MimicChest","floor":44.0,"turns":5.0},{"damage":0.0,"enemies":"Hallownest:Shield_Sturdy","floor":47.0,"turns":5.0},{"damage":0.0,"enemies":"Hallownest:eliteCollector","floor":48.0,"turns":11.0},{"damage":0.0,"enemies":"Hallownest:Radiance","floor":50.0,"turns":14.0},{"damage":66,"enemies":"Shield and Spear","floor":54,"turns":5}],"seed_played":"-5738556133969600071","potions_obtained":[{"floor":1.0,"key":"LiquidMemories"},{"floor":5.0,"key":"SkillPotion"},{"floor":7.0,"key":"EssenceOfSteel"},{"floor":13.0,"key":"ColorlessPotion"},{"floor":16.0,"key":"LiquidMemories"},{"floor":18.0,"key":"blueLaboratory:BottledHope"},{"floor":24.0,"key":"Swift Potion"},{"floor":27.0,"key":"ColorlessPotion"},{"floor":31.0,"key":"Dexterity Potion"},{"floor":39.0,"key":"LiquidBronze"},{"floor":47.0,"key":"Cursed Concoction"}],"is_trial":false,"path_per_floor":["M","?","?","?","M","R","M","R","T","M","R","E","M","E","R","B",null,"M","M","M","$","M","E","M","R","T","NM","R","M","R","M","R","B",null,"M","M","?","$","M","R","M","R","T","?","?","R","M","E","R","B",null,"R","$","E"],"character_chosen":"THE_FIREFLY","items_purchased":["HandDrill","Replay:Bootleg Shield Generator","thefirefly:AlphaStrike","thefirefly:CoveringFire+1","Happy Flower","thefirefly:PlasmaFairy","blueLaboratory:FruitPunch"],"campfire_rested":0,"item_purchase_floors":[21,21,21,38,38,53,53],"current_hp_per_floor":[55,52,36,36,36,36,36,36,36,34,34,34,32,27,27,12,55,55,53,53,53,53,53,53,53,53,44,44,44,44,44,44,44,55,55,38,44,44,44,44,41,41,41,24,24,24,24,24,24,49,55,55,55,0,0],"gold":8,"neow_bonus":"UPGRADE_CARD","is_daily":false,"chose_seed":false,"campfire_upgraded":12,"win_rate":0.0,"timestamp":1609812594,"path_taken":["M","?","?","?","M","R","M","R","T","?","R","E","M","E","R","BOSS","M","?","M","$","M","E","M","R","T","NM","R","M","R","M","R","BOSS","M","M","?","$","M","R","M","R","T","?","?","R","?","E","R","BOSS","R","$","E"],"items_purchased_type":["Relic","Card","Card","Card","Relic","Relic","Potion"],"build_version":"2020-12-22","purchased_purges":2,"victory":false,"max_hp_per_floor":[55,55,55,55,55,55,55,55,55,55,55,55,55,55,55,55,55,55,55,55,55,55,55,55,55,55,55,55,55,55,55,55,55,55,55,55,55,55,55,55,55,55,55,55,55,55,55,55,55,55,55,55,55,57,57],"card_choices":[{"not_picked":["thefirefly:Distort","thefirefly:AuroralDischarge"],"picked":"thefirefly:ShieldGenerator","floor":1.0},{"not_picked":["thefirefly:Teleport","thefirefly:EMP"],"picked":"thefirefly:FlareScreen","floor":3.0},{"not_picked":["thefirefly:Boost","thefirefly:QuantumTunneling"],"picked":"thefirefly:FlakCannon","floor":5.0},{"not_picked":["thefirefly:Boost","thefirefly:PotentAmmunition"],"picked":"thefirefly:EnergyShield","floor":7.0},{"not_picked":["thefirefly:ArtillleryBeam","thefirefly:HyperFocus"],"picked":"thefirefly:EMP","floor":10.0},{"not_picked":["thefirefly:Distort","thefirefly:EvasiveManeuver"],"picked":"thefirefly:TachyonBeam","floor":12.0},{"not_picked":["thefirefly:DataMiner","thefirefly:EvasiveManeuver"],"picked":"thefirefly:AuroralDischarge","floor":13.0},{"not_picked":["thefirefly:Boost","thefirefly:AutoTargeting"],"picked":"thefirefly:Quine","floor":14.0},{"not_picked":["thefirefly:ParadoxEngine","thefirefly:EphemeronForm"],"picked":"thefirefly:BreachMissile","floor":16.0},{"not_picked":["thefirefly:CoveringFire+1","thefirefly:Bombardment"],"picked":"thefirefly:MirrorShield","floor":18.0},{"not_picked":["thefirefly:EMP","thefirefly:Pacify","thefirefly:StoredPower"],"picked":"SKIP","floor":19.0},{"not_picked":["thefirefly:Lamentation","thefirefly:RollBack+1"],"picked":"thefirefly:ReverseEngine","floor":20.0},{"not_picked":["thefirefly:EMP","thefirefly:QuantumTunneling"],"picked":"thefirefly:ChargedLaser+1","floor":22.0},{"not_picked":["thefirefly:Prominence","thefirefly:DataMiner+1"],"picked":"thefirefly:EvasiveManeuver+1","floor":23.0},{"not_picked":["thefirefly:Teleport","thefirefly:ShieldArray"],"picked":"thefirefly:Boost","floor":24.0},{"not_picked":["thefirefly:BoltzmannBrain","thefirefly:InterceptingShot"],"picked":"thefirefly:EnergyShield+1","floor":27.0},{"not_picked":["thefirefly:ShieldArray","thefirefly:Distort+1"],"picked":"thefirefly:SearingEnigma","floor":29.0},{"not_picked":["thefirefly:PotentAmmunition","thefirefly:SteadyAim"],"picked":"thefirefly:ArtillleryBeam","floor":31.0},{"not_picked":["thefirefly:TachyonBeam","thefirefly:Kugelblitz"],"picked":"thefirefly:MindControl","floor":33.0},{"not_picked":["thefirefly:ShieldArray","thefirefly:Pacify+1"],"picked":"thefirefly:Reposition","floor":35.0},{"not_picked":["thefirefly:Flight","thefirefly:AuroralDischarge"],"picked":"thefirefly:LaserBarrage+1","floor":36.0},{"not_picked":["thefirefly:FlakCannon+1","thefirefly:RecollectionSubroutine"],"picked":"thefirefly:LaserMail+1","floor":39.0},{"not_picked":["thefirefly:QuantumTunneling+1","thefirefly:Distort+1"],"picked":"thefirefly:Preload+1","floor":41.0},{"not_picked":["thefirefly:Pacify+1","thefirefly:QuantumTunneling"],"picked":"thefirefly:LustForEternity","floor":44.0},{"not_picked":["thefirefly:Distort+1","thefirefly:InterceptingShot"],"picked":"thefirefly:ShieldGenerator+1","floor":47.0},{"not_picked":["thefirefly:QuantumTunneling","thefirefly:Quine+1"],"picked":"thefirefly:LifeSupport+1","floor":48.0}],"player_experience":1662020,"relics_obtained":[{"floor":3.0,"key":"Akabeko"},{"floor":9.0,"key":"jedi:archwizardhat"},{"floor":12.0,"key":"hubris:64BitClover"},{"floor":14.0,"key":"hubris:SlimyHat"},{"floor":23.0,"key":"halation:AfternoonTea"},{"floor":24.0,"key":"jedi:shrinkray"},{"floor":27.0,"key":"Runesmith:AutoHammer"},{"floor":41.0,"key":"Sundial"},{"floor":43.0,"key":"Bag of Marbles"},{"floor":44.0,"key":"StuffTheSpire:GrapeVine"},{"floor":48.0,"key":"Pantograph"}],"event_choices":[],"is_beta":false,"boss_relics":[{"not_picked":["StuffTheSpire:Kangaroo","Coffee Dripper"],"picked":"Velvet Choker"},{"not_picked":["aspiration:FutureDiary","halation:ForbiddenBikini","jedi:battlestandard"]}],"items_purged_floors":[21,38],"is_endless":false,"potions_floor_spawned":[1,5,7,13,16,18,24,27,29,31,39,47],"killed_by":"Shield and Spear","ascension_level":3}}