{"host":"yvlk1m4foro8gl4v","time":1609814528,"event":{"mods":["AchievementEnabler","Act Like it!","BaseMod","Minty Spire (QoL Compilation)","Relic Stats","StSLib","The Servant 0.9.4","Uncapped"],"gold_per_floor":[111,111,72,85,97,97,97,109,109,109,125,143,169,189,189,291,291,305,322,322,93,106,106,106,106,106],"floor_reached":25,"playtime":1652,"items_purged":["Strike_B"],"score":308,"play_id":"2e14fe27-8818-47af-b90d-20a37fae3871","local_time":"20210105024208","is_ascension_mode":true,"campfire_choices":[{"data":"Glacier","floor":6,"key":"SMITH"},{"floor":10,"key":"REST"},{"data":"Barrage","floor":15,"key":"SMITH"},{"floor":23,"key":"REST"}],"circlet_count":0,"master_deck":["AscendersBane","Strike_B","Defend_B","Defend_B","Defend_B","Zap","Dualcast","Coolheaded","Tempest","Leap","Glacier+1","Barrage+1","Blizzard","Redo","CurseOfTheBell","Capacitor","Reboot","Machine Learning","Cold Snap","Turbo","Defragment"],"relics":["Empty Cage","Pantograph","Blue Candle","Pear","Calling Bell","Blood Vial","Symbiotic Virus","Ginger","Orrery"],"acts_visited":["Exordium","TheCity"],"potions_floor_usage":[8,12,16,19],"damage_taken":[{"damage":2,"enemies":"2 Louse","floor":1,"turns":2},{"damage":14,"enemies":"Small Slimes","floor":4,"turns":4},{"damage":4,"enemies":"Cultist","floor":5,"turns":5},{"damage":7,"enemies":"3 Louse","floor":8,"turns":4},{"damage":0,"enemies":"Exordium Wildlife","floor":11,"turns":4},{"damage":7,"enemies":"Large Slime","floor":12,"turns":6},{"damage":17,"enemies":"Lagavulin","floor":13,"turns":10},{"damage":8,"enemies":"Red Slaver","floor":14,"turns":5},{"damage":46,"enemies":"Slime Boss","floor":16,"turns":19},{"damage":11,"enemies":"Shell Parasite","floor":18,"turns":11},{"damage":10,"enemies":"Chosen","floor":19,"turns":5},{"damage":46,"enemies":"3 Cultists","floor":22,"turns":7},{"damage":36,"enemies":"Snake Plant","floor":25,"turns":2}],"seed_played":"-3682336405936455459","potions_obtained":[{"floor":4,"key":"AttackPotion"},{"floor":5,"key":"AttackPotion"},{"floor":11,"key":"SteroidPotion"},{"floor":16,"key":"SkillPotion"},{"floor":22,"key":"Block Potion"}],"is_trial":false,"path_per_floor":["M","?","$","M","M","R","?","M","T","R","M","M","E","M","R","B",null,"M","M","?","$","M","R","?","M"],"character_chosen":"DEFECT","items_purchased":["Tempest","Orrery"],"campfire_rested":2,"item_purchase_floors":[3,21],"current_hp_per_floor":[66,63,63,49,45,45,45,38,38,60,60,53,46,38,38,17,68,59,51,51,51,7,32,32,0,0],"gold":106,"neow_bonus":"BOSS_RELIC","is_daily":false,"chose_seed":false,"campfire_upgraded":2,"win_rate":0.0,"timestamp":1609814528,"path_taken":["M","?","$","M","M","R","?","M","T","R","?","M","E","M","R","BOSS","M","M","?","$","M","R","?","M"],"items_purchased_type":["Card","Relic"],"build_version":"2020-12-22","purchased_purges":1,"victory":false,"max_hp_per_floor":[75,75,75,75,75,75,75,75,75,75,75,75,85,85,85,85,85,85,85,85,85,85,85,85,85,85],"relic_stats":{"Blood Vial":8,"counters":[13,84],"Pantograph":25,"Blue Candle":[0],"Ginger":[3],"obtain_stats":[{"Calling Bell":17,"Blood Vial":17,"Pear":13,"Pantograph":2,"Blue Candle":9,"Orrery":21,"Ginger":17,"Cracked Core":0,"Empty Cage":0,"Symbiotic Virus":17},{"Calling Bell":9,"Blood Vial":9,"Pear":7,"Pantograph":1,"Blue Candle":4,"Orrery":11,"Ginger":9,"Cracked Core":0,"Empty Cage":0,"Symbiotic Virus":9},{"Calling Bell":59,"Blood Vial":59,"Pear":35,"Pantograph":2,"Blue Candle":15,"Orrery":75,"Ginger":59,"Cracked Core":0,"Empty Cage":0,"Symbiotic Virus":59}]},"card_choices":[{"not_picked":["Rebound","Hologram"],"picked":"Coolheaded","floor":1},{"not_picked":["Barrage","Hello World"],"picked":"Leap","floor":4},{"not_picked":["Gash","All For One"],"picked":"Glacier","floor":5},{"not_picked":["Steam","Beam Cell","Rebound"],"picked":"SKIP","floor":8},{"not_picked":["BootSequence","Hologram"],"picked":"Barrage","floor":11},{"not_picked":["Compile Driver","Beam Cell"],"picked":"Blizzard","floor":12},{"not_picked":["Leap","Compile Driver","Double Energy"],"picked":"SKIP","floor":13},{"not_picked":["Undo","Coolheaded"],"picked":"Redo","floor":14},{"not_picked":["Conserve Battery","Sweeping Beam","Stack+1"],"picked":"SKIP","floor":18},{"not_picked":["Stack","Coolheaded","Steam Power"],"picked":"SKIP","floor":19},{"not_picked":["Sweeping Beam","Beam Cell"],"picked":"Reboot","floor":21},{"not_picked":["Steam","Rebound"],"picked":"Machine Learning","floor":21},{"not_picked":["Go for the Eyes","Hello World"],"picked":"Cold Snap","floor":21},{"not_picked":["Compile Driver","Streamline+1"],"picked":"Turbo","floor":21},{"not_picked":["Rebound","Genetic Algorithm+1"],"picked":"Defragment","floor":22}],"player_experience":722653,"relics_obtained":[{"floor":9,"key":"Blue Candle"},{"floor":13,"key":"Pear"},{"floor":17,"key":"Blood Vial"},{"floor":17,"key":"Symbiotic Virus"},{"floor":17,"key":"Ginger"}],"event_choices":[{"damage_healed":0,"gold_gain":0,"player_choice":"Success","damage_taken":3,"relics_obtained":["Pantograph"],"max_hp_gain":0,"max_hp_loss":0,"event_name":"Scrap Ooze","floor":2,"gold_loss":0},{"cards_removed":["Defend_B"],"damage_healed":0,"gold_gain":0,"player_choice":"Purged","damage_taken":0,"max_hp_gain":0,"max_hp_loss":0,"event_name":"Purifier","floor":7,"gold_loss":0},{"damage_healed":0,"gold_gain":0,"player_choice":"Read","damage_taken":0,"max_hp_gain":0,"max_hp_loss":0,"event_name":"The Library","floor":20,"gold_loss":0,"cards_obtained":["Capacitor"]},{"damage_healed":0,"gold_gain":0,"player_choice":"Ignored","damage_taken":0,"max_hp_gain":0,"max_hp_loss":0,"event_name":"Ghosts","floor":24,"gold_loss":0}],"is_beta":false,"boss_relics":[{"not_picked":["Busted Crown","Philosopher\u0027s Stone"],"picked":"Calling Bell"}],"items_purged_floors":[21],"is_endless":false,"potions_floor_spawned":[4,5,11,16,22],"killed_by":"Snake Plant","ascension_level":10}}