{"host":"sav7uxregyirlf69","time":1609873809,"event":{"mods":["AchievementEnabler","BaseMod","Colored Map","DeckTracker","Keyboard Shortcuts","Minty Spire (QoL Compilation)","READ ME - Guardian Mod","StSLib","SuperFastMode"],"gold_per_floor":[116,127,15,35,35,35,110,110,110,120,120,151,170,193,193,287,287,301,216,216,234,248,283,14,14,14,27,59,59,59,91,91,165,165,175,50,50,50,75,105,121,121,121],"floor_reached":42,"playtime":811,"items_purged":["Strike_B","Force Field","Cold Snap"],"score":1043,"play_id":"b44e7fd0-5b69-4616-957d-2a3eb1ac2fbf","local_time":"20210106041009","is_ascension_mode":true,"campfire_choices":[{"data":"Zap","floor":6.0,"key":"SMITH"},{"data":"Dualcast","floor":8.0,"key":"SMITH"},{"data":"Beam Cell","floor":15.0,"key":"SMITH"},{"data":"Seek","floor":29,"key":"SMITH"},{"data":"Coolheaded","floor":32,"key":"SMITH"}],"circlet_count":0,"master_deck":["AscendersBane","Zap+1","Dualcast+1","Sunder+1","Core Surge","Beam Cell+1","Turbo","Go for the Eyes","Ball Lightning","Seek+1","Echo Form","Undo","Sunder","Cold Snap","Hyperbeam","Tempest","Genetic Algorithm","Conserve Battery","Electrodynamics","Chill","Coolheaded+1","Reboot","Chill+1","Madness","Madness","Master of Strategy","Panacea","Capacitor"],"relics":["Cracked Core","NeowsBlessing","Bloody Idol","Torii","Pandora\u0027s Box","Cables","Pear","ClockworkSouvenir","Mummified Hand","Orichalcum","PreservedInsect","Runic Dome","Unceasing Top","Matryoshka"],"acts_visited":["Exordium","TheCity","TheBeyond"],"potions_floor_usage":[21,23,23,27,40],"damage_taken":[{"damage":0.0,"enemies":"Cultist","floor":1.0,"turns":1.0},{"damage":0.0,"enemies":"Small Slimes","floor":2.0,"turns":1.0},{"damage":0.0,"enemies":"Jaw Worm","floor":4.0,"turns":1.0},{"damage":11.0,"enemies":"Blue Slaver","floor":10.0,"turns":2.0},{"damage":4.0,"enemies":"Gremlin Nob","floor":12.0,"turns":3.0},{"damage":0.0,"enemies":"Exordium Wildlife","floor":13.0,"turns":2.0},{"damage":2.0,"enemies":"Gremlin Gang","floor":14.0,"turns":3.0},{"damage":19.0,"enemies":"Slime Boss","floor":16.0,"turns":9.0},{"damage":15,"enemies":"Shell Parasite","floor":18,"turns":2},{"damage":0,"enemies":"Chosen","floor":21,"turns":2},{"damage":8,"enemies":"Snecko","floor":22,"turns":3},{"damage":1,"enemies":"Slavers","floor":23,"turns":4},{"damage":0,"enemies":"3 Cultists","floor":27,"turns":2},{"damage":0,"enemies":"Gremlin Leader","floor":28,"turns":3},{"damage":11,"enemies":"Slavers","floor":31,"turns":3},{"damage":25,"enemies":"Collector","floor":33,"turns":9},{"damage":1,"enemies":"Orb Walker","floor":35,"turns":3},{"damage":0,"enemies":"Mind Bloom Boss Battle","floor":39,"turns":3},{"damage":53,"enemies":"Reptomancer","floor":40,"turns":4},{"damage":9,"enemies":"3 Darklings","floor":41,"turns":4},{"damage":29,"enemies":"Nemesis","floor":42,"turns":2}],"seed_played":"5812081758679819905","potions_obtained":[{"floor":2.0,"key":"Block Potion"},{"floor":4.0,"key":"GamblersBrew"},{"floor":14.0,"key":"Explosive Potion"},{"floor":16.0,"key":"AttackPotion"},{"floor":21,"key":"AttackPotion"},{"floor":23,"key":"SneckoOil"},{"floor":27,"key":"CultistPotion"},{"floor":33,"key":"Regen Potion"},{"floor":41,"key":"SneckoOil"}],"is_trial":false,"path_per_floor":["M","M","$","M","?","R","?","R","T","M","?","E","M","M","R","B",null,"M","?","?","M","M","E","$","?","T","M","E","R","$","E","R","B",null,"M","$","?","?","?","E","M","E"],"character_chosen":"DEFECT","items_purchased":["Sunder","ClockworkSouvenir"],"campfire_rested":0,"item_purchase_floors":[3,24],"current_hp_per_floor":[64,64,64,64,64,64,53,53,53,42,42,38,38,36,36,17,52,37,37,37,37,29,38,38,38,38,43,48,48,48,42,42,22,61,65,65,52,42,47,11,7,0,0],"gold":121,"neow_bonus":"THREE_ENEMY_KILL","is_daily":false,"chose_seed":false,"campfire_upgraded":5,"win_rate":0.0,"timestamp":1609873809,"path_taken":["M","?","$","M","?","R","?","R","T","M","?","E","?","M","R","BOSS","M","?","?","M","?","E","?","?","T","M","E","R","?","E","R","BOSS","M","$","?","?","?","E","?","E"],"items_purchased_type":["Card","Relic"],"build_version":"2020-12-22","purchased_purges":3,"victory":false,"max_hp_per_floor":[71,71,71,71,71,71,71,71,71,71,64,64,64,64,64,64,64,64,64,64,64,64,74,74,74,74,74,74,74,74,74,74,74,74,74,74,74,74,74,74,74,74,74],"card_choices":[{"not_picked":["Capacitor","Conserve Battery"],"picked":"Cold Snap","floor":1.0},{"not_picked":["Conserve Battery","Turbo"],"picked":"Cold Snap","floor":2.0},{"not_picked":["Gash","Conserve Battery"],"picked":"Core Surge","floor":4.0},{"not_picked":["Aggregate","FTL"],"picked":"Beam Cell","floor":10.0},{"not_picked":["Creative AI","Conserve Battery"],"picked":"Turbo","floor":12.0},{"not_picked":["Rebound","Streamline"],"picked":"Go for the Eyes","floor":13.0},{"not_picked":["Lockon","Streamline"],"picked":"Ball Lightning","floor":14.0},{"not_picked":["Rainbow","Fission"],"picked":"Seek","floor":16.0},{"not_picked":["Rebound+1","Ball Lightning","Beam Cell"],"picked":"SKIP","floor":18},{"not_picked":["Sweeping Beam","Beam Cell+1"],"picked":"Conserve Battery","floor":21},{"not_picked":["Compile Driver","Barrage","Loop"],"picked":"SKIP","floor":22},{"not_picked":["Steam Power","Sweeping Beam","Lockon"],"picked":"SKIP","floor":23},{"not_picked":["Cold Snap+1","Ball Lightning"],"picked":"Electrodynamics","floor":27},{"not_picked":["Barrage","Steam"],"picked":"Chill","floor":28},{"not_picked":["Doom and Gloom","Sunder+1"],"picked":"Coolheaded","floor":31},{"not_picked":["All For One","Thunder Strike"],"picked":"Reboot","floor":33},{"not_picked":["Conserve Battery","Reprogram"],"picked":"Chill+1","floor":35},{"not_picked":["Sadistic Nature","Chrysalis"],"picked":"Master of Strategy","floor":38},{"not_picked":["PanicButton","Discovery"],"picked":"Panacea","floor":38},{"not_picked":["Loop","Fusion"],"picked":"Capacitor","floor":40},{"not_picked":["Stack+1","Compile Driver","Redo"],"picked":"SKIP","floor":41}],"player_experience":1153386,"relics_obtained":[{"floor":12.0,"key":"Torii"},{"floor":23,"key":"Pear"},{"floor":26,"key":"Mummified Hand"},{"floor":28,"key":"Orichalcum"},{"floor":31,"key":"PreservedInsect"},{"floor":39,"key":"Unceasing Top"},{"floor":40,"key":"Matryoshka"}],"event_choices":[{"damage_healed":0.0,"max_hp_gain":0.0,"max_hp_loss":0.0,"gold_gain":0.0,"event_name":"Living Wall","player_choice":"Grow","floor":5.0,"gold_loss":0.0,"damage_taken":0.0,"cards_upgraded":["Sunder"]},{"damage_healed":0.0,"max_hp_gain":0.0,"max_hp_loss":0.0,"gold_gain":75.0,"event_name":"World of Goop","player_choice":"Gather Gold","floor":7.0,"gold_loss":0.0,"damage_taken":11.0},{"damage_healed":0.0,"max_hp_gain":0.0,"max_hp_loss":7.0,"gold_gain":0.0,"event_name":"Golden Idol","player_choice":"Lose Max HP","floor":11.0,"gold_loss":0.0,"damage_taken":0.0,"relics_obtained":["Golden Idol"]},{"damage_healed":0,"gold_gain":0,"player_choice":"Obtained Relic","damage_taken":0,"relics_obtained":["Cables"],"max_hp_gain":0,"max_hp_loss":0,"event_name":"Addict","floor":19,"gold_loss":85},{"damage_healed":0,"gold_gain":0,"cards_transformed":["Cold Snap"],"player_choice":"Transformed","damage_taken":0,"max_hp_gain":0,"max_hp_loss":0,"event_name":"Transmorgrifier","floor":20,"gold_loss":0,"cards_obtained":["Genetic Algorithm"]},{"damage_healed":0,"gold_gain":0,"player_choice":"Gave Idol","damage_taken":0,"relics_obtained":["Bloody Idol"],"max_hp_gain":0,"max_hp_loss":0,"event_name":"Forgotten Altar","floor":25,"relics_lost":["Golden Idol"],"gold_loss":0},{"damage_healed":0,"gold_gain":0,"player_choice":"Embrace Madness","damage_taken":13,"max_hp_gain":0,"max_hp_loss":0,"event_name":"Winding Halls","floor":37,"gold_loss":0,"cards_obtained":["Madness","Madness"]},{"damage_healed":0,"gold_gain":0,"player_choice":"Memory 3","damage_taken":10,"max_hp_gain":0,"max_hp_loss":0,"event_name":"SensoryStone","floor":38,"gold_loss":0},{"damage_healed":0,"gold_gain":0,"player_choice":"Fight","damage_taken":0,"max_hp_gain":0,"max_hp_loss":0,"event_name":"MindBloom","floor":39,"gold_loss":0}],"is_beta":false,"boss_relics":[{"not_picked":["Snecko Eye","Calling Bell"],"picked":"Pandora\u0027s Box"},{"not_picked":["Empty Cage","FrozenCore"],"picked":"Runic Dome"}],"items_purged_floors":[3,24,36],"is_endless":false,"potions_floor_spawned":[2,4,14,16,21,23,27,33,35,41],"killed_by":"Nemesis","ascension_level":20}}