{"host":"0azimyi6n3ugndj4","time":1609808978,"event":{"mods":["2.2 Compatiblity","BaseMod","Bestiary","Conspire","Curses Come First","Defuse TimeMaze Blight","Hermit","Hubris","Hyrulean Relics","Infinite Spire","Jorbs\u0027s Wanderer Trilogy","Minty Spire (QoL Compilation)","Relic Stats","Replay The Spire","StSLib","SuperFastMode","The Cursed","The Hierophant","Uncapped","¡¼?Úª?ø«¡½REMEMod"],"gold_per_floor":[122,92,118,136,136,167,167,167,167,167,231,274,274,109,109,109,109],"floor_reached":16,"playtime":236,"items_purged":[],"score":287,"play_id":"9cb62ceb-3ea4-418b-833c-ed691bc3ee26","local_time":"20210105100938","daily_mods":["SealedDeck","Hoarder","Insanity","Chimera","Specialized","ControlledChaos","Allstar","Diverse","Colorless Cards","Heirloom","Time Dilation","Flight","Elite Swarm","Binary"],"is_ascension_mode":true,"campfire_choices":[{"floor":8,"key":"REST"},{"floor":10,"key":"REST"},{"floor":15,"key":"REST"}],"circlet_count":0,"master_deck":["Demon Form","Wraith Form v2","Echo Form","DevaForm","stsjorbsmod:ArcaneForm","stsjorbsmod:WastingForm","AscendersBane","Bash","Survivor","Zap","Strike_R","Strike_G","Strike_B","Defend_R","Defend_G","Defend_P","hermit:CalledShot","hermit:Quickdraw","hermit:Feint","TheCursedMod:RavingStaff","hierophant:Doubloon","stsjorbsmod:Will","Compile Driver","TheCursedMod:Mangle","hermit:PistolWhip","hubris:ReadiedAction","Consume","hierophant:Shelter","Clothesline","stsjorbsmod:Rest","Heel Hook","stsjorbsmod:ArcaneWeapon","stsjorbsmod:Will","stsjorbsmod:LocateObject","Flying Knee","Panic Button","LikeWater","stsjorbsmod:ChainLightning","Cloak And Dagger","Leap","stsjorbsmod:Message","hierophant:Dazzle","hermit:DeadMansHand","stsjorbsmod:Aid","Dropkick","hermit:Misfire","SashWhip","TheCursedMod:RavingStaff","Body Slam","Hidden Blade","TheCursedMod:SpitefulPlan","Battle Trance","hermit:Dive","Panic Button","Flying Knee","hermit:Roulette","Reprogram","Iron Wave","stsjorbsmod:Prepare","Deflect","hermit:ItchyTrigger","TheCursedMod:SurpriseAttack","TheCursedMod:CursedBlade","Uppercut","TalkToTheHand","TheCursedMod:SmokeScreen","stsjorbsmod:ArcaneWeapon","stsjorbsmod:ArcaneWeapon","stsjorbsmod:ArcaneWeapon","stsjorbsmod:ArcaneWeapon","stsjorbsmod:ArcaneWeapon","stsjorbsmod:ArcaneWeapon","stsjorbsmod:ArcaneWeapon","stsjorbsmod:ArcaneWeapon","stsjorbsmod:ArcaneWeapon","stsjorbsmod:ArcaneWeapon","stsjorbsmod:ArcaneWeapon","stsjorbsmod:ArcaneWeapon","stsjorbsmod:ArcaneWeapon","stsjorbsmod:ArcaneWeapon","stsjorbsmod:ArcaneWeapon","Acrobatics","Acrobatics","Acrobatics","hermit:Coalescence","hermit:Coalescence","hermit:Coalescence","hubris:Sniper","hubris:Sniper","hubris:Sniper","stsjorbsmod:RayOfFrost","stsjorbsmod:RayOfFrost","stsjorbsmod:RayOfFrost","TheCursedMod:PrepareRite","TheCursedMod:PrepareRite","TheCursedMod:PrepareRite","Power Through","Power Through","Power Through","hierophant:MorningPrayer","hierophant:MorningPrayer","hierophant:MorningPrayer","Headbutt","Headbutt","Headbutt","hierophant:Exaltation","hierophant:Exaltation","hierophant:Exaltation","Sucker Punch","Sucker Punch","Sucker Punch","hermit:Roughhouse","hermit:Roughhouse","hermit:Roughhouse"],"relics":["TheCursedMod:BlackMagic101","Frozen Eye","Busted Crown","REME_ComplimentaryCards","Prayer Wheel","zeldaRelics:CourageTriforce","Pen Nib","Mirror","Sling"],"acts_visited":["Exordium"],"potions_floor_usage":[11,12,12],"damage_taken":[{"damage":10,"enemies":"Small Slimes","floor":1,"turns":2},{"damage":0,"enemies":"Cultist","floor":3,"turns":2},{"damage":0,"enemies":"Jaw Worm","floor":4,"turns":2},{"damage":20,"enemies":"Lagavulin","floor":6,"turns":5},{"damage":38,"enemies":"Lagavulin Event","floor":11,"turns":5},{"damage":16,"enemies":"Gremlin Nob","floor":12,"turns":6},{"damage":27,"enemies":"The Guardian","floor":16,"turns":2}],"seed_played":"4691827492397630960","potions_obtained":[{"floor":2,"key":"Reflective Coating"},{"floor":2,"key":"AttackPotion"},{"floor":4,"key":"Languid Potion"},{"floor":11,"key":"Explosive Potion"}],"is_trial":true,"path_per_floor":["M","?","M","M","$","E","?","R","T","R","?","E","?","$","R","B"],"character_chosen":"THE_CURSED","items_purchased":["Sling"],"campfire_rested":3,"item_purchase_floors":[14],"current_hp_per_floor":[54,54,54,54,54,34,27,48,48,69,31,15,4,4,25,0,0],"gold":109,"neow_bonus":"","is_daily":false,"chose_seed":false,"campfire_upgraded":0,"win_rate":0.0,"timestamp":1609808978,"path_taken":["M","?","?","?","?","E","?","R","T","R","?","E","?","?","R","BOSS"],"items_purchased_type":["Relic"],"build_version":"2020-12-22","purchased_purges":0,"victory":false,"max_hp_per_floor":[71,71,71,71,71,71,71,71,71,71,71,71,71,71,71,71,71],"relic_stats":{"Busted Crown":34,"counters":[7,24],"Prayer Wheel":0,"Pen Nib":[0],"obtain_stats":[{"TheCursedMod:BlackMagic101":0,"Frozen Eye":0,"Busted Crown":0,"Prayer Wheel":0,"Pen Nib":11,"zeldaRelics:CouragePiece":6,"Mirror":13,"Sling":14,"zeldaRelics:CourageTriforce":12,"REME_ComplimentaryCards":0},{"TheCursedMod:BlackMagic101":0,"Frozen Eye":0,"Busted Crown":0,"Prayer Wheel":0,"Pen Nib":5,"zeldaRelics:CouragePiece":4,"Mirror":6,"Sling":6,"zeldaRelics:CourageTriforce":6,"REME_ComplimentaryCards":0},{"TheCursedMod:BlackMagic101":0,"Frozen Eye":0,"Busted Crown":0,"Prayer Wheel":0,"Pen Nib":16,"zeldaRelics:CouragePiece":11,"Mirror":22,"Sling":22,"zeldaRelics:CourageTriforce":22,"REME_ComplimentaryCards":0}]},"card_choices":[],"player_experience":1540379,"relics_obtained":[{"floor":6,"key":"zeldaRelics:CouragePiece"},{"floor":9,"key":"zeldaRelics:CouragePiece"},{"floor":11,"key":"Pen Nib"},{"floor":12,"key":"zeldaRelics:CouragePiece"}],"event_choices":[{"damage_healed":0,"gold_gain":0,"player_choice":"Bought 2 Potions","damage_taken":0,"max_hp_gain":0,"max_hp_loss":0,"event_name":"The Woman in Blue","floor":2,"gold_loss":0},{"cards_removed":["Eruption"],"damage_healed":0,"gold_gain":0,"player_choice":"Card Removal","damage_taken":7,"max_hp_gain":0,"max_hp_loss":0,"event_name":"Golden Wing","floor":7,"gold_loss":0},{"damage_healed":0,"gold_gain":0,"player_choice":"Searched \u00271\u0027 times","damage_taken":0,"max_hp_gain":0,"max_hp_loss":0,"event_name":"Dead Adventurer","floor":11,"gold_loss":0},{"damage_healed":0,"gold_gain":0,"player_choice":"Success","damage_taken":11,"relics_obtained":["Mirror"],"max_hp_gain":0,"max_hp_loss":0,"event_name":"Scrap Ooze","floor":13,"gold_loss":0}],"is_beta":false,"boss_relics":[],"items_purged_floors":[],"is_endless":false,"potions_floor_spawned":[4,11],"killed_by":"The Guardian","ascension_level":20}}