{"host":"2htowdb5wria0zm7","time":1609863318,"event":{"mods":["BaseMod","Better Third Choice","BetterRewards","Googly Eyes","Hyrulean Relics","Minty Spire (QoL Compilation)","StSLib"],"gold_per_floor":[118,118,118,133,8,8,33,33,80,100,129,129,162,162,162,263,263,276,305,305,324,324,324,349,364,445,445,445,456,371,386,386,487,487,506,506,519,538,15,33,33,45,68,83,83,118,38,49,49,49],"floor_reached":51,"playtime":2373,"items_purged":["Burn","Parasite"],"score":855,"play_id":"f26c3d71-64ee-404f-816a-782e3a3ac18e","local_time":"20210105111518","is_ascension_mode":false,"campfire_choices":[{"data":"Bandage Up","floor":6,"key":"SMITH"},{"data":"Buffer","floor":8,"key":"SMITH"},{"data":"Streamline","floor":12,"key":"SMITH"},{"data":"Self Repair","floor":15,"key":"SMITH"},{"data":"Lockon","floor":23,"key":"SMITH"},{"data":"Thunder Strike","floor":28,"key":"SMITH"},{"floor":32,"key":"REST"},{"data":"Biased Cognition","floor":41,"key":"SMITH"},{"floor":49,"key":"REST"}],"circlet_count":0,"master_deck":["Strike_B","Strike_B","Defend_B","Defend_B","Defend_B","Defend_B","Zap","Dualcast","Lockon","Ball Lightning","Lockon+1","Bandage Up+1","Buffer+1","Streamline+1","Self Repair+1","Electrodynamics","Hello World","Thunder Strike+1","Self Repair","Defragment+1","Rebound","White Noise","Streamline+1","Genetic Algorithm+1","White Noise+1","Biased Cognition+1","Sweeping Beam+1","Rebound+1","Ball Lightning","Self Repair","Buffer","Redo","Deep Breath","Ball Lightning+1","Thunder Strike"],"relics":["Cracked Core","NeowsBlessing","Calipers","Bag of Preparation","Odd Mushroom","Tiny Chest","Nuclear Battery","Red Mask","FaceOfCleric","Pear","Cables","The Courier","Lantern","Velvet Choker","Question Card","HandDrill","PreservedInsect","Happy Flower","Anchor","Strawberry","Bottled Flame"],"acts_visited":["Exordium","TheCity","TheBeyond"],"potions_floor_usage":[11,13,16,21,21,24,24,24,25,33,33,50,50,50],"damage_taken":[{"damage":0,"enemies":"Jaw Worm","floor":1,"turns":1},{"damage":0,"enemies":"Small Slimes","floor":4,"turns":1},{"damage":0,"enemies":"Gremlin Nob","floor":7,"turns":1},{"damage":8,"enemies":"Cultist","floor":10,"turns":3},{"damage":0,"enemies":"The Mushroom Lair","floor":11,"turns":3},{"damage":19,"enemies":"3 Sentries","floor":13,"turns":5},{"damage":0,"enemies":"Slime Boss","floor":16,"turns":5},{"damage":34,"enemies":"Shell Parasite","floor":18,"turns":5},{"damage":8,"enemies":"Masked Bandits","floor":19,"turns":4},{"damage":12,"enemies":"3 Byrds","floor":21,"turns":4},{"damage":40,"enemies":"Book of Stabbing","floor":24,"turns":5},{"damage":0,"enemies":"Cultist and Chosen","floor":25,"turns":4},{"damage":15,"enemies":"Snake Plant","floor":29,"turns":3},{"damage":32,"enemies":"Sentry and Sphere","floor":31,"turns":4},{"damage":33,"enemies":"Automaton","floor":33,"turns":6},{"damage":9,"enemies":"3 Shapes","floor":35,"turns":4},{"damage":0,"enemies":"Orb Walker","floor":37,"turns":2},{"damage":2,"enemies":"Transient","floor":38,"turns":5},{"damage":0,"enemies":"Jaw Worm Horde","floor":40,"turns":2},{"damage":15,"enemies":"Writhing Mass","floor":42,"turns":4},{"damage":37,"enemies":"4 Shapes","floor":44,"turns":4},{"damage":22,"enemies":"Reptomancer","floor":46,"turns":5},{"damage":3,"enemies":"Jaw Worm Horde","floor":48,"turns":4},{"damage":89,"enemies":"Time Eater","floor":50,"turns":9}],"seed_played":"2139791106637956986","potions_obtained":[{"floor":1,"key":"FearPotion"},{"floor":10,"key":"AttackPotion"},{"floor":11,"key":"PowerPotion"},{"floor":16,"key":"Fire Potion"},{"floor":18,"key":"Block Potion"},{"floor":21,"key":"Swift Potion"},{"floor":24,"key":"EntropicBrew"},{"floor":29,"key":"FocusPotion"},{"floor":33,"key":"FearPotion"},{"floor":38,"key":"SteroidPotion"},{"floor":40,"key":"SteroidPotion"}],"is_trial":false,"path_per_floor":["M","?","?","M","$","R","E","R","T","M","?","R","E","?","R","B",null,"M","?","?","M","T","R","E","M","T","?","R","M","?","M","R","B",null,"M","T","M","M","$","M","R","M","T","M","?","E","$","M","R","B",null],"character_chosen":"DEFECT","items_purchased":["Lockon","Bandage Up","HandDrill","PreservedInsect","Happy Flower","Anchor"],"campfire_rested":2,"item_purchase_floors":[5,5,39,39,39,39],"current_hp_per_floor":[75,75,75,75,75,75,75,75,75,67,73,73,60,60,60,66,75,57,72,72,76,86,86,75,93,93,93,93,94,94,76,95,63,96,97,97,98,99,99,100,100,86,93,70,58,60,60,78,108,37],"gold":49,"neow_bonus":"THREE_ENEMY_KILL","is_daily":false,"chose_seed":false,"campfire_upgraded":7,"win_rate":0.0,"timestamp":1609863318,"path_taken":["M","?","?","M","$","R","E","R","T","?","?","R","E","?","R","BOSS","M","?","?","M","?","R","E","M","T","?","R","?","?","M","R","BOSS","M","?","M","M","$","M","R","M","T","M","?","E","$","?","R","BOSS"],"items_purchased_type":["Card","Card","Relic","Relic","Relic","Relic"],"build_version":"2020-12-22","purchased_purges":2,"victory":true,"max_hp_per_floor":[75,75,75,75,75,75,75,75,75,75,75,75,75,75,75,75,75,75,75,75,76,86,86,92,93,93,93,93,94,94,95,95,96,96,97,97,98,99,99,100,100,101,108,109,109,110,107,108,108,109],"card_choices":[{"not_picked":["FTL","Glacier"],"picked":"Lockon","floor":1},{"not_picked":["Sweeping Beam","Redo"],"picked":"Ball Lightning","floor":4},{"not_picked":["Sweeping Beam","Steam Power"],"picked":"Buffer","floor":7},{"not_picked":["Chill","Barrage"],"picked":"Streamline","floor":10},{"not_picked":["Coolheaded","Hologram"],"picked":"Self Repair","floor":11},{"not_picked":["Go for the Eyes","Self Repair"],"picked":"Electrodynamics","floor":13},{"not_picked":["Multi-Cast","Buffer"],"picked":"Thunder Strike","floor":16},{"not_picked":["Reinforced Body","Chaos"],"picked":"Self Repair","floor":18},{"not_picked":["Static Discharge","Coolheaded"],"picked":"Defragment+1","floor":19},{"not_picked":["Streamline+1","Undo+1"],"picked":"Rebound","floor":21},{"not_picked":["Go for the Eyes","Auto Shields"],"picked":"White Noise","floor":24},{"not_picked":["Skim","Storm"],"picked":"Streamline+1","floor":25},{"not_picked":["Hologram","Stack"],"picked":"Genetic Algorithm+1","floor":29},{"not_picked":["Gash","Heatsinks"],"picked":"White Noise+1","floor":31},{"not_picked":["Fission","Hyperbeam"],"picked":"Biased Cognition","floor":33},{"not_picked":["Streamline+1","Go for the Eyes"],"picked":"Sweeping Beam+1","floor":35},{"not_picked":["Force Field+1","Reprogram+1","Fusion+1"],"picked":"Rebound+1","floor":37},{"not_picked":["Barrage","Stack","Hologram+1"],"picked":"Ball Lightning","floor":38},{"not_picked":["FTL+1","Gash+1","Stack"],"picked":"Self Repair","floor":40},{"not_picked":["Hologram+1","Cold Snap","Stack"],"picked":"Buffer","floor":42},{"not_picked":["Rebound","Undo+1","Turbo+1"],"picked":"Redo","floor":44},{"not_picked":["Compile Driver","Lockon","Gash+1"],"picked":"Ball Lightning+1","floor":46},{"not_picked":["Rebound","Gash+1","Conserve Battery"],"picked":"Thunder Strike","floor":48}],"player_experience":493242,"relics_obtained":[{"floor":7,"key":"Calipers"},{"floor":9,"key":"Bag of Preparation"},{"floor":11,"key":"Odd Mushroom"},{"floor":13,"key":"Tiny Chest"},{"floor":19,"key":"Red Mask"},{"floor":22,"key":"Pear"},{"floor":24,"key":"Cables"},{"floor":26,"key":"The Courier"},{"floor":36,"key":"Question Card"},{"floor":43,"key":"Strawberry"},{"floor":46,"key":"Bottled Flame"}],"event_choices":[{"damage_healed":75,"gold_gain":0,"player_choice":"Embrace Burn","damage_taken":0,"max_hp_gain":0,"max_hp_loss":75,"event_name":"betterThird:BetterShining","floor":2,"gold_loss":0},{"cards_removed":["Strike_B"],"damage_healed":0,"gold_gain":0,"player_choice":"Offered Basic","damage_taken":0,"max_hp_gain":0,"max_hp_loss":0,"event_name":"Bonfire Elementals","floor":3,"gold_loss":0},{"damage_healed":0,"gold_gain":0,"player_choice":"Fought Mushrooms","damage_taken":0,"max_hp_gain":0,"max_hp_loss":0,"event_name":"Mushrooms","floor":11,"gold_loss":0},{"damage_healed":0,"gold_gain":0,"cards_transformed":["Strike_B"],"player_choice":"Transformed","damage_taken":0,"max_hp_gain":0,"max_hp_loss":0,"event_name":"Transmorgrifier","floor":14,"gold_loss":0,"cards_obtained":["Hello World"]},{"damage_healed":0,"gold_gain":0,"player_choice":"Fought Bandits","damage_taken":0,"max_hp_gain":0,"max_hp_loss":0,"event_name":"Masked Bandits","floor":19,"gold_loss":0},{"damage_healed":0,"gold_gain":0,"player_choice":"Trade","damage_taken":0,"relics_obtained":["FaceOfCleric"],"max_hp_gain":0,"max_hp_loss":0,"event_name":"FaceTrader","floor":20,"gold_loss":0},{"damage_healed":0,"gold_gain":0,"player_choice":"Ignored","damage_taken":0,"max_hp_gain":0,"max_hp_loss":0,"event_name":"Vampires","floor":27,"gold_loss":0},{"damage_healed":0,"gold_gain":0,"player_choice":"Obtained Relic","damage_taken":0,"relics_obtained":["Lantern"],"max_hp_gain":0,"max_hp_loss":0,"event_name":"Addict","floor":30,"gold_loss":85},{"damage_healed":0,"gold_gain":0,"player_choice":"Random: Green","damage_taken":0,"max_hp_gain":0,"max_hp_loss":0,"event_name":"betterThird:BetterPortal","floor":45,"gold_loss":0},{"damage_healed":0,"gold_gain":0,"player_choice":"CARD ","damage_taken":12,"max_hp_gain":0,"max_hp_loss":0,"event_name":"Knowing Skull","floor":45,"potions_obtained":[],"gold_loss":0,"cards_obtained":["Deep Breath"]}],"is_beta":false,"boss_relics":[{"not_picked":["Ectoplasm","SacredBark"],"picked":"Nuclear Battery"},{"not_picked":["Empty Cage","Runic Pyramid"],"picked":"Velvet Choker"}],"items_purged_floors":[39,47],"is_endless":false,"potions_floor_spawned":[1,10,11,16,18,21,24,29,33,38,40],"ascension_level":0}}