{"host":"00yob6u0fiu7ehgs","time":1609873624,"event":{"mods":["Act Like it!","Arknights The Spire","Art Attack!","BaseMod","Chen","Colored Powertips","Elementarium","Gensokyo","GifTheSpireLib","Infinite Spire","Jorbs\u0027s Wanderer Trilogy","Koishi","Marisa????????","Minty Spire (QoL Compilation)","Rare Cards Sparkle","Reimu??????","Remilia??????","Replay The Spire","StSLib","The Alterego","The Animator","The Cursed","The Forsaken","The Marked","The Servant 0.9.4","Wandering Minibosses","Yakumo Yukari mod"],"gold_per_floor":[116,132,150,148,148,148,148,148,148],"floor_reached":8,"playtime":339,"items_purged":[],"score":50,"play_id":"0e0054a4-dd04-4d1d-9eba-e00d0372e44e","local_time":"20210105120704","is_ascension_mode":true,"campfire_choices":[],"circlet_count":0,"master_deck":["ats:Strike C","ats:Strike G","ats:Strike S","ats:Strike V","ats:Armor Crushing Shot+1","ats:Defend","ats:Defend","ats:Defend","ats:Defend","ats:Emotion Absorption","ats:Very Hot Blade","ats:Spore Proliferation","ats:Powerful Strike","ats:Mental Burst"],"relics":["ats:Sanity"],"acts_visited":["Exordium"],"potions_floor_usage":[4,4],"damage_taken":[{"damage":6,"enemies":"2 Louse","floor":1,"turns":4},{"damage":12,"enemies":"Jaw Worm","floor":2,"turns":4},{"damage":0,"enemies":"Cultist","floor":3,"turns":2},{"damage":47,"enemies":"Gremlin Gang","floor":4,"turns":7},{"damage":9,"enemies":"3 Sentries","floor":8,"turns":2}],"seed_played":"-1545955335878613672","potions_obtained":[{"floor":1,"key":"Death Potion"},{"floor":2,"key":"Energy Potion"}],"is_trial":false,"path_per_floor":["M","M","M","M","PTL","PTL","?","E"],"character_chosen":"DOCTOR_CLASS","items_purchased":[],"campfire_rested":0,"item_purchase_floors":[],"current_hp_per_floor":[66,54,54,7,7,7,7,0,0],"gold":148,"neow_bonus":"RANDOM_EVENT","is_daily":false,"chose_seed":false,"campfire_upgraded":0,"win_rate":0.0,"timestamp":1609873624,"path_taken":["M","M","M","M","PTL","PTL","?","E"],"items_purchased_type":[],"build_version":"2020-12-22","purchased_purges":0,"victory":false,"max_hp_per_floor":[72,72,72,72,72,72,72,72,72],"card_choices":[{"not_picked":["ats:Thermite Blade","ats:Childhood Dance"],"picked":"ats:Very Hot Blade","floor":1},{"not_picked":["ats:Demon Strength","ats:Hook Shot"],"picked":"ats:Spore Proliferation","floor":2},{"not_picked":["ats:Shell Defense","ats:Revitalization"],"picked":"ats:Powerful Strike","floor":3},{"not_picked":["ats:Healing Strengthening","ats:Revitalization"],"picked":"ats:Mental Burst","floor":4}],"player_experience":353046,"relics_obtained":[],"event_choices":[{"damage_healed":0,"gold_gain":0,"player_choice":"Grow","damage_taken":0,"max_hp_gain":0,"max_hp_loss":0,"event_name":"Living Wall","floor":0,"gold_loss":0,"cards_upgraded":["ats:Armor Crushing Shot"]},{"damage_healed":0,"gold_gain":0,"player_choice":"Fled","damage_taken":0,"max_hp_gain":0,"max_hp_loss":0,"event_name":"Scrap Ooze","floor":7,"gold_loss":0}],"is_beta":false,"boss_relics":[],"items_purged_floors":[],"is_endless":false,"potions_floor_spawned":[1,2],"killed_by":"3 Sentries","ascension_level":1}}