{"host":"ig7tc0uedzltt2sr","time":1609826511,"event":{"mods":["BaseMod","Better Twitch Integration","Block Reminder","Colored Map","Colored Powertips","Communication Mod","Current Relic Mod","GifTheSpireLib","HexUI Lib","Minty Spire (QoL Compilation)","Quick Restart","Random Character Button","Rare Cards Sparkle","Relic Sorter","Relic Stats","Slay the Relics Exporter","StSLib","SuperFastMode","Synergy Search","Twitch Decklist","Twitch Utils","everything is the same but u backflip on backflip","slay the spire mod where everything is the same but ironclad has a cowboy hat"],"gold_per_floor":[112,122,139,155,165,165,180,199,199,199,210,210,222,192,192,192,192],"floor_reached":16,"playtime":94,"items_purged":[],"score":98,"play_id":"920cf177-b7d2-48b5-ae14-3f857681da1a","local_time":"20210104220151","is_ascension_mode":false,"campfire_choices":[{"data":"Searing Blow","floor":6,"key":"SMITH"},{"data":"Strike_R","floor":12,"key":"SMITH"},{"data":"Second Wind","floor":15,"key":"SMITH"}],"circlet_count":0,"master_deck":["Strike_R+1","Strike_R","Strike_R","Strike_R","Strike_R","Defend_R","Defend_R","Defend_R","Defend_R","Bash","Sever Soul","Pommel Strike","Shockwave","Combust","Searing Blow+1","Rage","Barricade","Sever Soul","Second Wind+1"],"relics":["Burning Blood","NeowsBlessing","Mercury Hourglass"],"acts_visited":["Exordium"],"potions_floor_usage":[],"damage_taken":[{"damage":0,"enemies":"Cultist","floor":1,"turns":1},{"damage":0,"enemies":"Jaw Worm","floor":2,"turns":1},{"damage":0,"enemies":"Small Slimes","floor":3,"turns":1},{"damage":6,"enemies":"Red Slaver","floor":4,"turns":5},{"damage":5,"enemies":"Looter","floor":5,"turns":3},{"damage":11,"enemies":"Blue Slaver","floor":7,"turns":4},{"damage":19,"enemies":"Exordium Thugs","floor":8,"turns":6},{"damage":26,"enemies":"Exordium Wildlife","floor":11,"turns":6},{"damage":11,"enemies":"Blue Slaver","floor":13,"turns":4},{"damage":55,"enemies":"Hexaghost","floor":16,"turns":9}],"seed_played":"-7790286629799310581","potions_obtained":[{"floor":2,"key":"Explosive Potion"},{"floor":5,"key":"LiquidBronze"},{"floor":7,"key":"Regen Potion"},{"floor":8,"key":"SkillPotion"},{"floor":14,"key":"AttackPotion"},{"floor":14,"key":"DistilledChaos"}],"is_trial":false,"path_per_floor":["M","M","M","M","M","R","M","M","T","?","M","R","M","?","R","B"],"character_chosen":"IRONCLAD","items_purchased":[],"campfire_rested":0,"item_purchase_floors":[],"current_hp_per_floor":[80,80,80,80,80,80,75,77,77,77,57,57,52,52,52,0,0],"gold":192,"neow_bonus":"THREE_ENEMY_KILL","is_daily":false,"chose_seed":false,"campfire_upgraded":3,"win_rate":0.0,"timestamp":1609826511,"path_taken":["M","M","M","M","M","R","M","M","T","?","?","R","M","?","R","BOSS"],"items_purchased_type":[],"build_version":"2020-12-22","purchased_purges":0,"victory":false,"max_hp_per_floor":[80,80,80,80,80,80,80,80,80,80,80,80,80,80,80,80,80],"relic_stats":{"counters":[10,40],"obtain_stats":[{"NeowsBlessing":0,"Burning Blood":0,"Mercury Hourglass":9},{"NeowsBlessing":0,"Burning Blood":0,"Mercury Hourglass":7},{"NeowsBlessing":0,"Burning Blood":0,"Mercury Hourglass":21}],"Burning Blood":35,"Mercury Hourglass":[63]},"card_choices":[{"not_picked":["Flex","Headbutt"],"picked":"Sever Soul","floor":1},{"not_picked":["Cleave","Body Slam"],"picked":"Pommel Strike","floor":2},{"not_picked":["Clash","Second Wind"],"picked":"Shockwave","floor":3},{"not_picked":["Second Wind","Headbutt"],"picked":"Combust","floor":4},{"not_picked":["Clash","Perfected Strike"],"picked":"Searing Blow","floor":5},{"not_picked":["Flame Barrier","Uppercut"],"picked":"Rage","floor":7},{"not_picked":["Perfected Strike","Shrug It Off"],"picked":"Barricade","floor":8},{"not_picked":["True Grit","Disarm"],"picked":"Sever Soul","floor":11},{"not_picked":["Reckless Charge","True Grit"],"picked":"Second Wind","floor":13}],"player_experience":1426883,"relics_obtained":[{"floor":9,"key":"Mercury Hourglass"}],"event_choices":[{"damage_healed":0,"gold_gain":0,"player_choice":"Ignored","damage_taken":0,"max_hp_gain":0,"max_hp_loss":0,"event_name":"Upgrade Shrine","floor":10,"gold_loss":0},{"damage_healed":0,"gold_gain":0,"player_choice":"Bought 2 Potions","damage_taken":0,"max_hp_gain":0,"max_hp_loss":0,"event_name":"The Woman in Blue","floor":14,"gold_loss":0}],"is_beta":false,"boss_relics":[],"items_purged_floors":[],"is_endless":false,"potions_floor_spawned":[2,5,7,8],"killed_by":"Hexaghost","ascension_level":0}}