{"host":"m3herrhkesxm9ooc","time":1609852050,"event":{"mods":["BaseMod","Hermit","Minty Spire (QoL Compilation)","StSLib","The Gatherer"],"gold_per_floor":[111,111,111,124,136,136,163,5,29,48,74,87,102,120,120,199,199,211,23,23,35,35,35],"floor_reached":22,"playtime":825,"items_purged":[],"score":366,"play_id":"6acd758b-c98f-4bdc-b381-9695c9894ddb","local_time":"20210105220730","is_ascension_mode":true,"campfire_choices":[{"floor":6,"key":"REST"},{"floor":15,"key":"REST"}],"circlet_count":0,"master_deck":["AscendersBane","hermit:Strike_Hermit","hermit:Strike_Hermit","hermit:Strike_Hermit","hermit:Strike_Hermit","hermit:Defend_Hermit","hermit:Defend_Hermit","hermit:Defend_Hermit","hermit:Defend_Hermit","hermit:Snapshot","hermit:Covet","Shame","hermit:Deadeye","hermit:RoundhouseKick","hermit:WideOpen","hermit:Malice","hermit:BigShot","hermit:BodyArmor","hermit:HighCaliber","hermit:HighCaliber","hermit:Glare","hermit:Reprieve","hermit:Maintenance","hermit:Deadeye","Finesse","Writhe","hermit:PistolWhip"],"relics":["hermit:Momento","TungstenRod","Anchor","Smiling Mask","PreservedInsect","Strawberry","hermit:Spyglass","Black Star","Lantern"],"acts_visited":["Exordium","TheCity"],"potions_floor_usage":[3,7,7,10,21],"damage_taken":[{"damage":6,"enemies":"Jaw Worm","floor":1,"turns":3},{"damage":0,"enemies":"Cultist","floor":4,"turns":3},{"damage":9,"enemies":"Small Slimes","floor":5,"turns":3},{"damage":15,"enemies":"Gremlin Nob","floor":7,"turns":3},{"damage":6,"enemies":"Exordium Wildlife","floor":10,"turns":3},{"damage":4,"enemies":"3 Sentries","floor":11,"turns":4},{"damage":4,"enemies":"3 Louse","floor":12,"turns":3},{"damage":0,"enemies":"2 Fungi Beasts","floor":13,"turns":2},{"damage":0,"enemies":"Gremlin Gang","floor":14,"turns":2},{"damage":49,"enemies":"Hexaghost","floor":16,"turns":10},{"damage":59,"enemies":"Shell Parasite","floor":18,"turns":7},{"damage":15,"enemies":"2 Thieves","floor":21,"turns":5},{"damage":66,"enemies":"Snecko","floor":22,"turns":5}],"seed_played":"1557672037962346548","potions_obtained":[{"floor":3,"key":"Fruit Juice"},{"floor":3,"key":"SteroidPotion"},{"floor":5,"key":"AttackPotion"},{"floor":7,"key":"SteroidPotion"},{"floor":12,"key":"FairyPotion"},{"floor":14,"key":"Explosive Potion"}],"is_trial":false,"path_per_floor":["M","?","?","M","M","R","E","$","T","M","E","M","M","M","R","B",null,"M","$","?","M","M"],"character_chosen":"HERMIT","items_purchased":["PreservedInsect","hermit:Deadeye","Finesse"],"campfire_rested":2,"item_purchase_floors":[8,19,19],"current_hp_per_floor":[58,49,54,54,45,67,52,52,59,53,49,45,45,45,69,20,67,20,20,20,13,0,0],"gold":35,"neow_bonus":"ONE_RARE_RELIC","is_daily":false,"chose_seed":false,"campfire_upgraded":0,"win_rate":0.0,"timestamp":1609852050,"path_taken":["M","?","?","?","M","R","E","?","T","?","E","M","M","M","R","BOSS","M","$","?","M","M"],"items_purchased_type":["Relic","Card","Card"],"build_version":"2020-12-22","purchased_purges":0,"victory":false,"max_hp_per_floor":[71,71,76,76,76,76,76,76,83,83,83,83,83,83,83,83,83,83,83,83,83,83,83],"card_choices":[{"not_picked":["hermit:BodyArmor","hermit:Snipe"],"picked":"hermit:Deadeye","floor":1},{"not_picked":["hermit:Vantage","hermit:Manifest"],"picked":"hermit:RoundhouseKick","floor":4},{"not_picked":["hermit:ItchyTrigger","hermit:LowProfile"],"picked":"hermit:WideOpen","floor":5},{"not_picked":["hermit:CalledShot","hermit:GoldenBullet"],"picked":"hermit:Malice","floor":7},{"not_picked":["hermit:Coalescence","hermit:Cheat"],"picked":"hermit:BigShot","floor":10},{"not_picked":["hermit:Desperado","hermit:Adapt"],"picked":"hermit:BodyArmor","floor":11},{"not_picked":["hermit:HoleUp","hermit:WideOpen"],"picked":"hermit:HighCaliber","floor":12},{"not_picked":["hermit:TrackingShot","hermit:Coalescence"],"picked":"hermit:HighCaliber","floor":13},{"not_picked":["hermit:Vantage","hermit:Desperado"],"picked":"hermit:Glare","floor":14},{"not_picked":["hermit:BlackWind","hermit:RoundhouseKick"],"picked":"hermit:Reprieve","floor":16},{"not_picked":["hermit:Headshot","hermit:Shortfuse"],"picked":"hermit:Maintenance","floor":18},{"not_picked":["hermit:Horror","hermit:Roulette"],"picked":"hermit:PistolWhip","floor":21}],"player_experience":675245,"relics_obtained":[{"floor":7,"key":"Smiling Mask"},{"floor":9,"key":"Strawberry"},{"floor":11,"key":"hermit:Spyglass"}],"event_choices":[{"damage_healed":0,"gold_gain":0,"player_choice":"Success","damage_taken":11,"relics_obtained":["Anchor"],"max_hp_gain":0,"max_hp_loss":0,"event_name":"Scrap Ooze","floor":2,"gold_loss":0},{"damage_healed":0,"gold_gain":0,"player_choice":"Got Potions","damage_taken":0,"max_hp_gain":0,"max_hp_loss":0,"event_name":"Lab","floor":3,"gold_loss":0},{"damage_healed":0,"gold_gain":0,"player_choice":"Opened","damage_taken":0,"relics_obtained":["Lantern"],"max_hp_gain":0,"max_hp_loss":0,"event_name":"The Mausoleum","floor":20,"gold_loss":0,"cards_obtained":["Writhe"]}],"is_beta":false,"boss_relics":[{"not_picked":["SlaversCollar","hermit:DentedPlate"],"picked":"Black Star"}],"items_purged_floors":[],"is_endless":false,"potions_floor_spawned":[5,7,12,14,18],"killed_by":"Snecko","ascension_level":17}}