{"host":"x7n7968bn9ekn290","time":1609881370,"event":{"mods":["AchievementEnabler","BaseMod","Colored Map","Googly Eyes","Minty Spire (QoL Compilation)","Relic Stats"],"gold_per_floor":[119,132,152,152,55,55,85,59,59,76,96,96,113,148,148,247,247,266,266,282,382,397,397,411,422,422,74,74,74,54,65,65,169,219,236,249,265,265,265],"floor_reached":38,"playtime":1386,"items_purged":[],"score":465,"play_id":"64b27387-55b6-4355-b23e-2abf9bcaccfa","local_time":"20210105131610","is_ascension_mode":false,"campfire_choices":[{"data":"Backstab","floor":6,"key":"SMITH"},{"data":"Blade Dance","floor":12,"key":"SMITH"},{"floor":15,"key":"REST"},{"data":"Blade Dance","floor":23,"key":"SMITH"},{"floor":28,"key":"REST"},{"floor":32,"key":"REST"}],"circlet_count":0,"master_deck":["Strike_G","Strike_G","Strike_G","Strike_G","Strike_G","Defend_G","Defend_G","Defend_G","Defend_G","Defend_G","Survivor","Neutralize","Skewer","Leg Sweep","Blade Dance+1","Backstab+1","Blade Dance+1","Deadly Poison+1","Slice","Quick Slash","Blade Dance+1","PiercingWail","Outmaneuver","Burst","Quick Slash+1","Quick Slash","Dodge and Roll","Dash","Distraction","Deflect","RitualDagger","Deadly Poison","PiercingWail","Deflect+1","Deflect+1","Blade Dance"],"relics":["Ring of the Serpent","Lizard Tail","Mango","Shuriken","Girya","Ice Cream","Tiny House"],"acts_visited":["Exordium","TheCity","TheBeyond"],"potions_floor_usage":[7,16,31,33,33,34,34,37,37],"damage_taken":[{"damage":0,"enemies":"Cultist","floor":1,"turns":4},{"damage":1,"enemies":"Small Slimes","floor":2,"turns":5},{"damage":4,"enemies":"Jaw Worm","floor":3,"turns":7},{"damage":5,"enemies":"3 Sentries","floor":7,"turns":7},{"damage":4,"enemies":"2 Fungi Beasts","floor":10,"turns":2},{"damage":8,"enemies":"Gremlin Gang","floor":11,"turns":3},{"damage":0,"enemies":"Large Slime","floor":13,"turns":4},{"damage":16,"enemies":"Gremlin Nob","floor":14,"turns":3},{"damage":11,"enemies":"Slime Boss","floor":16,"turns":6},{"damage":2,"enemies":"Chosen","floor":18,"turns":3},{"damage":27,"enemies":"Spheric Guardian","floor":20,"turns":4},{"damage":9,"enemies":"Snake Plant","floor":22,"turns":5},{"damage":0,"enemies":"Snecko","floor":24,"turns":3},{"damage":7,"enemies":"Centurion and Healer","floor":25,"turns":5},{"damage":3,"enemies":"3 Cultists","floor":31,"turns":4},{"damage":33,"enemies":"Champ","floor":33,"turns":12},{"damage":8,"enemies":"Orb Walker","floor":35,"turns":3},{"damage":51,"enemies":"3 Shapes","floor":36,"turns":6},{"damage":76,"enemies":"Sphere and 2 Shapes","floor":37,"turns":6},{"damage":16,"enemies":"Spire Growth","floor":38,"turns":1}],"seed_played":"-5016068396377463999","potions_obtained":[{"floor":0,"key":"EntropicBrew"},{"floor":0,"key":"PowerPotion"},{"floor":0,"key":"LiquidBronze"},{"floor":10,"key":"Ancient Potion"},{"floor":11,"key":"Energy Potion"},{"floor":16,"key":"BlessingOfTheForge"},{"floor":22,"key":"Fire Potion"},{"floor":30,"key":"Explosive Potion"},{"floor":31,"key":"EssenceOfSteel"},{"floor":34,"key":"EntropicBrew"},{"floor":37,"key":"EssenceOfSteel"}],"is_trial":false,"path_per_floor":["M","M","M","?","$","R","E","$","T","M","M","R","M","E","R","B",null,"M","?","M","?","M","R","M","M","T","$","R","?","?","M","R","B",null,"M","M","M","M"],"character_chosen":"THE_SILENT","items_purchased":["Backstab","Blade Dance","Slice","Deflect","Ice Cream"],"campfire_rested":3,"item_purchase_floors":[5,5,8,27,27],"current_hp_per_floor":[70,69,65,65,65,65,60,60,74,70,62,62,62,46,71,60,84,82,82,55,55,46,46,46,39,39,39,64,58,58,55,80,47,89,81,30,14,0,0],"gold":265,"neow_bonus":"THREE_SMALL_POTIONS","is_daily":false,"chose_seed":false,"campfire_upgraded":3,"win_rate":0.0,"timestamp":1609881370,"path_taken":["M","M","M","?","$","R","E","$","T","M","M","R","M","E","R","BOSS","M","?","M","?","M","R","?","M","T","$","R","?","?","M","R","BOSS","M","M","?","M"],"items_purchased_type":["Card","Card","Card","Card","Relic"],"build_version":"2020-12-22","purchased_purges":0,"victory":false,"max_hp_per_floor":[70,70,70,70,70,70,70,70,84,84,84,84,84,84,84,84,84,84,84,84,84,84,84,84,84,84,84,84,84,84,84,84,84,89,89,89,89,89,89],"relic_stats":{"Lizard Tail":44,"counters":[20,93],"Shuriken":[56],"obtain_stats":[{"Ice Cream":27,"Girya":26,"Lizard Tail":7,"Tiny House":34,"Shuriken":14,"Mango":9,"Ring of the Serpent":17,"Ring of the Snake":0},{"Ice Cream":14,"Girya":14,"Lizard Tail":4,"Tiny House":16,"Shuriken":8,"Mango":4,"Ring of the Serpent":9,"Ring of the Snake":0},{"Ice Cream":61,"Girya":61,"Lizard Tail":23,"Tiny House":77,"Shuriken":35,"Mango":23,"Ring of the Serpent":41,"Ring of the Snake":0}]},"card_choices":[{"not_picked":["Escape Plan","Eviscerate"],"picked":"Skewer","floor":1},{"not_picked":["Dagger Spray","Dodge and Roll"],"picked":"Leg Sweep","floor":2},{"not_picked":["Eviscerate","Terror"],"picked":"Blade Dance","floor":3},{"not_picked":["Heel Hook","Poisoned Stab"],"picked":"Deadly Poison","floor":7},{"not_picked":["Bullet Time","Underhanded Strike"],"picked":"Quick Slash","floor":10},{"not_picked":["Deflect","Backflip"],"picked":"Blade Dance","floor":11},{"not_picked":["Dagger Spray","Dodge and Roll"],"picked":"PiercingWail","floor":13},{"not_picked":["Burst","Flechettes"],"picked":"Outmaneuver","floor":14},{"not_picked":["Bullet Time","Night Terror"],"picked":"Burst","floor":16},{"not_picked":["Caltrops","Choke+1"],"picked":"Quick Slash+1","floor":18},{"not_picked":["Underhanded Strike","Noxious Fumes"],"picked":"Quick Slash","floor":20},{"not_picked":["Flying Knee","Well Laid Plans+1"],"picked":"Dodge and Roll","floor":22},{"not_picked":["Prepared","Quick Slash"],"picked":"Dash","floor":24},{"not_picked":["Glass Knife","Catalyst+1"],"picked":"Distraction","floor":25},{"not_picked":["Bane","Expertise"],"picked":"Deadly Poison","floor":31},{"not_picked":["Backflip","Underhanded Strike"],"picked":"PiercingWail","floor":34},{"not_picked":["Bane+1","Poisoned Stab+1"],"picked":"Deflect+1","floor":35},{"not_picked":["Prepared","Infinite Blades"],"picked":"Deflect+1","floor":36},{"not_picked":["Deflect+1","Deadly Poison"],"picked":"Blade Dance","floor":37}],"player_experience":11304,"relics_obtained":[{"floor":7,"key":"Lizard Tail"},{"floor":9,"key":"Mango"},{"floor":14,"key":"Shuriken"},{"floor":26,"key":"Girya"}],"event_choices":[{"damage_healed":0,"gold_gain":0,"player_choice":"Grow","damage_taken":0,"max_hp_gain":0,"max_hp_loss":0,"event_name":"Living Wall","floor":4,"gold_loss":0,"cards_upgraded":["Blade Dance"]},{"damage_healed":0,"gold_gain":0,"player_choice":"Ignored","damage_taken":0,"max_hp_gain":0,"max_hp_loss":0,"event_name":"Ghosts","floor":19,"gold_loss":0},{"damage_healed":0,"gold_gain":100,"player_choice":"Pray","damage_taken":0,"max_hp_gain":0,"max_hp_loss":0,"event_name":"Golden Shrine","floor":21,"gold_loss":0},{"damage_healed":0,"gold_gain":0,"player_choice":"Joined the Cult","damage_taken":6,"max_hp_gain":0,"max_hp_loss":0,"event_name":"Nest","floor":29,"gold_loss":0,"cards_obtained":["RitualDagger"]},{"damage_healed":0,"gold_gain":0,"player_choice":"Bought 1 Potion","damage_taken":0,"max_hp_gain":0,"max_hp_loss":0,"event_name":"The Woman in Blue","floor":30,"gold_loss":0}],"is_beta":false,"boss_relics":[{"not_picked":["Sozu","Runic Pyramid"],"picked":"Ring of the Serpent"},{"not_picked":["Cursed Key","Velvet Choker"],"picked":"Tiny House"}],"items_purged_floors":[],"is_endless":false,"potions_floor_spawned":[10,11,14,16,22,31,35,37],"killed_by":"Spire Growth","ascension_level":0}}