{"host":"l84l8xigz5v5foa2","time":1609827530,"event":{"mods":["2.2 Compatiblity","AchievementEnabler","BaseMod","Better Note","Better Vampires","Card Filter","Colored Map","DeckTracker","Downfall","Gremlin Skip","Highlight Path","Keyboard Shortcuts","Minty Spire (QoL Compilation)","Permanent Neow","Quick Restart","Relic Filter","Relic Stats","StSLib","SuperFastMode","Transform Curses","Unknown Chances"],"gold_per_floor":[0,15,15,32,51,51,102,122,157,82,82,82,82],"floor_reached":11,"playtime":580,"items_purged":[],"score":146,"play_id":"a66f9c0c-a311-47f5-b59e-9fa4ae52c233","local_time":"20210105151850","is_ascension_mode":true,"campfire_choices":[{"data":"Guardian:CurlUp","floor":1.0,"key":"SMITH"},{"data":"Guardian:Suspension","floor":6.0,"key":"SMITH"},{"data":"Guardian:PiercingHide","floor":10,"key":"SMITH"}],"circlet_count":0,"master_deck":["AscendersBane","Guardian:Strike_Guardian","Guardian:Strike_Guardian","Guardian:Strike_Guardian","Guardian:Defend_Guardian","Guardian:Defend_Guardian","Guardian:Defend_Guardian","Guardian:CurlUp+1","Guardian:TwinSlam","Guardian:Suspension+1","Guardian:PiercingHide+1","Guardian:Recover","Guardian:FuturePlans"],"relics":["Guardian:ModeShifter","Art of War","downfall:HeartBlessingBlue"],"acts_visited":["Exordium"],"potions_floor_usage":[9,11],"damage_taken":[{"damage":1.0,"enemies":"Cultist","floor":2.0,"turns":5.0},{"damage":7.0,"enemies":"Jaw Worm","floor":4.0,"turns":4.0},{"damage":1.0,"enemies":"2 Louse","floor":5.0,"turns":3.0},{"damage":18.0,"enemies":"Large Slime","floor":8.0,"turns":9.0},{"damage":10,"enemies":"Lagavulin","floor":9,"turns":8},{"damage":19,"enemies":"3 Sentries","floor":11,"turns":7}],"seed_played":"-4430525614703500420","potions_obtained":[{"floor":4.0,"key":"Fruit Juice"},{"floor":5.0,"key":"PowerPotion"},{"floor":9,"key":"champ:CounterPotion"}],"is_trial":false,"path_per_floor":["R","M","?","M","M","R","T","M","E","R","E"],"character_chosen":"GUARDIAN","items_purchased":[],"campfire_rested":0,"item_purchase_floors":[],"current_hp_per_floor":[65,64,40,33,32,32,37,19,9,19,0,0,0],"gold":82,"neow_bonus":"REMOVE_TWO","is_daily":false,"chose_seed":false,"campfire_upgraded":3,"win_rate":0.0,"timestamp":1609827530,"path_taken":["R","M","?","M","M","R","T","M","E","R","E"],"items_purchased_type":[],"build_version":"2020-12-22","purchased_purges":0,"victory":false,"max_hp_per_floor":[72,72,72,72,72,72,77,77,77,87,87,87,87],"relic_stats":{"counters":[6,36],"Art of War":[1],"obtain_stats":[{"downfall:HeartBlessingBlue":10,"Guardian:ModeShifter":0,"Art of War":9},{"downfall:HeartBlessingBlue":5,"Guardian:ModeShifter":0,"Art of War":5},{"downfall:HeartBlessingBlue":29,"Guardian:ModeShifter":0,"Art of War":29}]},"card_choices":[{"not_picked":["Guardian:ShieldCharger","Guardian:Preprogram"],"picked":"Guardian:Suspension","floor":2.0},{"not_picked":["Guardian:Gem_Crimson","Guardian:ChargeCore"],"picked":"Guardian:Gem_Red","floor":4.0},{"not_picked":["Guardian:ChargeCore","Guardian:HyperBeam_Guardian"],"picked":"Guardian:PiercingHide","floor":5.0},{"not_picked":["Guardian:RefractedBeam","Guardian:Gem_Red"],"picked":"Guardian:Recover","floor":8.0},{"not_picked":["Guardian:Suspension","Guardian:Gem_Green"],"picked":"Guardian:FuturePlans","floor":9}],"player_experience":2866030,"relics_obtained":[{"floor":9,"key":"Art of War"}],"event_choices":[],"is_beta":false,"boss_relics":[],"items_purged_floors":[],"is_endless":false,"potions_floor_spawned":[4,5,9],"killed_by":"3 Sentries","ascension_level":20}}