{"host":"sav7uxregyirlf69","time":1609872544,"event":{"mods":["AchievementEnabler","BaseMod","Colored Map","DeckTracker","Keyboard Shortcuts","Minty Spire (QoL Compilation)","READ ME - Guardian Mod","StSLib","SuperFastMode"],"gold_per_floor":[114,114,124,138,12,38,38,55,55,55,55,69,69,79,79,79,79],"floor_reached":16,"playtime":335,"items_purged":["Strike_B"],"score":204,"play_id":"b47727c4-c9af-44bb-9bde-881acf786301","local_time":"20210106034904","is_ascension_mode":true,"campfire_choices":[{"floor":7,"key":"REST"},{"data":"Zap","floor":10,"key":"SMITH"},{"data":"Go for the Eyes","floor":13,"key":"SMITH"},{"data":"Auto Shields","floor":15,"key":"SMITH"}],"circlet_count":0,"master_deck":["AscendersBane","Strike_B","Strike_B","Strike_B","Defend_B","Defend_B","Defend_B","Defend_B","Zap+1","Dualcast","Chill","Auto Shields+1","Go for the Eyes+1","Ball Lightning","Rebound"],"relics":["Cracked Core","Dead Branch","MealTicket","CeramicFish","Boot"],"acts_visited":["Exordium"],"potions_floor_usage":[16],"damage_taken":[{"damage":2.0,"enemies":"Jaw Worm","floor":1.0,"turns":4.0},{"damage":0,"enemies":"Cultist","floor":3,"turns":3},{"damage":7,"enemies":"Small Slimes","floor":4,"turns":3},{"damage":36,"enemies":"Lagavulin","floor":6,"turns":7},{"damage":5,"enemies":"Exordium Wildlife","floor":8,"turns":6},{"damage":5,"enemies":"Lots of Slimes","floor":12,"turns":5},{"damage":0,"enemies":"Red Slaver","floor":14,"turns":3},{"damage":29,"enemies":"Hexaghost","floor":16,"turns":9}],"seed_played":"4548442581266726582","potions_obtained":[{"floor":3,"key":"Fire Potion"},{"floor":12,"key":"ColorlessPotion"}],"is_trial":false,"path_per_floor":["M","?","M","M","$","E","R","M","T","R","T","M","R","M","R","B"],"character_chosen":"DEFECT","items_purchased":["Ball Lightning"],"campfire_rested":1,"item_purchase_floors":[5],"current_hp_per_floor":[62,62,62,55,55,19,38,33,33,33,33,28,28,28,28,0,0],"gold":79,"neow_bonus":"ONE_RARE_RELIC","is_daily":false,"chose_seed":false,"campfire_upgraded":3,"win_rate":0.0,"timestamp":1609872544,"path_taken":["M","?","?","M","?","E","R","M","T","R","?","M","R","M","R","BOSS"],"items_purchased_type":["Card"],"build_version":"2020-12-22","purchased_purges":1,"victory":false,"max_hp_per_floor":[64,64,64,64,64,64,64,64,64,64,64,64,64,64,64,64,64],"card_choices":[{"not_picked":["Beam Cell","Loop"],"picked":"Chill","floor":1.0},{"not_picked":["Undo","Compile Driver"],"picked":"Auto Shields","floor":3},{"not_picked":["Darkness","Double Energy"],"picked":"Go for the Eyes","floor":4},{"not_picked":["Steam","Sweeping Beam","Streamline"],"picked":"SKIP","floor":6},{"not_picked":["Leap","Melter"],"picked":"Rebound","floor":8},{"not_picked":["Reprogram","Ball Lightning","Streamline"],"picked":"SKIP","floor":12},{"not_picked":["Thunder Strike","Barrage","Go for the Eyes"],"picked":"SKIP","floor":14}],"player_experience":1152634,"relics_obtained":[{"floor":6,"key":"MealTicket"},{"floor":9,"key":"CeramicFish"},{"floor":11,"key":"Boot"}],"event_choices":[{"damage_healed":0,"gold_gain":0,"player_choice":"0 cards matched","damage_taken":0,"max_hp_gain":0,"max_hp_loss":0,"event_name":"Match and Keep!","floor":2,"gold_loss":0,"cards_obtained":[]}],"is_beta":false,"boss_relics":[],"items_purged_floors":[5],"is_endless":false,"potions_floor_spawned":[3,12,14],"killed_by":"Hexaghost","ascension_level":20}}