{"host":"uflv0e3ja7hvnij7","time":1609867041,"event":{"mods":["Aspiration","BaseMod","Better Altar","Better Match","Better Note","Better Sensory Stone","Better Skull","Better Third Choice","Conspire","Hubris","Minty Spire (QoL Compilation)","Permanent Neow","Replay The Spire","Shop Mod","StSLib"],"gold_per_floor":[112,112,37,37,54,54,85,85,154,154,168,247,260,287,287,287,287],"floor_reached":16,"playtime":729,"items_purged":[],"score":135,"play_id":"0899115c-4dc1-485b-85e3-9bda85bce976","local_time":"20210105121721","is_ascension_mode":true,"campfire_choices":[{"data":"Eruption","floor":6,"key":"SMITH"},{"floor":8,"key":"REST"},{"floor":10,"key":"REST"},{"floor":15,"key":"REST"}],"circlet_count":0,"master_deck":["Strike_P","Strike_P","Strike_P","Strike_P","Defend_P","Defend_P","Defend_P","Defend_P","Eruption+1","Vigilance","Hallucinations","Replay:Battleflow+1","Judgement+1","Replay:ManipulateFuture+1","Replay:Battleflow","Replay:Vibes","Vault+1"],"relics":["PureWater","Ring of Chaos","Anchor","Mummified Hand","Onion Ring","Toxic Egg 2"],"acts_visited":["Exordium"],"potions_floor_usage":[7],"damage_taken":[{"damage":6,"enemies":"2 Louse","floor":1,"turns":3},{"damage":2,"enemies":"Jaw Worm","floor":5,"turns":2},{"damage":47,"enemies":"Lagavulin","floor":7,"turns":6},{"damage":1,"enemies":"Cultist","floor":11,"turns":4},{"damage":0,"enemies":"Gremlin Gang","floor":13,"turns":4},{"damage":20,"enemies":"Gremlin Nob","floor":14,"turns":3},{"damage":55,"enemies":"Hexaghost","floor":16,"turns":4}],"seed_played":"-2079191520378062196","potions_obtained":[{"floor":1,"key":"Death Potion"},{"floor":13,"key":"Fire Potion"},{"floor":14,"key":"BlessingOfTheForge"}],"is_trial":false,"path_per_floor":["M","?","?","$","M","R","E","R","T","R","M","T","M","E","R","B"],"character_chosen":"WATCHER","items_purchased":[],"campfire_rested":3,"item_purchase_floors":[],"current_hp_per_floor":[66,66,66,66,64,64,17,38,38,59,58,58,58,38,59,4,4],"gold":287,"neow_bonus":"CURSED_BOSS_RELIC","is_daily":false,"chose_seed":false,"campfire_upgraded":1,"win_rate":0.0,"timestamp":1609867041,"path_taken":["M","?","?","$","?","R","E","R","T","R","M","?","?","E","R","BOSS"],"items_purchased_type":[],"build_version":"2020-12-22","purchased_purges":0,"victory":false,"max_hp_per_floor":[72,72,72,72,72,72,72,72,72,72,72,72,72,72,72,72,72],"card_choices":[{"not_picked":["LikeWater","Replay:BluntJabs"],"picked":"Replay:Battleflow","floor":1},{"not_picked":["SpiritShield+1","Ragnarok+1"],"picked":"Judgement+1","floor":3},{"not_picked":["BowlingBash+1","FollowUp+1"],"picked":"Replay:ManipulateFuture+1","floor":3},{"not_picked":["CrushJoints","Halt"],"picked":"Replay:Battleflow","floor":5},{"not_picked":["CrushJoints","Replay:LoomingThreat"],"picked":"Replay:Vibes","floor":7},{"not_picked":["CrushJoints","ThirdEye","Replay:AtTheReady"],"picked":"SKIP","floor":11},{"not_picked":["ForeignInfluence","Replay:Anticipation","Halt"],"picked":"SKIP","floor":13},{"not_picked":["FollowUp","CrushJoints"],"picked":"Vault+1","floor":14}],"player_experience":491543,"relics_obtained":[{"floor":7,"key":"Anchor"},{"floor":9,"key":"Mummified Hand"},{"floor":12,"key":"Onion Ring"},{"floor":14,"key":"Toxic Egg 2"}],"event_choices":[{"damage_healed":0,"gold_gain":0,"player_choice":"Grow","damage_taken":0,"max_hp_gain":0,"max_hp_loss":0,"event_name":"Living Wall","floor":2,"gold_loss":0,"cards_upgraded":["Replay:Battleflow"]},{"damage_healed":0,"gold_gain":0,"player_choice":"2","damage_taken":0,"max_hp_gain":0,"max_hp_loss":0,"event_name":"betterMatch:BetterMatch","floor":3,"gold_loss":0,"cards_obtained":["betterMatch:RareCard","betterMatch:CommonCard"]}],"is_beta":false,"boss_relics":[],"items_purged_floors":[],"is_endless":false,"potions_floor_spawned":[1,13,14],"killed_by":"Hexaghost","ascension_level":5}}