{"host":"q79spna8ofw6hj3r","time":1609821166,"event":{"mods":["Aspiration","BaseMod","Bestiary","Better Altar","Better Match","Better Note","Better Sensory Stone","Better Skull","Better Third Choice","Better Vampires","BetterRewards","Block Reminder","Card Filter","Challenge The Spire","Colored Map","Colored Powertips","Conspire","Custom Start","Energized Spire","Halation","Hubris","Infinite Spire","Jedi Mod","Mimic Mod","Minty Spire (QoL Compilation)","Permanent Neow","Quick Restart","Relic Filter","Relic Sorter","Replay The Spire","Shop Mod","StSLib","SuperFastMode","Synergy Search","The Servant 0.9.4","vexMod"],"gold_per_floor":[110,110,110,128,147,147,172,172,202,212,225,68,68,79,79,180,180,190,190,207,220,233,233,158,158,210,210,222,222,222,248,248,248,248],"floor_reached":33,"playtime":1330,"items_purged":["Strike_S","Snipe"],"score":267,"play_id":"833f96d6-c241-4e14-a7d6-35f94263ca51","local_time":"20210105063246","is_ascension_mode":false,"campfire_choices":[{"data":"KidneyShot","floor":6.0,"key":"SMITH"},{"data":"Rearm","floor":8.0,"key":"SMITH"},{"floor":15,"key":"REST"},{"data":"SilverBlades","floor":23,"key":"SMITH"},{"data":"KillingDoll","floor":25,"key":"SMITH"},{"data":"Luminosity","floor":27,"key":"SMITH"},{"floor":29,"key":"REST"},{"floor":32,"key":"REST"}],"circlet_count":0,"master_deck":["Strike_S","Defend_S","Defend_S","Defend_S+1","Defend_S","KidneyShot+1","Exchange","Finesse","Rearm+1","SilverBlades+1","Luminosity+1","KillingDoll+1","AbeCurse","Replace+1"],"relics":["Uniform","aspiration:Headhunter","Broom","conspire:TopHat","vexMod:Cooldron","Abe\u0027s Treasure","vexMod:FocusSash","Potion Belt","Gremlin Food","Bronze Scales"],"acts_visited":["Exordium","TheCity"],"potions_floor_usage":[14,16,16,16,16,16,16,18,18,18,22,22,22,22,28,28,31],"damage_taken":[{"damage":5.0,"enemies":"Jaw Worm","floor":1.0,"turns":5.0},{"damage":0.0,"enemies":"2 Louse","floor":4.0,"turns":3.0},{"damage":0.0,"enemies":"Cultist","floor":5.0,"turns":4.0},{"damage":23.0,"enemies":"Gremlin Nob","floor":7.0,"turns":4.0},{"damage":7.0,"enemies":"Blue Slaver","floor":9.0,"turns":10.0},{"damage":9.0,"enemies":"Blue Slaver","floor":10.0,"turns":4.0},{"damage":5,"enemies":"Looter","floor":11,"turns":4},{"damage":10,"enemies":"Lots of Slimes","floor":14,"turns":6},{"damage":34,"enemies":"Fading Forest","floor":16,"turns":11},{"damage":7,"enemies":"Chosen","floor":18,"turns":5},{"damage":18,"enemies":"2 Thieves","floor":20,"turns":3},{"damage":0,"enemies":"Snecko","floor":21,"turns":4},{"damage":12,"enemies":"Snake Plant","floor":22,"turns":3},{"damage":10,"enemies":"Shelled Parasite and Fungi","floor":28,"turns":3},{"damage":3,"enemies":"Replay:Snechameleon","floor":31,"turns":3},{"damage":51,"enemies":"hubris:MusketHawk","floor":33,"turns":6}],"seed_played":"-3882298752123400323","potions_obtained":[{"floor":3.0,"key":"LiquidBronze"},{"floor":3.0,"key":"Cursed Concoction"},{"floor":3.0,"key":"jedi:hoardpotion"},{"floor":4.0,"key":"Adrenaline Potion"},{"floor":5.0,"key":"Dexterity Potion"},{"floor":14,"key":"EntropicBrew"},{"floor":16,"key":"EntropicBrew"},{"floor":20,"key":"EntropicBrew"}],"is_trial":false,"path_per_floor":["M","?","?","M","M","R","E","R","MIM","M","M","$","?","M","R","B",null,"M","AVR","M","M","M","R","$","R","T","R","M","R","?","E","R","B"],"character_chosen":"THE_SERVANT","items_purchased":["vexMod:Cooldron"],"campfire_rested":3,"item_purchase_floors":[12],"current_hp_per_floor":[60,60,60,60,60,60,37,37,30,21,16,16,16,6,25,1,65,58,58,40,40,28,28,28,28,28,28,18,37,4,1,20,0,0],"gold":248,"neow_bonus":"RANDOM_COLORLESS","is_daily":false,"chose_seed":false,"campfire_upgraded":5,"win_rate":0.0,"timestamp":1609821166,"path_taken":["M","?","?","M","?","R","E","R","MIM","M","M","$","?","M","R","BOSS","M","AVR","M","M","M","R","?","R","T","R","?","R","?","E","R","BOSS"],"items_purchased_type":["Relic"],"build_version":"2020-12-22","purchased_purges":2,"victory":false,"max_hp_per_floor":[65,65,65,65,65,65,65,65,65,65,65,65,65,65,65,65,65,65,65,65,65,65,65,65,65,65,65,65,65,65,65,65,65,65],"card_choices":[{"not_picked":["Swift Strike","Bandage Up"],"picked":"Finesse","floor":0.0},{"not_picked":["Starlight","Moonlight","Potential"],"picked":"SKIP","floor":1.0},{"not_picked":["Desolation","Starlight","Rewind"],"picked":"SKIP","floor":4.0},{"not_picked":["Manipulate","Moonlight","Defy"],"picked":"SKIP","floor":5.0},{"not_picked":["Unruled","Advance"],"picked":"Rearm","floor":7.0},{"not_picked":["MoonPhase","Rewind"],"picked":"SilverBlades","floor":10.0},{"not_picked":["Replace","BottledTime","PendulumOfEternity"],"picked":"SKIP","floor":11},{"not_picked":["Starlight","Advance"],"picked":"Luminosity","floor":14},{"not_picked":["PendulumOfEternity","TheWorld"],"picked":"KillingDoll","floor":16},{"not_picked":["FanOfKnives+1","TimeWarp","Gouge"],"picked":"SKIP","floor":18},{"not_picked":["Defy","Comet","BottledTime+1"],"picked":"SKIP","floor":20},{"not_picked":["Unruled+1","ShatteredReality"],"picked":"Replace+1","floor":21},{"not_picked":["Advance+1","Defy","DoubleEdge"],"picked":"SKIP","floor":22},{"not_picked":["Advance+1","Defy","DoubleEdge"],"picked":"SKIP","floor":22},{"not_picked":["FastForward","Revamp","Foresight"],"picked":"SKIP","floor":28},{"not_picked":["BestPractice","Reset","Moondial+1"],"picked":"SKIP","floor":31}],"player_experience":212094,"relics_obtained":[{"floor":7.0,"key":"Broom"},{"floor":9.0,"key":"conspire:TopHat"},{"floor":26,"key":"vexMod:FocusSash"},{"floor":31,"key":"Bronze Scales"}],"event_choices":[{"damage_healed":0.0,"max_hp_gain":0.0,"max_hp_loss":0.0,"gold_gain":0.0,"event_name":"Lab","player_choice":"Got Potions","floor":3.0,"gold_loss":0.0,"damage_taken":0.0},{"damage_healed":0,"gold_gain":0,"cards_transformed":["Strike_S"],"player_choice":"Transformed","damage_taken":0,"max_hp_gain":0,"max_hp_loss":0,"event_name":"Transmorgrifier","floor":13,"gold_loss":0,"cards_obtained":["Snipe"]},{"damage_healed":0,"gold_gain":0,"player_choice":"RE RE ","damage_taken":37,"relics_obtained":["Potion Belt","Gremlin Food"],"max_hp_gain":0,"max_hp_loss":0,"event_name":"betterSkull:BetterSkull","floor":30,"gold_loss":0,"cards_upgraded":[]}],"is_beta":false,"boss_relics":[{"not_picked":["vexMod:CursedCompass","ReplayTheSpireMod:DimensionalGlitch"],"picked":"Abe\u0027s Treasure"}],"items_purged_floors":[19,24],"is_endless":false,"potions_floor_spawned":[4,5,14,16,20],"killed_by":"hubris:MusketHawk","ascension_level":0}}