{"host":"v0byp44r5syn346h","time":1609817425,"event":{"mods":["2.2 Compatiblity","AchievementEnabler","Act Like it!","AlwaysNeverKeys","Aspiration","BaseMod","Bestiary","Better Altar","Better Match","Better Note","Better Sensory Stone","Better Skull","Better Third Choice","Better Vampires","BetterRewards","Card Filter","Colored Map","Colored Powertips","Conspire","Defuse TimeMaze Blight","Displayed Cursed Tome","Downfall","Evolution","Friendly Minions","Gremlin Skip","Halation","Hallownest","Highlight Path","Hubris","Infinite Spire","Lobotomy","Minty Spire (QoL Compilation)","Pale of the Ancients","Quarter Circle Forward PUNCH!","Quick Restart","Random Character Button","Rare Cards Sparkle","Relic Filter","Relic Stats","Reorder Act Four","Replay The Spire","Reworked Bosses","Shop Mod","Spicy Shops","Spikes Relics","StSLib","SuperFastMode","The Blue Laboratory","The Construct","Thieving Mod","Trackpad","Unknown Chances","egg","vexMod"],"gold_per_floor":[114,114,124,135,10,10,36,47,47,80,80,107,107,126,126,197,197,211,211,211,231,250,285,285,285,285,14,64,64,84,97,97,168,168,185,47,47,47,61,61,91,91,91,11,30,46,77,88,88,88,88,105,123,142,442,442,453,453,505,505,505],"floor_reached":62,"playtime":3343,"items_purged":["Defend_R","Strike_R","Strike_R","vexMod:UltimateCard"],"score":3836,"play_id":"63ca4c79-3054-4389-b2fc-b9e1d3f05c2f","local_time":"20210105043025","is_ascension_mode":true,"campfire_choices":[{"data":"Uppercut","floor":6,"key":"SMITH"},{"data":"Double Tap","floor":13,"key":"SMITH"},{"data":"Searing Blow","floor":15,"key":"SMITH"},{"data":"Searing Blow+1","floor":29,"key":"SMITH"},{"data":"Corruption","floor":32,"key":"SMITH"},{"data":"Searing Blow+2","floor":40,"key":"SMITH"},{"data":"Limit Break","floor":49,"key":"SMITH"},{"data":"Metallicize","floor":56,"key":"SMITH"},{"data":"Searing Blow+3","floor":58,"key":"SMITH"}],"circlet_count":0,"master_deck":["AscendersBane","Strike_R","Strike_R+1","Strike_R+1","Defend_R+1","Defend_R","Defend_R","Bash","Bludgeon+1","Uppercut+1","Bludgeon+1","Searing Blow+4","conspire:ExplosiveBarrier","Corruption+1","Double Tap+1","Limit Break+1","ReplayTheSpireMod:Corrosion Curse","hubris:InfiniteBlow+429","hubris:Fate+1","Feed","Shrug It Off","Exhume+1","Hemogenesis+1","Madness","Madness","Dropkick+1","hubris:InfiniteBlow+429","conspire:HitWhereItHurts+1","Metallicize+1"],"relics":["Burning Blood","EVO:Axolotl","SuspiciousGoo","Calipers","hubris:TinFlute","Durian","Another Sword","DollysMirror","trackpad:GuardianSpirit","ClockworkSouvenir","halation:RedSoulGem","Pen Nib","Replay:Ringing Soul","halation:TwoAmDonut","hubris:Towel","Paper Frog","conspire:SpecialSausage","Snack Pack","halation:EternalFortune","vexMod:InvisibilityCloak","Letter Opener","Philosopher\u0027s Stone","Replay:Bottled Eggs","ReplayTheSpireMod:CursedCoin","Bottled Tornado","vexMod:FocusSash","Chemical X","hubris:Zylophone","paleoftheancients:Timepiece","paleoftheancients:KeyRelic","Bronze Scales","CultistMask","paleoftheancients:SoulOfTheThorton","hubris:NiceRug","Runic Cube","halation:LettersToHer","Whetstone","vexMod:PaidLearning","aspiration:StickyExplosives","trackpad:BiPhaseBiplane","paleoftheancients:SoulOfTheVixen","Simple Rune"],"acts_visited":["Exordium","TheCity","TheBeyond","TheBeyond"],"potions_floor_usage":[21,48,61],"damage_taken":[{"damage":12,"enemies":"Jaw Worm","floor":1,"turns":2},{"damage":0,"enemies":"Small Slimes","floor":3,"turns":1},{"damage":6,"enemies":"2 Louse","floor":4,"turns":2},{"damage":6,"enemies":"Gremlin Nob","floor":7,"turns":3},{"damage":7,"enemies":"Exordium Thugs","floor":8,"turns":4},{"damage":25,"enemies":"Lagavulin","floor":10,"turns":6},{"damage":25,"enemies":"3 Sentries","floor":12,"turns":7},{"damage":8,"enemies":"3 Louse","floor":14,"turns":3},{"damage":23,"enemies":"Slime Boss","floor":16,"turns":6},{"damage":0,"enemies":"Chosen","floor":18,"turns":2},{"damage":17,"enemies":"Spheric Guardian","floor":21,"turns":4},{"damage":14,"enemies":"Centurion and Healer","floor":22,"turns":2},{"damage":10,"enemies":"Gremlin Leader","floor":23,"turns":2},{"damage":0,"enemies":"hubris:Merchant","floor":27,"turns":1},{"damage":1,"enemies":"Chosen and Byrds","floor":30,"turns":3},{"damage":42,"enemies":"Cultist and Chosen","floor":31,"turns":5},{"damage":11,"enemies":"Automaton","floor":33,"turns":3},{"damage":7,"enemies":"Orb Walker","floor":35,"turns":2},{"damage":32,"enemies":"3 Darklings","floor":39,"turns":4},{"damage":54,"enemies":"Reptomancer","floor":41,"turns":3},{"damage":0,"enemies":"hubris:Merchant","floor":44,"turns":1},{"damage":0,"enemies":"Transient","floor":45,"turns":1},{"damage":0,"enemies":"Spire Growth","floor":46,"turns":1},{"damage":0,"enemies":"R_Hoarder","floor":47,"turns":2},{"damage":0,"enemies":"Jaw Worm Horde","floor":48,"turns":3},{"damage":0,"enemies":"Time Eater","floor":50,"turns":1},{"damage":0,"enemies":"hubris:GrandSnecko","floor":51,"turns":1},{"damage":152,"enemies":"hubris:GrandSnecko","floor":52,"turns":4},{"damage":8,"enemies":"hubris:GrandSnecko","floor":53,"turns":2},{"damage":0,"enemies":"paleoftheancients:Thorton3","floor":54,"turns":1},{"damage":0,"enemies":"hubris:Merchant","floor":55,"turns":2},{"damage":0,"enemies":"hubris:Merchant","floor":57,"turns":1},{"damage":209,"enemies":"paleoftheancients:N","floor":61,"turns":11}],"seed_played":"-658894615485514320","potions_obtained":[{"floor":12,"key":"blueLaboratory:BottledHope"},{"floor":16,"key":"blueLaboratory:FruitPunch"},{"floor":21,"key":"blueLaboratory:NullPotion"},{"floor":46,"key":"blueLaboratory:FruitPunch"},{"floor":54,"key":"Swift Potion"},{"floor":55,"key":"blueLaboratory:FruitPunch"}],"is_trial":false,"path_per_floor":["M","?","M","M","$","R","E","M","T","E","?","E","R","M","R","B",null,"M","AVR","?","M","M","E","?","?","T","$","?","R","M","M","R","B",null,"M","$","?","$","M","R","E","?","T","$","M","M","E","M","R","B","B","M","M","M","$","R","M","R","T","?","B",null],"character_chosen":"IRONCLAD","items_purchased":["Bludgeon","SuspiciousGoo","hubris:TinFlute","Uppercut","Another Sword","DollysMirror","trackpad:GuardianSpirit","ClockworkSouvenir","Exhume+1","Letter Opener","Replay:Bottled Eggs","ReplayTheSpireMod:CursedCoin","Chemical X"],"campfire_rested":0,"item_purchase_floors":[0,0,0,0,0,0,0,0,27,27,36,38,44],"current_hp_per_floor":[19,19,28,28,28,28,28,27,27,11,11,29,29,27,27,13,72,81,84,87,81,76,72,72,75,75,90,90,90,97,61,61,61,108,109,109,90,93,74,74,28,31,31,40,49,58,69,77,77,88,139,153,152,156,159,159,162,162,162,162,105],"gold":505,"neow_bonus":"","is_daily":false,"chose_seed":false,"campfire_upgraded":9,"win_rate":0.0,"timestamp":1609817425,"path_taken":["M","?","M","M","$","R","E","M","T","E","?","E","R","M","R","BOSS","M","AVR","?","M","M","E","?","?","T","?","?","R","?","M","R","BOSS","M","$","?","?","?","R","E","?","T","$","M","M","E","M","R","BOSS","BOSS","M","M","?","$","R","M","R","T","?","BOSS"],"items_purchased_type":["Card","Relic","Relic","Card","Relic","Relic","Relic","Relic","Card","Relic","Relic","Relic","Relic"],"build_version":"2020-12-22","purchased_purges":4,"victory":true,"max_hp_per_floor":[80,80,83,83,83,83,83,83,83,86,86,89,89,89,89,92,92,95,98,101,106,109,109,109,112,112,121,121,121,121,121,121,124,124,124,124,127,130,133,133,133,136,136,139,142,145,145,147,147,150,153,153,153,156,159,159,162,162,162,162,164],"relic_stats":{"counters":[289,1029],"Bronze Scales":[69],"Pen Nib":[14],"Letter Opener":[110],"Chemical X":[9],"Whetstone":["LessonLearned","FearNoEvil","Replay:SS_fish_3","FollowUp","hexamod:Strike","hexamod:RainOfEmbers","Hemogenesis","Strike_R"],"obtain_stats":[{"Replay:Accelerometer":9,"construct:FoamFinger":55,"trackpad:ByrdBGone":0,"trackpad:WondrousWand":61,"qcfpunch:Red_Beret":44,"hubris:MysteriousPyramids":23,"vexMod:RockOfEvil":52,"m_GuardianBlood":0,"Blood Vial":46,"vexMod:InvisibilityCloak":53,"trackpad:PocketGalaxy":0,"conspire:GlowingRock":33,"qcfpunch:Lotus_Statue":0,"Replay:Bottled Flurry":0,"trackpad:BottledAnger":0,"trackpad:CultistFigurine":0,"aspiration:DSix":0,"Runic Cube":26,"aspiration:StickyExplosives":55,"Blue Candle":0,"Pen Nib":53,"Akabeko":25,"infinitespire:EvilPickle":33,"qcfpunch:Broken_Tusk":50,"infinitespire:Lychee Nut":0,"aspiration:SilentSkillbook":17,"CultistMask":53,"conspire:BottledYoYo":9,"Unceasing Top":28,"vexMod:ImprovementManual":19,"hubris:Reverence":9,"Regal Pillow":0,"Torii":0,"Singing Bowl":26,"King of Hearts":0,"hubris:EmptyBottle":0,"Burning Blood":0,"conspire:InfiniteJournal":0,"hubris:Backtick":0,"vexMod:RedPlottingStone":11,"trackpad:StolenKidneys":17,"Chemical X":0,"Replay:Bottled Eggs":54,"aspiration:ChemicalBlood":56,"Potion Belt":0,"trackpad:GuardianSpirit":0,"Lee\u0027s Waffle":0,"hubris:64BitClover":4,"Golden Idol":5,"qcfpunch:Black_Training_Shirt":43,"vexMod:BerryBomb":7,"PreservedInsect":36,"aspiration:RandomNobGenerator":34,"infinitespire:Lucky Rock":52,"hubris:Towel":21,"halation:NonexistentMirror":59,"Ornamental Fan":38,"Durian":52,"Art of War":8,"paleoftheancients:SoulOfTheThorton":54,"halation:Trompette":0,"hubris:BottledRain":46,"infinitespire:Midas Blood":23,"Calipers":0,"Gremlin Horn":51,"conspire:RoyalGoblet":17,"halation:PurpleSoulGem":39,"hubris:VirtuousBlindfold":36,"qcfpunch:Unceasing_Flame":0,"Sozu":34,"Centennial Puzzle":13,"halation:PrussianBluePaint":9,"Honey Jar":34,"Philosopher\u0027s Stone":34,"qcfpunch:Handcuffs":0,"LugNut":13,"paleoftheancients:KeyRelic":51,"hubris:Teleporter":0,"hubris:DuctTape":14,"ReplayTheSpireMod:CursedCoin":38,"Replay:Grab Bag":52,"hubris:FruitBowl":28,"Charon\u0027s Ashes":38,"vexMod:PaidLearning":55,"halation:Thesaurus":0,"hubris:Zylophone":55,"OrangePellets":48,"paleoftheancients:SoulOfTheWokeBloke":55,"hubris:PeanutButter":36,"CosmicIsotope":52,"infinitespire:EmpoweringShard":59,"Mirror":43,"aspiration:TomeofQuesting":39,"vexMod:Spyglass":55,"PrismaticShard":30,"conspire:TopHat":25,"aspiration:StickyExplosives_weak":9,"HailfireSword":17,"Nunchaku":26,"hubris:Icosahedron":12,"Chameleon Ring":59,"MiniBlackHole":8,"qcfpunch:Necklace_of_Skulls":0,"trackpad:Compendium":0,"Red Mask":27,"halation:LettersToHer":30,"hubris:KleinBottle":31,"qcfpunch:Army_Boots":46,"Guide Book":4,"halation:IllGainedPizza":24,"Replay:WaspNest":30,"vexMod:FocusSash":30,"Odd Mushroom":13,"infinitespire:DarkRift":0,"vexMod:BarristanHead":55,"halation:EternalFortune":46,"infinitespire:Satchel":39,"aspiration:KaomsHeart":0,"Bag of Marbles":11,"Membership Card":27,"FossilizedHelix":45,"ReplayTheSpireMod:ShopPack":0,"Golden Egg":0,"vexMod:MemoryStick":46,"Ginger":46,"Whetstone":31,"Bottled Tornado":41,"Boot":0,"aspiration:RitualStick":20,"halation:HeavySnake":34,"halation:RedSoulGem":2,"Replay:Ringing Soul":0,"trackpad:AdjectivePendant":38,"Replay:Wax Seal":53,"hubris:TinFlute":0,"Pear":43,"construct:RocketBooster":47,"hubris:SphereOfDissonance":29,"SpikesRelics:SneckoPlush":59,"qcfpunch:Duffel_Bag":46,"SlaversCollar":35,"qcfpunch:School_Backpack":6,"Ooze Armor":17,"halation:Jellyphish":27,"trackpad:BottledShadow":26,"hubris:TenFootPole":0,"Kintsugi":52,"infinitespire:PuzzleCube":43,"halation:BlackBeret":0,"WizardHat":0,"Lantern":28,"aspiration:Lifesprig":43,"halation:Sosunser":38,"Magic Flower":41,"Blue Doll":55,"Rawhide":0,"StoneCalendar":0,"RoseTintedShades":24,"Bag of Preparation":28,"HeavenlyBonsai":0,"Cursed Key":17,"Replay:Rubber Ducky":7,"Matryoshka":0,"Replay:M_SmolderingBlood":2,"WingedGreaves":0,"hubris:ChampionShield":7,"BicycleWheel":55,"Paper Frog":0,"construct:ClawGrip":17,"infinitespire:Joker Card":0,"Omamori":6,"paleoftheancients:SoulOfTheVixen":57,"infinitespire:CheckeredPen":44,"Busted Crown":34,"Turnip":30,"halation:AfternoonTea":6,"Champion Belt":55,"halation:TwoAmDonut":40,"ReplayTheSpireMod:Lightbulb":55,"Toy Ornithopter":44,"CeramicFish":26,"Vajra":0,"halation:Prosthetics":17,"conspire:SeveredTorchhead":34,"HornCleat":57,"DollysMirror":46,"qcfpunch:Red_Gi":45,"conspire:DecoderRing":7,"halation:VictoryRuler":28,"trackpad:WritersBlock":9,"vexMod:RetaliationKit":0,"trackpad:BiPhaseBiplane":55,"conspire:Dentures":41,"Happy Flower":46,"vexMod:ScavengeHelm":44,"trackpad:SappingStone":29,"aspiration:Nostalgia":0,"Dead Branch":0,"infinitespire:Beetle Shell":9,"Letter Opener":6,"BlackRope":0,"Replay:Kaleidoscope":0,"War Paint":51,"paleoftheancients:Timepiece":51,"Shuriken":7,"Brimstone":38,"Bronze Scales":51,"Simple Rune":0,"Molten Egg 2":0,"Black Star":41,"trackpad:StainlessSteel":61,"paleoftheancients:SoulOfTheCollector":52,"Meat on the Bone":51,"paleoftheancients:SoulOfTheIroncluck":52,"ReplayFunnel":3,"Snecko Heart":57,"qcfpunch:Not_Strongest_Fighting_Style_Guidebook":6,"Mango":40,"trackpad:PetRock":59,"conspire:SpecialSausage":17,"ClockworkSouvenir":38,"Replay:Bandana":46,"Mummified Hand":0,"Gambling Chip":0,"Pantograph":0,"qcfpunch:Wrestler\u0027s_Cloak":42,"Red Skull":11,"hubris:DisguiseKit":41,"BargainBundle":0,"ReplayTheSpireMod:Ninjato":11,"trackpad:HandOfMidas":24,"Replay:Towering Pillar of Hats":0,"infinitespire:CursedDice":0,"vexMod:ConsolationPrize":28,"SuspiciousGoo":0,"Anchor":0,"infinitespire:WardingShard":41,"Ring of Fury":54,"Another Sword":0,"qcfpunch:Red_Headband":28,"Coffee Dripper":17,"Snack Pack":23,"PureWater":0,"TungstenRod":27,"hubris:Potato":50,"hubris:NiceRug":59},{"Replay:Accelerometer":84,"construct:FoamFinger":137,"trackpad:ByrdBGone":229,"trackpad:WondrousWand":78,"qcfpunch:Red_Beret":25,"hubris:MysteriousPyramids":208,"vexMod:RockOfEvil":166,"m_GuardianBlood":196,"Blood Vial":100,"vexMod:InvisibilityCloak":76,"trackpad:PocketGalaxy":79,"conspire:GlowingRock":67,"qcfpunch:Lotus_Statue":79,"Replay:Bottled Flurry":108,"trackpad:BottledAnger":196,"trackpad:CultistFigurine":31,"aspiration:DSix":139,"Runic Cube":65,"aspiration:StickyExplosives":287,"Blue Candle":108,"Pen Nib":29,"Akabeko":209,"infinitespire:EvilPickle":68,"qcfpunch:Broken_Tusk":73,"infinitespire:Lychee Nut":229,"aspiration:SilentSkillbook":87,"CultistMask":104,"conspire:BottledYoYo":40,"Unceasing Top":122,"vexMod:ImprovementManual":176,"hubris:Reverence":143,"Regal Pillow":31,"Torii":166,"Singing Bowl":179,"King of Hearts":5,"hubris:EmptyBottle":229,"Burning Blood":0,"conspire:InfiniteJournal":79,"hubris:Backtick":79,"vexMod:RedPlottingStone":172,"trackpad:StolenKidneys":61,"Chemical X":79,"Replay:Bottled Eggs":194,"aspiration:ChemicalBlood":106,"Potion Belt":79,"trackpad:GuardianSpirit":256,"Lee\u0027s Waffle":108,"hubris:64BitClover":38,"Golden Idol":48,"qcfpunch:Black_Training_Shirt":188,"vexMod:BerryBomb":142,"PreservedInsect":158,"aspiration:RandomNobGenerator":19,"infinitespire:Lucky Rock":76,"hubris:Towel":149,"halation:NonexistentMirror":255,"Ornamental Fan":96,"Durian":75,"Art of War":84,"paleoftheancients:SoulOfTheThorton":286,"halation:Trompette":79,"hubris:BottledRain":163,"infinitespire:Midas Blood":178,"Calipers":256,"Gremlin Horn":75,"conspire:RoyalGoblet":147,"halation:PurpleSoulGem":96,"hubris:VirtuousBlindfold":95,"qcfpunch:Unceasing_Flame":79,"Sozu":157,"Centennial Puzzle":51,"halation:PrussianBluePaint":8,"Honey Jar":183,"Philosopher\u0027s Stone":273,"qcfpunch:Handcuffs":166,"LugNut":11,"paleoftheancients:KeyRelic":75,"hubris:Teleporter":229,"hubris:DuctTape":237,"ReplayTheSpireMod:CursedCoin":274,"Replay:Grab Bag":166,"hubris:FruitBowl":122,"Charon\u0027s Ashes":96,"vexMod:PaidLearning":77,"halation:Thesaurus":79,"hubris:Zylophone":77,"OrangePellets":100,"paleoftheancients:SoulOfTheWokeBloke":106,"hubris:PeanutButter":69,"CosmicIsotope":166,"infinitespire:EmpoweringShard":228,"Mirror":217,"aspiration:TomeofQuesting":69,"vexMod:Spyglass":77,"PrismaticShard":93,"conspire:TopHat":92,"aspiration:StickyExplosives_weak":57,"HailfireSword":238,"Nunchaku":242,"hubris:Icosahedron":114,"Chameleon Ring":138,"MiniBlackHole":200,"qcfpunch:Necklace_of_Skulls":139,"trackpad:Compendium":31,"Red Mask":122,"halation:LettersToHer":181,"hubris:KleinBottle":18,"qcfpunch:Army_Boots":72,"Guide Book":47,"halation:IllGainedPizza":16,"Replay:WaspNest":181,"vexMod:FocusSash":181,"Odd Mushroom":44,"infinitespire:DarkRift":79,"vexMod:BarristanHead":77,"halation:EternalFortune":25,"infinitespire:Satchel":160,"aspiration:KaomsHeart":166,"Bag of Marbles":49,"Membership Card":65,"FossilizedHelix":72,"ReplayTheSpireMod:ShopPack":31,"Golden Egg":5,"vexMod:MemoryStick":220,"Ginger":133,"Whetstone":156,"Bottled Tornado":276,"Boot":108,"aspiration:RitualStick":14,"halation:HeavySnake":246,"halation:RedSoulGem":257,"Replay:Ringing Soul":108,"trackpad:AdjectivePendant":96,"Replay:Wax Seal":29,"hubris:TinFlute":256,"Pear":71,"construct:RocketBooster":72,"hubris:SphereOfDissonance":67,"SpikesRelics:SneckoPlush":228,"qcfpunch:Duffel_Bag":72,"SlaversCollar":68,"qcfpunch:School_Backpack":113,"Ooze Armor":205,"halation:Jellyphish":65,"trackpad:BottledShadow":16,"hubris:TenFootPole":79,"Kintsugi":166,"infinitespire:PuzzleCube":24,"halation:BlackBeret":31,"WizardHat":229,"Lantern":122,"aspiration:Lifesprig":131,"halation:Sosunser":96,"Magic Flower":248,"Blue Doll":31,"Rawhide":79,"StoneCalendar":196,"RoseTintedShades":241,"Bag of Preparation":122,"HeavenlyBonsai":166,"Cursed Key":116,"Replay:Rubber Ducky":234,"Matryoshka":31,"Replay:M_SmolderingBlood":47,"WingedGreaves":196,"hubris:ChampionShield":199,"BicycleWheel":77,"Paper Frog":108,"construct:ClawGrip":175,"infinitespire:Joker Card":196,"Omamori":39,"paleoftheancients:SoulOfTheVixen":288,"infinitespire:CheckeredPen":99,"Busted Crown":68,"Turnip":18,"halation:AfternoonTea":83,"Champion Belt":194,"halation:TwoAmDonut":216,"ReplayTheSpireMod:Lightbulb":77,"Toy Ornithopter":218,"CeramicFish":121,"Vajra":45,"halation:Prosthetics":12,"conspire:SeveredTorchhead":125,"HornCleat":106,"DollysMirror":72,"qcfpunch:Red_Gi":99,"conspire:DecoderRing":199,"halation:VictoryRuler":17,"trackpad:WritersBlock":48,"vexMod:RetaliationKit":229,"trackpad:BiPhaseBiplane":287,"conspire:Dentures":216,"Happy Flower":72,"vexMod:ScavengeHelm":132,"trackpad:SappingStone":154,"aspiration:Nostalgia":196,"Dead Branch":79,"infinitespire:Beetle Shell":200,"Letter Opener":35,"BlackRope":79,"Replay:Kaleidoscope":139,"War Paint":74,"paleoftheancients:Timepiece":75,"Shuriken":8,"Brimstone":214,"Bronze Scales":283,"Simple Rune":139,"Molten Egg 2":166,"Black Star":70,"trackpad:StainlessSteel":107,"paleoftheancients:SoulOfTheCollector":193,"Meat on the Bone":75,"paleoftheancients:SoulOfTheIroncluck":136,"ReplayFunnel":197,"Snecko Heart":77,"qcfpunch:Not_Strongest_Fighting_Style_Guidebook":56,"Mango":216,"trackpad:PetRock":255,"conspire:SpecialSausage":265,"ClockworkSouvenir":96,"Replay:Bandana":220,"Mummified Hand":79,"Gambling Chip":139,"Pantograph":196,"qcfpunch:Wrestler\u0027s_Cloak":188,"Red Skull":58,"hubris:DisguiseKit":23,"BargainBundle":5,"ReplayTheSpireMod:Ninjato":42,"trackpad:HandOfMidas":65,"Replay:Towering Pillar of Hats":229,"infinitespire:CursedDice":108,"vexMod:ConsolationPrize":66,"SuspiciousGoo":256,"Anchor":196,"infinitespire:WardingShard":71,"Ring of Fury":226,"Another Sword":256,"qcfpunch:Red_Headband":92,"Coffee Dripper":175,"Snack Pack":269,"PureWater":0,"TungstenRod":65,"hubris:Potato":102,"hubris:NiceRug":228},{"Replay:Accelerometer":310,"construct:FoamFinger":472,"trackpad:ByrdBGone":825,"trackpad:WondrousWand":299,"qcfpunch:Red_Beret":126,"hubris:MysteriousPyramids":780,"vexMod:RockOfEvil":634,"m_GuardianBlood":740,"Blood Vial":348,"vexMod:InvisibilityCloak":296,"trackpad:PocketGalaxy":301,"conspire:GlowingRock":271,"qcfpunch:Lotus_Statue":301,"Replay:Bottled Flurry":360,"trackpad:BottledAnger":740,"trackpad:CultistFigurine":141,"aspiration:DSix":485,"Runic Cube":268,"aspiration:StickyExplosives":1017,"Blue Candle":360,"Pen Nib":135,"Akabeko":781,"infinitespire:EvilPickle":274,"qcfpunch:Broken_Tusk":286,"infinitespire:Lychee Nut":825,"aspiration:SilentSkillbook":315,"CultistMask":354,"conspire:BottledYoYo":177,"Unceasing Top":423,"vexMod:ImprovementManual":665,"hubris:Reverence":504,"Regal Pillow":141,"Torii":634,"Singing Bowl":674,"King of Hearts":12,"hubris:EmptyBottle":825,"Burning Blood":0,"conspire:InfiniteJournal":301,"hubris:Backtick":301,"vexMod:RedPlottingStone":651,"trackpad:StolenKidneys":255,"Chemical X":301,"Replay:Bottled Eggs":728,"aspiration:ChemicalBlood":357,"Potion Belt":301,"trackpad:GuardianSpirit":933,"Lee\u0027s Waffle":360,"hubris:64BitClover":166,"Golden Idol":201,"qcfpunch:Black_Training_Shirt":706,"vexMod:BerryBomb":500,"PreservedInsect":591,"aspiration:RandomNobGenerator":101,"infinitespire:Lucky Rock":296,"hubris:Towel":535,"halation:NonexistentMirror":922,"Ornamental Fan":338,"Durian":292,"Art of War":310,"paleoftheancients:SoulOfTheThorton":1015,"halation:Trompette":301,"hubris:BottledRain":624,"infinitespire:Midas Blood":671,"Calipers":933,"Gremlin Horn":292,"conspire:RoyalGoblet":525,"halation:PurpleSoulGem":338,"hubris:VirtuousBlindfold":337,"qcfpunch:Unceasing_Flame":301,"Sozu":587,"Centennial Puzzle":216,"halation:PrussianBluePaint":25,"Honey Jar":691,"Philosopher\u0027s Stone":989,"qcfpunch:Handcuffs":634,"LugNut":37,"paleoftheancients:KeyRelic":292,"hubris:Teleporter":825,"hubris:DuctTape":850,"ReplayTheSpireMod:CursedCoin":991,"Replay:Grab Bag":634,"hubris:FruitBowl":423,"Charon\u0027s Ashes":338,"vexMod:PaidLearning":297,"halation:Thesaurus":301,"hubris:Zylophone":297,"OrangePellets":348,"paleoftheancients:SoulOfTheWokeBloke":357,"hubris:PeanutButter":276,"CosmicIsotope":634,"infinitespire:EmpoweringShard":823,"Mirror":797,"aspiration:TomeofQuesting":276,"vexMod:Spyglass":297,"PrismaticShard":332,"conspire:TopHat":330,"aspiration:StickyExplosives_weak":237,"HailfireSword":856,"Nunchaku":868,"hubris:Icosahedron":378,"Chameleon Ring":476,"MiniBlackHole":756,"qcfpunch:Necklace_of_Skulls":485,"trackpad:Compendium":141,"Red Mask":423,"halation:LettersToHer":680,"hubris:KleinBottle":89,"qcfpunch:Army_Boots":283,"Guide Book":200,"halation:IllGainedPizza":72,"Replay:WaspNest":680,"vexMod:FocusSash":680,"Odd Mushroom":193,"infinitespire:DarkRift":301,"vexMod:BarristanHead":297,"halation:EternalFortune":126,"infinitespire:Satchel":603,"aspiration:KaomsHeart":634,"Bag of Marbles":209,"Membership Card":268,"FossilizedHelix":283,"ReplayTheSpireMod:ShopPack":141,"Golden Egg":12,"vexMod:MemoryStick":800,"Ginger":455,"Whetstone":576,"Bottled Tornado":998,"Boot":360,"aspiration:RitualStick":61,"halation:HeavySnake":884,"halation:RedSoulGem":935,"Replay:Ringing Soul":360,"trackpad:AdjectivePendant":338,"Replay:Wax Seal":135,"hubris:TinFlute":933,"Pear":280,"construct:RocketBooster":283,"hubris:SphereOfDissonance":271,"SpikesRelics:SneckoPlush":823,"qcfpunch:Duffel_Bag":283,"SlaversCollar":274,"qcfpunch:School_Backpack":376,"Ooze Armor":774,"halation:Jellyphish":268,"trackpad:BottledShadow":72,"hubris:TenFootPole":301,"Kintsugi":634,"infinitespire:PuzzleCube":117,"halation:BlackBeret":141,"WizardHat":825,"Lantern":423,"aspiration:Lifesprig":447,"halation:Sosunser":338,"Magic Flower":892,"Blue Doll":141,"Rawhide":301,"StoneCalendar":740,"RoseTintedShades":865,"Bag of Preparation":423,"HeavenlyBonsai":634,"Cursed Key":397,"Replay:Rubber Ducky":843,"Matryoshka":141,"Replay:M_SmolderingBlood":200,"WingedGreaves":740,"hubris:ChampionShield":753,"BicycleWheel":297,"Paper Frog":360,"construct:ClawGrip":663,"infinitespire:Joker Card":740,"Omamori":170,"paleoftheancients:SoulOfTheVixen":1018,"infinitespire:CheckeredPen":345,"Busted Crown":274,"Turnip":89,"halation:AfternoonTea":307,"Champion Belt":728,"halation:TwoAmDonut":796,"ReplayTheSpireMod:Lightbulb":297,"Toy Ornithopter":798,"CeramicFish":419,"Vajra":194,"halation:Prosthetics":51,"conspire:SeveredTorchhead":432,"HornCleat":357,"DollysMirror":283,"qcfpunch:Red_Gi":345,"conspire:DecoderRing":753,"halation:VictoryRuler":82,"trackpad:WritersBlock":201,"vexMod:RetaliationKit":825,"trackpad:BiPhaseBiplane":1017,"conspire:Dentures":796,"Happy Flower":283,"vexMod:ScavengeHelm":450,"trackpad:SappingStone":563,"aspiration:Nostalgia":740,"Dead Branch":301,"infinitespire:Beetle Shell":756,"Letter Opener":158,"BlackRope":301,"Replay:Kaleidoscope":485,"War Paint":289,"paleoftheancients:Timepiece":292,"Shuriken":25,"Brimstone":790,"Bronze Scales":1008,"Simple Rune":485,"Molten Egg 2":634,"Black Star":277,"trackpad:StainlessSteel":358,"paleoftheancients:SoulOfTheCollector":726,"Meat on the Bone":292,"paleoftheancients:SoulOfTheIroncluck":468,"ReplayFunnel":745,"Snecko Heart":297,"qcfpunch:Not_Strongest_Fighting_Style_Guidebook":234,"Mango":796,"trackpad:PetRock":922,"conspire:SpecialSausage":967,"ClockworkSouvenir":338,"Replay:Bandana":800,"Mummified Hand":301,"Gambling Chip":485,"Pantograph":740,"qcfpunch:Wrestler\u0027s_Cloak":706,"Red Skull":241,"hubris:DisguiseKit":115,"BargainBundle":12,"ReplayTheSpireMod:Ninjato":186,"trackpad:HandOfMidas":268,"Replay:Towering Pillar of Hats":825,"infinitespire:CursedDice":360,"vexMod:ConsolationPrize":269,"SuspiciousGoo":933,"Anchor":740,"infinitespire:WardingShard":280,"Ring of Fury":819,"Another Sword":933,"qcfpunch:Red_Headband":330,"Coffee Dripper":663,"Snack Pack":977,"PureWater":0,"TungstenRod":268,"hubris:Potato":350,"hubris:NiceRug":823}],"Burning Blood":986,"Runic Cube":[14]},"card_choices":[{"not_picked":["Thunderclap","Cleave","Reckless Charge"],"picked":"SKIP","floor":1},{"not_picked":["Clash","Replay:Undeath\u0027s Touch","Anger"],"picked":"SKIP","floor":3},{"not_picked":["Cleave","Headbutt","conspire:ExplosiveBarrier"],"picked":"SKIP","floor":4},{"not_picked":["Flex","Juggernaut"],"picked":"Searing Blow","floor":7},{"not_picked":["Defy Death","Anger"],"picked":"conspire:ExplosiveBarrier","floor":8},{"not_picked":["Invigoration","Second Wind"],"picked":"Corruption","floor":10},{"not_picked":["Anger","Berserk"],"picked":"Double Tap","floor":12},{"not_picked":["hubris:ReadiedAction","ReplayTheSpireMod:Muscle Training","ReplayTheSpireMod:Strike From Hell"],"picked":"SKIP","floor":14},{"not_picked":["Corruption","Immolate"],"picked":"Limit Break","floor":16},{"not_picked":["hubris:ReadiedAction","Wild Strike"],"picked":"ReplayTheSpireMod:Corrosion Curse","floor":18},{"not_picked":["Burning Pact","Flex"],"picked":"Feed","floor":21},{"not_picked":["Havoc+1","Warcry+1"],"picked":"Shrug It Off","floor":22},{"not_picked":["Headbutt","Flex","Reckless Charge"],"picked":"SKIP","floor":23},{"not_picked":["Iron Wave","Spot Weakness","Clash"],"picked":"SKIP","floor":30},{"not_picked":["Body Slam","Evolve","Hemokinesis"],"picked":"SKIP","floor":31},{"not_picked":["Juggernaut","Demonic Infusion"],"picked":"Hemogenesis","floor":33},{"not_picked":["Anger+1","Shrug It Off+1","ReplayTheSpireMod:Strike From Hell"],"picked":"SKIP","floor":35},{"not_picked":["ReplayTheSpireMod:LeadingStrike","Defy Death"],"picked":"Dropkick+1","floor":39},{"not_picked":["Shrug It Off","Wild Strike+1","Rage"],"picked":"SKIP","floor":41},{"not_picked":["Flex","Wild Strike+1","Clash"],"picked":"SKIP","floor":45},{"not_picked":["Twin Strike+1","Run Through","Defy Death"],"picked":"SKIP","floor":46},{"not_picked":["Ghostly Armor+1","Havoc","Invigoration"],"picked":"SKIP","floor":47},{"not_picked":["Flex","Dual Wield","Twin Strike"],"picked":"SKIP","floor":48},{"not_picked":["Run Through","Second Wind","Body Slam+1"],"picked":"SKIP","floor":52},{"not_picked":["Dual Wield","Thunderclap","Searing Blow"],"picked":"SKIP","floor":53},{"not_picked":["Rage","Pummel+1","Thunderclap"],"picked":"SKIP","floor":54},{"not_picked":[],"picked":"conspire:HitWhereItHurts+1","floor":55},{"not_picked":[],"picked":"Metallicize","floor":55},{"not_picked":["Sword Boomerang"],"picked":"SKIP","floor":55},{"not_picked":["Warcry"],"picked":"SKIP","floor":55},{"not_picked":["Dual Wield"],"picked":"SKIP","floor":55},{"not_picked":["Good Instincts"],"picked":"SKIP","floor":55},{"not_picked":["HandOfGreed"],"picked":"SKIP","floor":55},{"not_picked":["Flex","Wild Strike","ReplayReversal"],"picked":"SKIP","floor":57}],"player_experience":849000,"relics_obtained":[{"floor":7,"key":"Pen Nib"},{"floor":9,"key":"Replay:Ringing Soul"},{"floor":10,"key":"halation:TwoAmDonut"},{"floor":12,"key":"Paper Frog"},{"floor":23,"key":"Snack Pack"},{"floor":26,"key":"vexMod:InvisibilityCloak"},{"floor":27,"key":"halation:EternalFortune"},{"floor":41,"key":"Bottled Tornado"},{"floor":43,"key":"vexMod:FocusSash"},{"floor":47,"key":"hubris:Zylophone"},{"floor":54,"key":"paleoftheancients:SoulOfTheThorton"},{"floor":55,"key":"Runic Cube"},{"floor":55,"key":"halation:LettersToHer"},{"floor":55,"key":"Whetstone"},{"floor":55,"key":"vexMod:PaidLearning"},{"floor":55,"key":"aspiration:StickyExplosives"},{"floor":55,"key":"trackpad:BiPhaseBiplane"},{"floor":57,"key":"paleoftheancients:SoulOfTheVixen"},{"floor":59,"key":"halation:LettersToHer"},{"floor":59,"key":"Simple Rune"}],"event_choices":[{"cards_removed":["hubris:Fate"],"damage_healed":0,"gold_gain":0,"player_choice":"Take \u0026 Give","damage_taken":0,"max_hp_gain":0,"max_hp_loss":0,"event_name":"betterNote:BetterNote","floor":20,"gold_loss":0,"cards_obtained":["hubris:Fate"]},{"damage_healed":0,"gold_gain":50,"player_choice":"Pray","damage_taken":0,"max_hp_gain":0,"max_hp_loss":0,"event_name":"Golden Shrine","floor":28,"gold_loss":0},{"damage_healed":0,"gold_gain":0,"player_choice":"Embrace Madness","damage_taken":22,"max_hp_gain":0,"max_hp_loss":0,"event_name":"Winding Halls","floor":37,"gold_loss":0,"cards_obtained":["Madness","Madness"]},{"damage_healed":0,"gold_gain":0,"player_choice":"Copied","damage_taken":0,"max_hp_gain":0,"max_hp_loss":0,"event_name":"Duplicator","floor":42,"gold_loss":0,"cards_obtained":["hubris:InfiniteBlow"]}],"is_beta":false,"boss_relics":[{"not_picked":["vexMod:NewClearReactor","Runic Pyramid"],"picked":"conspire:SpecialSausage"},{"not_picked":["halation:LoveArrow","halation:Yufonium"],"picked":"Philosopher\u0027s Stone"}],"items_purged_floors":[0,0,5,38],"is_endless":false,"potions_floor_spawned":[3,7,12,14,16,21,30,35,45,46,54],"ascension_level":20}}