{"host":"a9vnnms65xyhpnqu","time":1609835850,"event":{"mods":["Bard","BaseMod","Colored Map","Colored Powertips","DeckTracker","Highlight Path","Minty Spire (QoL Compilation)","StSLib","The Bladedancer","The Cursed","The Elementalist","The Forsaken","The Necromancer","The Runesmith","The Servant 0.9.4","TheArtist","slay the spire mod where everything is the same but ironclad has a cowboy hat"],"gold_per_floor":[112,187,187,10,20,54,54,72,72,4,4,4,4,21,21,116,116,129,129,129,141,141,171,197,197,220,220,235,254,270,38,38,139,189,207,280,280,280,280,280,11,11,11],"floor_reached":42,"playtime":1209,"items_purged":[],"score":460,"play_id":"d6e500bb-7bc5-4fd5-9dbf-56bd81184b5b","local_time":"20210105003730","is_ascension_mode":false,"campfire_choices":[{"floor":7,"key":"REST"},{"data":"Summon_Undead_Army","floor":12,"key":"SMITH"},{"data":"Negative_Energy_Arrows","floor":15,"key":"SMITH"},{"floor":25,"key":"REST"},{"data":"Grasp_Heart","floor":27,"key":"SMITH"},{"data":"Summon_Undead_Army","floor":32,"key":"SMITH"},{"floor":40,"key":"REST"}],"circlet_count":0,"master_deck":["Strike_W","Strike_W","Strike_W","Strike_W","Defend_W","Defend_W","Defend_W","Negative_Energy_Arrows+1","Bone_Wall","Plague_Bolt","Blood_Curse","Stop_Heart","Summon_Undead_Army+1","Summon_Undead+1","Siphon_Strength+1","Summon_Undead_Army+1","Spectral_Armor+1","Grasp_Heart+1","Bone_Bullets+1","Necronomicurse","Negative_Energy_Javelin","Exploit+1","Negative_Energy_Javelin+1","Negative_Energy_Burst+1","Acid_Javelin","Spectral_Armor+1","Summon_Undead_Army+1","Life_Tap+1","Necrotic_Claws","Summon_Death_Knight","Summon_Undead_Army","Bone_Armor+1","Summon_Lich","Bone_Bullets"],"relics":["Vampire_Amulet","Tiny Chest","Toxic Egg 2","Bottled Tornado","InkBottle","Velvet Choker","Necronomicon","Potion Belt","Boot","Blood Vial","Tiny House","Gremlin Horn","Bronze Scales"],"acts_visited":["Exordium","TheCity","TheBeyond"],"potions_floor_usage":[],"damage_taken":[{"damage":0,"enemies":"Small Slimes","floor":1,"turns":3},{"damage":10,"enemies":"Jaw Worm","floor":5,"turns":3},{"damage":28,"enemies":"Gremlin Nob","floor":6,"turns":5},{"damage":4,"enemies":"Cultist","floor":8,"turns":3},{"damage":6,"enemies":"Exordium Thugs","floor":14,"turns":3},{"damage":24,"enemies":"The Guardian","floor":16,"turns":8},{"damage":22,"enemies":"2 Thieves","floor":18,"turns":3},{"damage":0,"enemies":"3 Byrds","floor":21,"turns":3},{"damage":29,"enemies":"Slavers","floor":23,"turns":5},{"damage":10,"enemies":"Sentry and Sphere","floor":28,"turns":3},{"damage":10,"enemies":"Centurion and Healer","floor":29,"turns":3},{"damage":0,"enemies":"3 Cultists","floor":30,"turns":3},{"damage":41,"enemies":"Automaton","floor":33,"turns":7},{"damage":47,"enemies":"3 Darklings","floor":35,"turns":4},{"damage":65,"enemies":"Reptomancer","floor":42,"turns":2}],"seed_played":"-8653284199411118502","potions_obtained":[{"floor":5,"key":"Dexterity Potion"},{"floor":8,"key":"Block Potion"},{"floor":14,"key":"FearPotion"},{"floor":18,"key":"AttackPotion"},{"floor":29,"key":"Block Potion"},{"floor":33,"key":"EntropicBrew"},{"floor":34,"key":"Energy Potion"}],"is_trial":false,"path_per_floor":["M","?","?","$","M","E","R","M","T","$","?","R","T","M","R","B",null,"M","?","?","M","?","E","T","R","T","R","M","M","M","$","R","B",null,"M","T","?","?","?","R","$","E"],"character_chosen":"NECROMANCER","items_purchased":["Tiny Chest","Stop_Heart","Summon_Undead_Army","Summon_Undead_Army","Life_Tap+1","Necrotic_Claws","Bronze Scales","Summon_Lich","Bone_Bullets"],"campfire_rested":3,"item_purchase_floors":[4,4,10,31,31,31,41,41,41],"current_hp_per_floor":[75,64,64,64,56,30,52,56,56,56,56,56,56,54,54,32,75,63,63,47,53,53,30,30,52,52,52,48,47,55,55,55,22,80,35,35,35,35,35,59,59,0,0],"gold":11,"neow_bonus":"THREE_CARDS","is_daily":false,"chose_seed":false,"campfire_upgraded":4,"win_rate":0.0,"timestamp":1609835850,"path_taken":["M","?","?","$","?","E","R","M","T","?","?","R","?","M","R","BOSS","M","?","?","M","?","E","?","R","T","R","?","?","M","?","R","BOSS","M","?","?","?","?","R","$","E"],"items_purchased_type":["Relic","Card","Card","Card","Card","Card","Relic","Card","Card"],"build_version":"2020-12-22","purchased_purges":0,"victory":false,"max_hp_per_floor":[75,75,75,75,75,75,75,75,75,75,75,75,75,75,75,75,75,75,75,75,75,75,75,75,75,75,75,75,75,75,75,75,75,80,80,80,80,80,80,80,80,80,80],"card_choices":[{"not_picked":["Death_Coil","Strike_from_Beyond"],"picked":"Plague_Bolt","floor":0},{"not_picked":["Vampiric_Strike","Shade_Step"],"picked":"Blood_Curse","floor":1},{"not_picked":["Death_March_Dance","Blood_Is_Power"],"picked":"Summon_Undead_Army","floor":5},{"not_picked":["Slay_Living","Shackles_Of_Pain+1"],"picked":"Summon_Undead+1","floor":6},{"not_picked":["Chill_Blood+1","Detonate_Bones"],"picked":"Siphon_Strength+1","floor":8},{"not_picked":["Death_Coil","Bone_Armor+1"],"picked":"Spectral_Armor+1","floor":14},{"not_picked":["Blood_Wake","Detonate_Bones"],"picked":"Grasp_Heart","floor":16},{"not_picked":["Violent_Necrosis+1","Blood_Whip"],"picked":"Bone_Bullets+1","floor":18},{"not_picked":["Death_Coil","Siphon_Strength+1"],"picked":"Negative_Energy_Javelin","floor":21},{"not_picked":["Scare+1","Blood_Magic"],"picked":"Negative_Energy_Javelin+1","floor":23},{"not_picked":["Death_Coil","Negative_Energy_Sphere"],"picked":"Negative_Energy_Burst+1","floor":28},{"not_picked":["Negative_Energy_Shield+1","Uncharnel+1"],"picked":"Acid_Javelin","floor":29},{"not_picked":["Whirlwind_of_Bones","Vampiric_Strike"],"picked":"Spectral_Armor+1","floor":30},{"not_picked":["Cloudkill+1","Summon_Vampire_Lady"],"picked":"Summon_Death_Knight","floor":33},{"not_picked":["Shackles_Of_Pain+1","Vampiric_Strike"],"picked":"Summon_Undead_Army","floor":34},{"not_picked":["Death_March_Dance+1","Negative_Energy_Sphere"],"picked":"Bone_Armor+1","floor":35}],"player_experience":54178,"relics_obtained":[{"floor":6,"key":"Toxic Egg 2"},{"floor":9,"key":"Bottled Tornado"},{"floor":13,"key":"InkBottle"},{"floor":20,"key":"Necronomicon"},{"floor":23,"key":"Potion Belt"},{"floor":24,"key":"Boot"},{"floor":26,"key":"Blood Vial"},{"floor":36,"key":"Gremlin Horn"}],"event_choices":[{"damage_healed":0,"gold_gain":75,"player_choice":"Gather Gold","damage_taken":11,"max_hp_gain":0,"max_hp_loss":0,"event_name":"World of Goop","floor":2,"gold_loss":0},{"damage_healed":0,"gold_gain":0,"player_choice":"Ignored","damage_taken":0,"max_hp_gain":0,"max_hp_loss":0,"event_name":"Transmorgrifier","floor":3,"gold_loss":0},{"damage_healed":0,"gold_gain":0,"player_choice":"Upgraded","damage_taken":0,"max_hp_gain":0,"max_hp_loss":0,"event_name":"Upgrade Shrine","floor":11,"gold_loss":0,"cards_upgraded":["Summon_Undead_Army"]},{"damage_healed":0,"gold_gain":0,"player_choice":"Obtained Book","damage_taken":16,"max_hp_gain":0,"max_hp_loss":0,"event_name":"Cursed Tome","floor":20,"gold_loss":0},{"damage_healed":0,"gold_gain":0,"player_choice":"1 cards matched","damage_taken":0,"max_hp_gain":0,"max_hp_loss":0,"event_name":"Match and Keep!","floor":22,"gold_loss":0,"cards_obtained":["Exploit"]},{"damage_healed":0,"gold_gain":0,"player_choice":"Ignored","damage_taken":0,"max_hp_gain":0,"max_hp_loss":0,"event_name":"Mysterious Sphere","floor":37,"gold_loss":0},{"cards_removed":["Defend_W"],"damage_healed":0,"gold_gain":0,"player_choice":"Removed Skill","damage_taken":0,"max_hp_gain":0,"max_hp_loss":0,"event_name":"Falling","floor":38,"gold_loss":0},{"damage_healed":0,"gold_gain":0,"player_choice":"Ignored","damage_taken":0,"max_hp_gain":0,"max_hp_loss":0,"event_name":"Purifier","floor":39,"gold_loss":0}],"is_beta":false,"boss_relics":[{"not_picked":["Busted Crown","Cursed Key"],"picked":"Velvet Choker"},{"not_picked":["Runic Dome","Runesmith:UraniumAnvil"],"picked":"Tiny House"}],"items_purged_floors":[],"is_endless":false,"potions_floor_spawned":[5,8,14,18,21,29,33],"killed_by":"Reptomancer","ascension_level":0}}