{"host":"ig7tc0uedzltt2sr","time":1609828950,"event":{"mods":["BaseMod","Better Twitch Integration","Block Reminder","Colored Map","Colored Powertips","Communication Mod","Current Relic Mod","GifTheSpireLib","HexUI Lib","Minty Spire (QoL Compilation)","Quick Restart","Random Character Button","Rare Cards Sparkle","Relic Sorter","Relic Stats","Slay the Relics Exporter","StSLib","SuperFastMode","Synergy Search","Twitch Decklist","Twitch Utils","everything is the same but u backflip on backflip","slay the spire mod where everything is the same but ironclad has a cowboy hat"],"gold_per_floor":[119,98,98,114,130,130,141,154,179,235,249,249,249,261,261,261,261],"floor_reached":16,"playtime":113,"items_purged":[],"score":94,"play_id":"4fd6e66d-db47-4350-8ff2-78e3ce01ccf7","local_time":"20210104224230","is_ascension_mode":false,"campfire_choices":[{"data":"Strike_R","floor":6,"key":"SMITH"},{"floor":13,"key":"REST"},{"data":"Defend_R","floor":15,"key":"SMITH"}],"circlet_count":0,"master_deck":["Strike_R+1","Strike_R","Strike_R","Strike_R","Strike_R","Defend_R+1","Defend_R","Defend_R","Defend_R","Bash","Shrug It Off","Hemokinesis","Carnage","Blood for Blood","Iron Wave","Fiend Fire","Shockwave"],"relics":["Burning Blood","NlothsMask"],"acts_visited":["Exordium"],"potions_floor_usage":[],"damage_taken":[{"damage":21,"enemies":"Cultist","floor":1,"turns":7},{"damage":7,"enemies":"2 Louse","floor":4,"turns":5},{"damage":4,"enemies":"Small Slimes","floor":5,"turns":5},{"damage":33,"enemies":"3 Louse","floor":7,"turns":9},{"damage":20,"enemies":"2 Fungi Beasts","floor":8,"turns":7},{"damage":18,"enemies":"Blue Slaver","floor":11,"turns":5},{"damage":0,"enemies":"3 Louse","floor":14,"turns":2},{"damage":61,"enemies":"Slime Boss","floor":16,"turns":11}],"seed_played":"-3712663705412550043","potions_obtained":[{"floor":5,"key":"Fruit Juice"},{"floor":7,"key":"Fire Potion"},{"floor":11,"key":"Explosive Potion"},{"floor":14,"key":"Weak Potion"}],"is_trial":false,"path_per_floor":["M","?","?","M","M","R","M","M","T","?","M","?","R","M","R","B"],"character_chosen":"IRONCLAD","items_purchased":[],"campfire_rested":1,"item_purchase_floors":[],"current_hp_per_floor":[73,73,73,72,74,74,52,38,38,38,26,26,53,59,59,0,0],"gold":261,"neow_bonus":"TEN_PERCENT_HP_BONUS","is_daily":false,"chose_seed":false,"campfire_upgraded":2,"win_rate":0.0,"timestamp":1609828950,"path_taken":["M","?","?","M","M","R","?","M","T","?","M","?","R","M","R","BOSS"],"items_purchased_type":[],"build_version":"2020-12-22","purchased_purges":0,"victory":false,"max_hp_per_floor":[88,88,88,88,88,88,93,93,93,93,93,93,93,93,93,93,93],"relic_stats":{"counters":[8,51],"obtain_stats":[{"Burning Blood":0,"NlothsMask":3},{"Burning Blood":0,"NlothsMask":1},{"Burning Blood":0,"NlothsMask":7}],"Burning Blood":42},"card_choices":[{"not_picked":["Iron Wave","Wild Strike"],"picked":"Shrug It Off","floor":1},{"not_picked":["Warcry","Havoc"],"picked":"Hemokinesis","floor":4},{"not_picked":["Uppercut","Second Wind"],"picked":"Carnage","floor":5},{"not_picked":["Sword Boomerang","Ghostly Armor"],"picked":"Blood for Blood","floor":7},{"not_picked":["Perfected Strike","Entrench"],"picked":"Iron Wave","floor":8},{"not_picked":["Sword Boomerang","Havoc"],"picked":"Fiend Fire","floor":11},{"not_picked":["Havoc","Iron Wave"],"picked":"Shockwave","floor":14}],"player_experience":1428882,"relics_obtained":[],"event_choices":[{"damage_healed":0,"gold_gain":0,"player_choice":"Left Gold","damage_taken":0,"max_hp_gain":0,"max_hp_loss":0,"event_name":"World of Goop","floor":2,"gold_loss":21},{"damage_healed":0,"gold_gain":0,"player_choice":"Trade","damage_taken":0,"relics_obtained":["NlothsMask"],"max_hp_gain":0,"max_hp_loss":0,"event_name":"FaceTrader","floor":3,"gold_loss":0},{"damage_healed":0,"gold_gain":56,"player_choice":"Gained Gold","damage_taken":0,"max_hp_gain":0,"max_hp_loss":0,"event_name":"Golden Wing","floor":10,"gold_loss":0},{"damage_healed":0,"gold_gain":0,"player_choice":"Fled","damage_taken":0,"max_hp_gain":0,"max_hp_loss":0,"event_name":"Scrap Ooze","floor":12,"gold_loss":0}],"is_beta":false,"boss_relics":[],"items_purged_floors":[],"is_endless":false,"potions_floor_spawned":[5,7,11,14],"killed_by":"Slime Boss","ascension_level":0}}