{"host":"Rich","time":1609887066,"event":{"mods":["AchievementEnabler","BaseMod","Highlight Path","Minty Spire (QoL Compilation)","Relic Stats"],"gold_per_floor":[111,57,57,68,68,102,102,177,177,177,177,208,208,231,231,325,325,348,18,18,32,45,45,73,89,89,120,120,135,155,190,190,264,264,282,301,190,241,0,0,28,28,80,80,107,124,139,185,185,185,185,185,185,38,63,63],"floor_reached":57,"playtime":4155,"items_purged":[],"score":2827,"play_id":"15374de6-3a25-4657-b2e4-97551097c455","local_time":"20210105175106","is_ascension_mode":true,"campfire_choices":[{"floor":7.0,"key":"REST"},{"floor":10.0,"key":"REST"},{"floor":15.0,"key":"RECALL"},{"floor":23.0,"key":"REST"},{"floor":32.0,"key":"REST"},{"floor":40.0,"key":"REST"},{"floor":44.0,"key":"REST"},{"floor":49.0,"key":"REST"},{"floor":53.0,"key":"REST"}],"circlet_count":0,"master_deck":["AscendersBane","Eruption+1","Vigilance+1","ThirdEye+1","Judgement+1","TalkToTheHand+1","ThirdEye+1","BowlingBash+1","CutThroughFate+1","LessonLearned+1","WaveOfTheHand+1","Crescendo+1","Study+1","InnerPeace+1","MentalFortress+1","EmptyBody+1","LessonLearned+1","EmptyFist+1","Wallop+1","Halt+1","ClearTheMind+1","EmptyBody+1","Vengeance+1","SpiritShield+1","Halt+1","TalkToTheHand+1","CrushJoints+1","BowlingBash+1","CutThroughFate+1","FlurryOfBlows+1","Tantrum+1","Fasting2+1","FlurryOfBlows+1","Adaptation+1","Meditate"],"relics":["Fusion Hammer","Pocketwatch","Molten Egg 2","Unceasing Top","Bloody Idol","Torii","Pandora\u0027s Box","Bag of Marbles","Omamori","Dead Branch","Kunai","Orichalcum","Happy Flower","Calling Bell","Tiny Chest","Frozen Egg 2","GoldenEye","StoneCalendar","Red Mask","Calipers","Question Card","Ancient Tea Set","Blue Candle"],"acts_visited":["Exordium","TheCity","TheBeyond","TheEnding"],"potions_floor_usage":[55],"damage_taken":[{"damage":0.0,"enemies":"Small Slimes","floor":1.0,"turns":2.0},{"damage":0.0,"enemies":"Jaw Worm","floor":4.0,"turns":3.0},{"damage":0.0,"enemies":"3 Sentries","floor":6.0,"turns":3.0},{"damage":0.0,"enemies":"Gremlin Nob","floor":12.0,"turns":2.0},{"damage":0.0,"enemies":"Cultist","floor":14.0,"turns":2.0},{"damage":45.0,"enemies":"Hexaghost","floor":16.0,"turns":11.0},{"damage":0.0,"enemies":"Spheric Guardian","floor":18.0,"turns":1.0},{"damage":13.0,"enemies":"Shell Parasite","floor":21.0,"turns":5.0},{"damage":0.0,"enemies":"Centurion and Healer","floor":22.0,"turns":4.0},{"damage":1.0,"enemies":"Gremlin Leader","floor":24.0,"turns":8.0},{"damage":0.0,"enemies":"Snake Plant","floor":25.0,"turns":4.0},{"damage":3.0,"enemies":"Slavers","floor":27.0,"turns":8.0},{"damage":0.0,"enemies":"Chosen and Byrds","floor":29.0,"turns":3.0},{"damage":17.0,"enemies":"Centurion and Healer","floor":30.0,"turns":3.0},{"damage":5.0,"enemies":"Book of Stabbing","floor":31.0,"turns":9.0},{"damage":1.0,"enemies":"Collector","floor":33.0,"turns":22.0},{"damage":1.0,"enemies":"Orb Walker","floor":35.0,"turns":4.0},{"damage":2.0,"enemies":"3 Darklings","floor":36.0,"turns":6.0},{"damage":31.0,"enemies":"2 Orb Walkers","floor":38.0,"turns":4.0},{"damage":31.0,"enemies":"Reptomancer","floor":41.0,"turns":6.0},{"damage":0.0,"enemies":"Giant Head","floor":45.0,"turns":7.0},{"damage":0.0,"enemies":"Jaw Worm Horde","floor":46.0,"turns":5.0},{"damage":1.0,"enemies":"Sphere and 2 Shapes","floor":47.0,"turns":4.0},{"damage":9.0,"enemies":"Awakened One","floor":50.0,"turns":10.0},{"damage":34.0,"enemies":"Time Eater","floor":51.0,"turns":7.0},{"damage":40,"enemies":"Shield and Spear","floor":55,"turns":8},{"damage":60,"enemies":"The Heart","floor":56,"turns":10}],"seed_played":"-519192265311674754","potions_obtained":[{"floor":6.0,"key":"Explosive Potion"},{"floor":12.0,"key":"Strength Potion"},{"floor":14.0,"key":"Explosive Potion"},{"floor":16.0,"key":"BlessingOfTheForge"},{"floor":22.0,"key":"Fire Potion"},{"floor":27.0,"key":"LiquidMemories"},{"floor":31.0,"key":"Explosive Potion"},{"floor":36.0,"key":"SkillPotion"},{"floor":41.0,"key":"SneckoOil"},{"floor":45.0,"key":"Block Potion"},{"floor":46.0,"key":"SkillPotion"}],"is_trial":false,"path_per_floor":["M","$","?","M","?","E","R","?","T","R","?","E","?","M","R","B",null,"M","$","?","M","M","R","E","M","T","E","?","M","M","E","R","B",null,"M","M","$","?","?","R","E","?","T","R","E","M","M","T","R","B","B",null,"R","$","E","B",null],"character_chosen":"WATCHER","items_purchased":["Strength Potion","Bag of Marbles","Omamori","CrushJoints+1","BowlingBash+1","FairyPotion","Adaptation+1"],"campfire_rested":8,"item_purchase_floors":[2,19,19,37,37,54,54],"current_hp_per_floor":[61,61,61,61,35,35,55,44,44,64,41,41,46,46,46,1,55,55,55,55,47,52,73,73,73,73,73,73,73,61,61,73,73,73,73,73,73,47,47,68,42,57,62,73,73,73,73,73,73,64,30,62,73,73,38,21],"gold":63,"neow_bonus":"BOSS_RELIC","is_daily":false,"chose_seed":false,"campfire_upgraded":0,"win_rate":0.0,"timestamp":1609887066,"path_taken":["M","$","?","M","?","E","R","?","T","R","?","E","?","?","R","BOSS","M","$","?","M","M","R","E","M","T","E","?","M","M","E","R","BOSS","M","M","$","?","?","R","E","?","T","R","E","M","M","?","R","BOSS","BOSS","R","$","E","BOSS"],"items_purchased_type":["Potion","Relic","Relic","Card","Card","Potion","Card"],"build_version":"2020-12-18","purchased_purges":0,"victory":true,"max_hp_per_floor":[68,68,68,68,68,68,68,68,68,68,68,68,73,73,73,73,73,73,73,73,73,73,73,73,73,73,73,73,73,73,73,73,73,73,73,73,73,73,73,73,73,73,73,73,73,73,73,73,73,73,73,73,73,73,73,73],"relic_stats":{"Torii":64,"Happy Flower":[31],"counters":[27,161],"Dead Branch":[121],"Blue Candle":[0],"StoneCalendar":[156],"Orichalcum":[48],"GoldenEye":[77],"Question Card":3,"Bloody Idol":49,"Pandora\u0027s Box":["WaveOfTheHand","Crescendo","Study","InnerPeace","MentalFortress","EmptyBody","LessonLearned"],"Tiny Chest":1,"Kunai":[59],"obtain_stats":[{"Calipers":41,"Torii":12,"StoneCalendar":38,"Ancient Tea Set":48,"Tiny Chest":34,"Fusion Hammer":0,"Red Mask":39,"Kunai":26,"Happy Flower":31,"Golden Idol":11,"Dead Branch":24,"Blue Candle":55,"Omamori":19,"Orichalcum":27,"Frozen Egg 2":34,"GoldenEye":34,"Question Card":45,"Calling Bell":34,"Bloody Idol":20,"Molten Egg 2":6,"Pandora\u0027s Box":17,"Bag of Marbles":19,"PureWater":0,"Unceasing Top":9,"Pocketwatch":5},{"Calipers":20,"Torii":4,"StoneCalendar":19,"Ancient Tea Set":23,"Tiny Chest":16,"Fusion Hammer":0,"Red Mask":19,"Kunai":11,"Happy Flower":15,"Golden Idol":3,"Dead Branch":10,"Blue Candle":26,"Omamori":7,"Orichalcum":12,"Frozen Egg 2":16,"GoldenEye":16,"Question Card":21,"Calling Bell":16,"Bloody Idol":7,"Molten Egg 2":3,"Pandora\u0027s Box":6,"Bag of Marbles":7,"PureWater":0,"Unceasing Top":3,"Pocketwatch":2},{"Calipers":110,"Torii":10,"StoneCalendar":104,"Ancient Tea Set":126,"Tiny Chest":90,"Fusion Hammer":0,"Red Mask":104,"Kunai":45,"Happy Flower":68,"Golden Idol":8,"Dead Branch":41,"Blue Candle":151,"Omamori":24,"Orichalcum":53,"Frozen Egg 2":90,"GoldenEye":90,"Question Card":117,"Calling Bell":90,"Bloody Idol":24,"Molten Egg 2":8,"Pandora\u0027s Box":23,"Bag of Marbles":24,"PureWater":0,"Unceasing Top":8,"Pocketwatch":5}],"Unceasing Top":[1],"Pocketwatch":[116]},"card_choices":[{"not_picked":["Collect","Halt"],"picked":"ThirdEye","floor":1.0},{"not_picked":["Wallop","BattleHymn"],"picked":"TalkToTheHand","floor":4.0},{"not_picked":["Crescendo","Protect"],"picked":"ThirdEye","floor":6.0},{"not_picked":["Protect","Swivel"],"picked":"BowlingBash+1","floor":12.0},{"not_picked":["Sanctity","ForeignInfluence"],"picked":"CutThroughFate+1","floor":14.0},{"not_picked":["DevaForm","Establishment"],"picked":"LessonLearned+1","floor":16.0},{"not_picked":["SignatureMove+1","Wireheading"],"picked":"EmptyFist+1","floor":18.0},{"not_picked":["JustLucky+1","EmptyBody","SignatureMove+1"],"picked":"SKIP","floor":21.0},{"not_picked":["PathToVictory","CarveReality+1"],"picked":"Wallop+1","floor":22.0},{"not_picked":["EmptyMind","BattleHymn","WheelKick+1"],"picked":"SKIP","floor":24.0},{"not_picked":["Protect","BowlingBash+1"],"picked":"Halt+1","floor":25.0},{"not_picked":["WindmillStrike+1","FollowUp+1"],"picked":"ClearTheMind","floor":27.0},{"not_picked":["BowlingBash+1","Crescendo","Fasting2"],"picked":"SKIP","floor":29.0},{"not_picked":["Evaluate","FlyingSleeves+1","PathToVictory"],"picked":"SKIP","floor":30.0},{"not_picked":["Worship","Conclude+1"],"picked":"Vengeance","floor":31.0},{"not_picked":["Alpha","Omniscience"],"picked":"SpiritShield","floor":33.0},{"not_picked":["EmptyBody","EmptyFist+1"],"picked":"Halt+1","floor":35.0},{"not_picked":["PathToVictory","Devotion+1"],"picked":"TalkToTheHand+1","floor":36.0},{"not_picked":["ThirdEye","InnerPeace+1"],"picked":"CutThroughFate+1","floor":38.0},{"not_picked":["PathToVictory","FearNoEvil+1"],"picked":"FlurryOfBlows+1","floor":41.0},{"not_picked":["Protect+1","Perseverance"],"picked":"Tantrum+1","floor":45.0},{"not_picked":["ReachHeaven+1","Sanctity","Weave+1"],"picked":"Fasting2+1","floor":46.0},{"not_picked":["Consecrate+1","Nirvana+1","Study+1"],"picked":"FlurryOfBlows+1","floor":47.0},{"not_picked":["Evaluate+1","Perseverance","Halt"],"picked":"Meditate","floor":55}],"player_experience":1964991,"relics_obtained":[{"floor":6.0,"key":"Molten Egg 2"},{"floor":9.0,"key":"Unceasing Top"},{"floor":12.0,"key":"Torii"},{"floor":24.0,"key":"Dead Branch"},{"floor":26.0,"key":"Kunai"},{"floor":27.0,"key":"Orichalcum"},{"floor":31.0,"key":"Happy Flower"},{"floor":34.0,"key":"Tiny Chest"},{"floor":34.0,"key":"Frozen Egg 2"},{"floor":34.0,"key":"GoldenEye"},{"floor":38.0,"key":"StoneCalendar"},{"floor":41.0,"key":"Calipers"},{"floor":45.0,"key":"Question Card"},{"floor":48.0,"key":"Ancient Tea Set"},{"floor":55,"key":"Blue Candle"}],"event_choices":[{"damage_healed":0.0,"max_hp_gain":0.0,"max_hp_loss":0.0,"gold_gain":0.0,"cards_transformed":["Defend_P"],"event_name":"Living Wall","player_choice":"Change","floor":3.0,"gold_loss":0.0,"damage_taken":0.0,"cards_obtained":["Judgement"]},{"damage_healed":0.0,"max_hp_gain":0.0,"max_hp_loss":0.0,"gold_gain":0.0,"event_name":"Scrap Ooze","player_choice":"Success","floor":5.0,"gold_loss":0.0,"damage_taken":26.0,"relics_obtained":["Pocketwatch"]},{"damage_healed":0.0,"max_hp_gain":0.0,"max_hp_loss":0.0,"gold_gain":75.0,"event_name":"World of Goop","player_choice":"Gather Gold","floor":8.0,"gold_loss":0.0,"damage_taken":11.0},{"damage_healed":0.0,"max_hp_gain":0.0,"max_hp_loss":0.0,"gold_gain":0.0,"event_name":"Golden Idol","player_choice":"Take Damage","floor":11.0,"gold_loss":0.0,"damage_taken":23.0,"relics_obtained":["Golden Idol"]},{"damage_healed":0.0,"max_hp_gain":5.0,"max_hp_loss":0.0,"gold_gain":0.0,"event_name":"Big Fish","player_choice":"Donut","floor":13.0,"gold_loss":0.0,"damage_taken":0.0},{"damage_healed":0.0,"max_hp_gain":0.0,"max_hp_loss":0.0,"gold_gain":0.0,"event_name":"Forgotten Altar","player_choice":"Gave Idol","floor":20.0,"relics_lost":["Golden Idol"],"gold_loss":0.0,"damage_taken":0.0,"relics_obtained":["Bloody Idol"]},{"damage_healed":0.0,"max_hp_gain":0.0,"max_hp_loss":0.0,"gold_gain":0.0,"event_name":"Match and Keep!","player_choice":"1 cards matched","floor":28.0,"gold_loss":0.0,"damage_taken":0.0,"cards_obtained":["EmptyBody"]},{"damage_healed":0.0,"max_hp_gain":0.0,"max_hp_loss":0.0,"gold_gain":0.0,"event_name":"Mysterious Sphere","player_choice":"Fight","floor":38.0,"gold_loss":0.0,"damage_taken":0.0},{"damage_healed":0.0,"max_hp_gain":0.0,"max_hp_loss":0.0,"gold_gain":0.0,"event_name":"Tomb of Lord Red Mask","player_choice":"Paid","floor":39.0,"gold_loss":241.0,"damage_taken":0.0,"relics_obtained":["Red Mask"]},{"damage_healed":15.0,"max_hp_gain":0.0,"max_hp_loss":0.0,"gold_gain":0.0,"event_name":"Winding Halls","player_choice":"Writhe","floor":42.0,"gold_loss":0.0,"damage_taken":0.0,"cards_obtained":["Writhe"]}],"is_beta":true,"boss_relics":[{"not_picked":["Tiny House","Black Star"],"picked":"Pandora\u0027s Box"},{"not_picked":["Sozu","Velvet Choker"],"picked":"Calling Bell"}],"items_purged_floors":[],"is_endless":false,"potions_floor_spawned":[6,12,14,16,18,22,27,31,36,41,45,46],"ascension_level":20}}