{"host":"7yxt37kap0q16lk4","time":1609866073,"event":{"mods":["2.2 Compatiblity","Act Like it!","BaseMod","Better Third Choice","Better-Laid Plans","Colored Map","Custom Start","Highlight Path","Keyboard Shortcuts","Minty Spire (QoL Compilation)","Quick Restart","Rare Cards Sparkle","Relic Stats","Shop Mod","Slay the Relics Exporter","StSLib","SuperFastMode"],"gold_per_floor":[110,122,142,217,217,217,235,266,266,266,266,266,266,281,281,281,281],"floor_reached":16,"playtime":239,"items_purged":[],"score":250,"play_id":"3dfb268e-f6d3-4611-81be-6d4d13142f11","local_time":"20210106020113","is_ascension_mode":true,"campfire_choices":[{"data":"Cloak And Dagger","floor":6,"key":"SMITH"},{"data":"Neutralize","floor":11,"key":"SMITH"},{"data":"Footwork","floor":13,"key":"SMITH"},{"data":"Accuracy","floor":15,"key":"SMITH"}],"circlet_count":0,"master_deck":["AscendersBane","Strike_G","Strike_G","Strike_G","Strike_G","Strike_G","Defend_G+1","Defend_G","Defend_G","Defend_G","Defend_G+1","Survivor","Neutralize+1","Cloak And Dagger+1","Masterful Stab","Footwork+1","Accuracy+1"],"relics":["Ring of the Snake","Nunchaku","StoneCalendar","Shuriken","Pear","Sundial"],"acts_visited":[],"potions_floor_usage":[8,16],"damage_taken":[{"damage":7,"enemies":"Cultist","floor":1,"turns":4},{"damage":0,"enemies":"2 Louse","floor":2,"turns":4},{"damage":0,"enemies":"Small Slimes","floor":3,"turns":3},{"damage":0,"enemies":"Blue Slaver","floor":7,"turns":4},{"damage":6,"enemies":"Gremlin Nob","floor":8,"turns":3},{"damage":22,"enemies":"Large Slime","floor":14,"turns":7},{"damage":18,"enemies":"Slime Boss","floor":16,"turns":4}],"seed_played":"-6104641552005627445","potions_obtained":[{"floor":7,"key":"Fire Potion"},{"floor":8,"key":"SmokeBomb"},{"floor":14,"key":"AttackPotion"}],"is_trial":false,"path_per_floor":["M","M","M","?","?","R","M","E","T","T","R","?","R","M","R","B"],"character_chosen":"THE_SILENT","items_purchased":[],"campfire_rested":0,"item_purchase_floors":[],"current_hp_per_floor":[52,52,52,41,21,21,21,15,15,25,25,25,25,3,3,0,0],"gold":281,"neow_bonus":"RANDOM_COMMON_RELIC","is_daily":false,"chose_seed":false,"campfire_upgraded":4,"win_rate":0.0,"timestamp":1609866073,"path_taken":["M","?","M","?","?","R","M","E","T","?","R","?","R","M","R","BOSS"],"items_purchased_type":[],"build_version":"2020-12-22","purchased_purges":0,"victory":false,"max_hp_per_floor":[66,66,66,66,66,66,66,66,66,76,76,76,76,76,76,76,76],"relic_stats":{"Nunchaku":[7],"counters":[7,29],"Shuriken":[7],"Sundial":[2],"StoneCalendar":[27],"obtain_stats":[{"Nunchaku":0,"Pear":10,"Shuriken":9,"Sundial":12,"StoneCalendar":8,"Ring of the Snake":0},{"Nunchaku":0,"Pear":5,"Shuriken":5,"Sundial":5,"StoneCalendar":5,"Ring of the Snake":0},{"Nunchaku":0,"Pear":18,"Shuriken":18,"Sundial":18,"StoneCalendar":18,"Ring of the Snake":0}],"Ring of the Snake":[14]},"card_choices":[{"not_picked":["Quick Slash","Predator"],"picked":"Cloak And Dagger","floor":1},{"not_picked":["Bane","Cloak And Dagger"],"picked":"Masterful Stab","floor":2},{"not_picked":["Bane","Flying Knee","Underhanded Strike"],"picked":"SKIP","floor":3},{"not_picked":["Flying Knee","Underhanded Strike","Slice"],"picked":"SKIP","floor":7},{"not_picked":["Escape Plan","Calculated Gamble"],"picked":"Footwork","floor":8},{"not_picked":["Dagger Spray","Backstab"],"picked":"Accuracy","floor":14}],"player_experience":1039477,"relics_obtained":[{"floor":8,"key":"StoneCalendar"},{"floor":9,"key":"Shuriken"},{"floor":10,"key":"Pear"}],"event_choices":[{"damage_healed":0,"gold_gain":75,"player_choice":"Gold","damage_taken":11,"max_hp_gain":0,"max_hp_loss":0,"event_name":"betterThird:BetterGoop","floor":4,"gold_loss":0},{"damage_healed":41,"gold_gain":0,"player_choice":"Upgrade","damage_taken":20,"max_hp_gain":0,"max_hp_loss":66,"event_name":"betterThird:BetterShining","floor":5,"gold_loss":0,"cards_upgraded":["Defend_G","Defend_G"]},{"damage_healed":0,"gold_gain":0,"player_choice":"Gave Potion","damage_taken":0,"relics_obtained":["Sundial"],"max_hp_gain":0,"max_hp_loss":0,"event_name":"WeMeetAgain","floor":12,"gold_loss":0}],"is_beta":false,"boss_relics":[],"items_purged_floors":[],"is_endless":false,"potions_floor_spawned":[7,8,14],"killed_by":"Slime Boss","ascension_level":20}}