{"host":"lqbszw1tv2isqkrb","time":1609833686,"event":{"mods":["BaseMod","Downfall","Hermit","Hubris","Minty Spire (QoL Compilation)","Quick Restart","StSLib","The Animator","The Hierophant"],"gold_per_floor":[110,110,110,121,140,171,171,346,346,346,361,361,434,462,462,462,462],"floor_reached":16,"playtime":409,"items_purged":[],"score":124,"play_id":"222ab69f-b0f4-4047-8f0c-8837d9bd16af","local_time":"20210105030126","is_ascension_mode":true,"campfire_choices":[{"floor":10,"key":"DIG"},{"floor":12,"key":"DIG"},{"floor":15,"key":"DIG"}],"circlet_count":0,"master_deck":["Whirlwind+1","Strike_R","Strike_R","Strike_R","Strike_R","Defend_R+1","Defend_R","Defend_R","Defend_R+1","Bash","Pummel","Doubt","Pummel"],"relics":["Burning Blood","NeowsBlessing","Shovel","Charon\u0027s Ashes","Mango","Champion Belt","HornCleat","War Paint","Bird Faced Urn"],"acts_visited":["Exordium"],"potions_floor_usage":[14,14,14,16,16],"damage_taken":[{"damage":0,"enemies":"Small Slimes","floor":1,"turns":1},{"damage":0,"enemies":"Jaw Worm","floor":4,"turns":1},{"damage":0,"enemies":"2 Louse","floor":5,"turns":1},{"damage":32,"enemies":"Gremlin Nob","floor":6,"turns":4},{"damage":13,"enemies":"Blue Slaver","floor":11,"turns":2},{"damage":25,"enemies":"Lagavulin","floor":14,"turns":6},{"damage":99,"enemies":"The Guardian","floor":16,"turns":19}],"seed_played":"-1440702608921700116","potions_obtained":[{"floor":5,"key":"BloodPotion"},{"floor":6,"key":"EntropicBrew"}],"is_trial":false,"path_per_floor":["M","?","?","M","M","E","?","?","T","R","M","R","T","E","R","B"],"character_chosen":"IRONCLAD","items_purchased":[],"campfire_rested":0,"item_purchase_floors":[],"current_hp_per_floor":[80,73,66,72,78,52,52,52,52,66,59,59,59,58,58,0,0],"gold":462,"neow_bonus":"THREE_ENEMY_KILL","is_daily":false,"chose_seed":false,"campfire_upgraded":0,"win_rate":0.0,"timestamp":1609833686,"path_taken":["M","?","?","M","?","E","?","?","T","R","M","R","?","E","R","BOSS"],"items_purchased_type":[],"build_version":"2020-12-22","purchased_purges":0,"victory":false,"max_hp_per_floor":[80,80,80,80,80,80,80,80,80,94,94,94,94,94,94,94,94],"card_choices":[{"not_picked":["Clothesline","Ghostly Armor","Spot Weakness"],"picked":"SKIP","floor":1},{"not_picked":["Anger","Rupture","Blood for Blood"],"picked":"SKIP","floor":4},{"not_picked":["Hemokinesis","Dropkick","Pommel Strike"],"picked":"SKIP","floor":5},{"not_picked":["Cleave","Headbutt","Reckless Charge"],"picked":"SKIP","floor":6},{"not_picked":["Shockwave","Iron Wave"],"picked":"Pummel","floor":11},{"not_picked":["Perfected Strike","Body Slam","Warcry"],"picked":"SKIP","floor":14}],"player_experience":404425,"relics_obtained":[{"floor":6,"key":"Charon\u0027s Ashes"},{"floor":10,"key":"Mango"},{"floor":12,"key":"Champion Belt"},{"floor":13,"key":"HornCleat"},{"floor":14,"key":"War Paint"},{"floor":15,"key":"Bird Faced Urn"}],"event_choices":[{"cards_removed":["Strike_R"],"damage_healed":0,"gold_gain":0,"player_choice":"Card Removal","damage_taken":7,"max_hp_gain":0,"max_hp_loss":0,"event_name":"Golden Wing","floor":2,"gold_loss":0},{"damage_healed":0,"gold_gain":0,"player_choice":"Success","damage_taken":7,"relics_obtained":["Shovel"],"max_hp_gain":0,"max_hp_loss":0,"event_name":"Scrap Ooze","floor":3,"gold_loss":0},{"damage_healed":0,"gold_gain":175,"player_choice":"AGREE","damage_taken":0,"max_hp_gain":0,"max_hp_loss":0,"event_name":"Liars Game","floor":8,"gold_loss":0,"cards_obtained":["Doubt"]}],"is_beta":false,"boss_relics":[],"items_purged_floors":[],"is_endless":false,"potions_floor_spawned":[5,6],"killed_by":"The Guardian","ascension_level":3}}