{"host":"dh8vptmequbrae31","time":1609807160,"event":{"mods":["2.2 Compatiblity","AchievementEnabler","BaseMod","Colored Map","Evolution","Minty Spire (QoL Compilation)","Td1madao Mod"],"gold_per_floor":[114,131,51,61,61,89,89,118,118,118,153,153,208,106,106,211,211,226,245,245,261,276,310,310,341,368,380,9,42,42,61,61,160,210,223,240,240,96,116,143,143,169,169,194,213,225,225,245,245,245,245],"floor_reached":50,"playtime":12232,"items_purged":["Defend_P"],"score":717,"play_id":"c17a8ea3-704c-442e-8bdf-00f917b937fe","local_time":"20210104193920","is_ascension_mode":true,"campfire_choices":[{"data":"Crescendo","floor":7,"key":"SMITH"},{"floor":10,"key":"REST"},{"floor":15,"key":"RECALL"},{"floor":24,"key":"REST"},{"data":"Establishment","floor":27,"key":"SMITH"},{"floor":32,"key":"REST"},{"floor":41,"key":"REST"},{"floor":47,"key":"REST"},{"floor":49,"key":"REST"}],"circlet_count":0,"master_deck":["CrushJoints+1","FlyingSleeves","SashWhip","Strike_P","Defend_P","Defend_P","Defend_P","Eruption+1","Vigilance","Nirvana","BowlingBash","ThirdEye","Crescendo+1","EmptyFist","FearNoEvil","Evaluate","FlurryOfBlows+1","Establishment+1","Perseverance+1","Protect+1","CarveReality","Wireheading","Deep Breath+1","ClearTheMind+1","Protect+1","MentalFortress","FollowUp","Weave+1"],"relics":["PureWater","EVO:Axolotl","Art of War","CaptainsWheel","Gremlin Horn","Happy Flower","Pen Nib","Toxic Egg 2","SlaversCollar","CultistMask","Orichalcum","Pantograph","MawBank","Sling","Bronze Scales","Oddly Smooth Stone","Tiny House","Anchor","Nunchaku","Centennial Puzzle","Frozen Egg 2","Boot"],"acts_visited":["Exordium","TheCity","TheBeyond"],"potions_floor_usage":[2,2,11,11,13,16,16,16,16,18,21,23,23,25,39,42,42,42,46,50],"damage_taken":[{"damage":0,"enemies":"Small Slimes","floor":1,"turns":3},{"damage":0,"enemies":"2 Louse","floor":2,"turns":3},{"damage":0,"enemies":"Cultist","floor":4,"turns":3},{"damage":20,"enemies":"Lagavulin","floor":6,"turns":7},{"damage":13,"enemies":"3 Sentries","floor":8,"turns":6},{"damage":0,"enemies":"Lagavulin","floor":11,"turns":3},{"damage":10,"enemies":"3 Sentries","floor":13,"turns":4},{"damage":9,"enemies":"The Guardian","floor":16,"turns":6},{"damage":0,"enemies":"3 Byrds","floor":18,"turns":3},{"damage":24,"enemies":"2 Thieves","floor":19,"turns":4},{"damage":3,"enemies":"Snecko","floor":21,"turns":4},{"damage":12,"enemies":"Centurion and Healer","floor":22,"turns":7},{"damage":15,"enemies":"Slavers","floor":23,"turns":5},{"damage":22,"enemies":"Gremlin Leader","floor":25,"turns":5},{"damage":11,"enemies":"Book of Stabbing","floor":29,"turns":4},{"damage":0,"enemies":"Snake Plant","floor":31,"turns":3},{"damage":42,"enemies":"Automaton","floor":33,"turns":10},{"damage":8,"enemies":"Orb Walker","floor":35,"turns":3},{"damage":1,"enemies":"3 Darklings","floor":36,"turns":5},{"damage":40,"enemies":"Sphere and 2 Shapes","floor":39,"turns":6},{"damage":7,"enemies":"Giant Head","floor":40,"turns":6},{"damage":18,"enemies":"Reptomancer","floor":42,"turns":6},{"damage":0,"enemies":"Giant Head","floor":44,"turns":6},{"damage":3,"enemies":"Maw","floor":45,"turns":7},{"damage":0,"enemies":"Writhing Mass","floor":46,"turns":4},{"damage":16,"enemies":"Spire Growth","floor":48,"turns":3},{"damage":77,"enemies":"Donu and Deca","floor":50,"turns":10}],"seed_played":"2173361915596594392","potions_obtained":[{"floor":1,"key":"EntropicBrew"},{"floor":11,"key":"Strength Potion"},{"floor":13,"key":"EntropicBrew"},{"floor":19,"key":"Ancient Potion"},{"floor":21,"key":"Regen Potion"},{"floor":22,"key":"PowerPotion"},{"floor":33,"key":"BottledMiracle"},{"floor":34,"key":"BottledMiracle"},{"floor":36,"key":"SpeedPotion"},{"floor":40,"key":"SpeedPotion"},{"floor":42,"key":"ColorlessPotion"},{"floor":46,"key":"Explosive Potion"}],"is_trial":false,"path_per_floor":["M","M","$","M","?","E","R","E","T","R","E","?","?","$","R","B",null,"M","M","?","M","M","E","R","E","T","R","$","E","$","M","R","B",null,"M","M","?","$","M","E","R","E","T","E","M","M","R","M","R","B"],"character_chosen":"WATCHER","items_purchased":["ThirdEye","Crescendo","PowerPotion","BottledMiracle","Sling","Bronze Scales","Anchor"],"campfire_rested":6,"item_purchase_floors":[3,3,14,14,28,28,38],"current_hp_per_floor":[72,72,72,72,58,38,38,25,25,46,46,43,33,33,33,24,72,72,48,48,45,33,32,53,31,31,31,31,20,20,20,41,24,77,69,68,68,68,28,21,44,26,26,26,23,23,46,30,53,0,0],"gold":245,"neow_bonus":"RANDOM_COMMON_RELIC","is_daily":false,"chose_seed":false,"campfire_upgraded":2,"win_rate":0.0,"timestamp":1609807160,"path_taken":["M","M","$","M","?","E","R","E","T","R","E","?","?","$","R","BOSS","M","M","?","M","M","E","R","E","T","R","?","E","?","M","R","BOSS","M","M","?","$","M","E","R","E","T","E","M","M","R","M","R","BOSS"],"items_purchased_type":["Card","Card","Potion","Potion","Relic","Relic","Relic"],"build_version":"2020-12-22","purchased_purges":1,"victory":false,"max_hp_per_floor":[72,72,72,72,72,72,72,72,72,72,72,72,72,72,72,72,72,72,72,72,72,72,72,72,72,72,72,72,72,72,72,72,72,77,77,77,77,77,77,77,77,77,77,77,77,77,77,77,77,77,77],"card_choices":[{"not_picked":["Study","Consecrate"],"picked":"Nirvana","floor":1},{"not_picked":["FlyingSleeves","Study"],"picked":"BowlingBash","floor":2},{"not_picked":["EmptyBody","ForeignInfluence"],"picked":"EmptyFist","floor":4},{"not_picked":["EmptyMind","FlyingSleeves"],"picked":"FearNoEvil","floor":6},{"not_picked":["Weave","SashWhip"],"picked":"Evaluate","floor":8},{"not_picked":["EmptyFist","ReachHeaven","MasterReality"],"picked":"SKIP","floor":11},{"not_picked":["FlyingSleeves","InnerPeace+1"],"picked":"FlurryOfBlows","floor":13},{"not_picked":["Scrawl+1","Devotion"],"picked":"Establishment","floor":16},{"not_picked":["Indignation+1","ThirdEye+1"],"picked":"Perseverance+1","floor":18},{"not_picked":["PathToVictory+1","CrushJoints","SashWhip"],"picked":"SKIP","floor":19},{"not_picked":["Crescendo+1","FollowUp"],"picked":"Protect+1","floor":21},{"not_picked":["Evaluate+1","Halt+1"],"picked":"CarveReality","floor":22},{"not_picked":["Pray+1","Evaluate+1","Wish+1"],"picked":"SKIP","floor":23},{"not_picked":["EmptyBody+1","CrushJoints","Prostrate+1"],"picked":"SKIP","floor":25},{"not_picked":["SashWhip+1","BattleHymn+1","JustLucky"],"picked":"SKIP","floor":29},{"not_picked":["PathToVictory+1","Halt+1"],"picked":"Wireheading","floor":31},{"not_picked":["BowlingBash+1","Study+1","Crescendo+1"],"picked":"SKIP","floor":35},{"not_picked":["CrushJoints+1","Wish+1","Conclude+1"],"picked":"SKIP","floor":36},{"not_picked":["Blind+1","Impatience+1"],"picked":"Deep Breath+1","floor":37},{"not_picked":["Evaluate+1","CrushJoints"],"picked":"ClearTheMind+1","floor":39},{"not_picked":["Brilliance","EmptyMind+1"],"picked":"Protect+1","floor":40},{"not_picked":["Tantrum+1","EmptyMind+1"],"picked":"MentalFortress","floor":42},{"not_picked":["Sanctity+1","Establishment+1"],"picked":"FollowUp","floor":44},{"not_picked":["SignatureMove","FlyingSleeves+1"],"picked":"Weave+1","floor":45},{"not_picked":["Conclude+1","ForeignInfluence+1","SashWhip+1"],"picked":"SKIP","floor":46},{"not_picked":["Vengeance+1","CrushJoints+1","FollowUp+1"],"picked":"SKIP","floor":48}],"player_experience":205237,"relics_obtained":[{"floor":6,"key":"CaptainsWheel"},{"floor":8,"key":"Gremlin Horn"},{"floor":11,"key":"Happy Flower"},{"floor":13,"key":"Toxic Egg 2"},{"floor":23,"key":"Orichalcum"},{"floor":25,"key":"Pantograph"},{"floor":26,"key":"MawBank"},{"floor":29,"key":"Oddly Smooth Stone"},{"floor":40,"key":"Nunchaku"},{"floor":42,"key":"Centennial Puzzle"},{"floor":43,"key":"Frozen Egg 2"},{"floor":44,"key":"Boot"}],"event_choices":[{"damage_healed":0,"gold_gain":0,"player_choice":"Entered Light","damage_taken":14,"max_hp_gain":0,"max_hp_loss":0,"event_name":"Shining Light","floor":5,"gold_loss":0,"cards_upgraded":["Eruption","CrushJoints"]},{"damage_healed":0,"gold_gain":0,"player_choice":"Success","damage_taken":3,"relics_obtained":["Pen Nib"],"max_hp_gain":0,"max_hp_loss":0,"event_name":"Scrap Ooze","floor":12,"gold_loss":0},{"damage_healed":0,"gold_gain":0,"player_choice":"Searched \u00271\u0027 times","damage_taken":0,"max_hp_gain":0,"max_hp_loss":0,"event_name":"Dead Adventurer","floor":13,"gold_loss":0},{"damage_healed":0,"gold_gain":0,"player_choice":"Trade","damage_taken":0,"relics_obtained":["CultistMask"],"max_hp_gain":0,"max_hp_loss":0,"event_name":"FaceTrader","floor":20,"gold_loss":0},{"damage_healed":0,"gold_gain":0,"player_choice":"Memory 1","damage_taken":0,"max_hp_gain":0,"max_hp_loss":0,"event_name":"SensoryStone","floor":37,"gold_loss":0}],"is_beta":false,"boss_relics":[{"not_picked":["Black Star","SacredBark"],"picked":"SlaversCollar"},{"not_picked":["Velvet Choker","Cursed Key"],"picked":"Tiny House"}],"items_purged_floors":[28],"is_endless":false,"potions_floor_spawned":[1,11,13,19,21,22,33,36,40,42,46],"killed_by":"Donu and Deca","ascension_level":1}}