{"host":"r5cycnjhcbwgkpkf","time":1609870263,"event":{"mods":["2.2 Compatiblity","AchievementEnabler","BaseMod","Bestiary","Better Match","Better Note","Better Skull","Better Third Choice","BetterRewards","Colored Map","Colored Powertips","Downfall","Infinite Spire","Minty Spire (QoL Compilation)","Replay The Spire","Spicy Shops","StSLib"],"gold_per_floor":[119,0,0,0,49,79,79,98,98,98,117,117,133,189,189,275,275,291,291,336,336,391,421,435,465,465,465,465,506,506,547,547,704,704,775,850,151,151,151,151,202,258,258,323,323,376,376,376,124,165,165,187],"floor_reached":53,"playtime":2492,"items_purged":["Strike_R","Strike_R"],"score":2180,"play_id":"babb50dc-482c-49ae-bbf7-20dc4322509c","local_time":"20210105101103","is_ascension_mode":true,"campfire_choices":[{"data":"Whirlwind","floor":7.0,"key":"SMITH"},{"data":"Bash","floor":10.0,"key":"SMITH"},{"floor":15.0,"key":"REST"},{"floor":27.0,"key":"REST"},{"floor":30.0,"key":"REST"},{"floor":32.0,"key":"REST"},{"data":"Apotheosis","floor":40,"key":"SMITH"},{"data":"Metallicize","floor":45,"key":"SMITH"},{"data":"Pummel","floor":51,"key":"SMITH"}],"circlet_count":0,"master_deck":["AscendersBane","Strike_R+1","Strike_R+1","Strike_R+1","Defend_R+1","Defend_R+1","Defend_R+1","Defend_R+1","Bash+1","Whirlwind+1","Flex","Feel No Pain","ReplayTheSpireMod:Limb From Limb","Twin Strike","Metallicize+1","Spot Weakness","infinitespire:Collect","Shrug It Off","Double Tap","Replay:Undeath\u0027s Touch","Dual Wield","Thunderclap","Pummel+1","ReplayTheSpireMod:Muscle Training","Dropkick","Reaper","Pommel Strike+1","Apotheosis+1","Evolve","infinitespire:Collect"],"relics":["Burning Blood","Brimstone","Paper Frog","Medical Kit","ReplayTheSpireMod:Ring of Challenge","Replay:Baseball","infinitespire:ShieldingShard","infinitespire:Golems Mask","Ring of Chaos","Lizard Tail","Mark of Pain","infinitespire:PuzzleCube","Shuriken","Dream Catcher","Replay:Bandana","infinitespire:EvilPickle","infinitespire:Burning Sword","Nunchaku","Replay:Towering Pillar of Hats","Du-Vu Doll","Eternal Feather","Chemical X","Bag of Marbles"],"acts_visited":["Exordium","TheCity","TheBeyond"],"potions_floor_usage":[35,52],"damage_taken":[{"damage":14.0,"enemies":"Small Slimes","floor":1.0,"turns":3.0},{"damage":1.0,"enemies":"2 Louse","floor":5.0,"turns":2.0},{"damage":10.0,"enemies":"Gremlin Nob","floor":6.0,"turns":3.0},{"damage":0.0,"enemies":"Cultist","floor":8.0,"turns":2.0},{"damage":19.0,"enemies":"Exordium Thugs","floor":11.0,"turns":4.0},{"damage":0.0,"enemies":"Gremlin Gang","floor":13.0,"turns":3.0},{"damage":11.0,"enemies":"Large Slime","floor":14.0,"turns":5.0},{"damage":47.0,"enemies":"Hexaghost","floor":16.0,"turns":6.0},{"damage":5.0,"enemies":"Chosen","floor":18.0,"turns":3.0},{"damage":0.0,"enemies":"3 Byrds","floor":20.0,"turns":1.0},{"damage":20.0,"enemies":"Slavers","floor":23.0,"turns":3.0},{"damage":0.0,"enemies":"3 Cultists","floor":24.0,"turns":2.0},{"damage":30.0,"enemies":"Snake Plant","floor":25.0,"turns":2.0},{"damage":37.0,"enemies":"Shelled Parasite and Fungi","floor":29.0,"turns":3.0},{"damage":12.0,"enemies":"Centurion and Healer","floor":31.0,"turns":4.0},{"damage":53.0,"enemies":"Pondfish","floor":33.0,"turns":5.0},{"damage":11,"enemies":"3 Darklings","floor":35,"turns":2},{"damage":0,"enemies":"Orb Walker","floor":36,"turns":2},{"damage":0,"enemies":"Spire Growth","floor":41,"turns":2},{"damage":0,"enemies":"Transient","floor":42,"turns":5},{"damage":0,"enemies":"Maw","floor":44,"turns":2},{"damage":0,"enemies":"Writhing Mass","floor":46,"turns":2},{"damage":0,"enemies":"Jaw Worm Horde","floor":50,"turns":1},{"damage":57,"enemies":"Time Eater","floor":52,"turns":4}],"seed_played":"-9117398784374241643","potions_obtained":[{"floor":1.0,"key":"LiquidBronze"},{"floor":4.0,"key":"SmokeBomb"},{"floor":11.0,"key":"Block Potion"},{"floor":25.0,"key":"ColorlessPotion"},{"floor":31.0,"key":"AttackPotion"},{"floor":33.0,"key":"Dexterity Potion"},{"floor":35,"key":"Cursed Concoction"},{"floor":36,"key":"Adrenaline Potion"},{"floor":44,"key":"BloodPotion"}],"is_trial":false,"path_per_floor":["M","$","?","?","M","E","R","M","T","R","M","AVR","M","M","R","B",null,"M","?","M","AVR","T","E","M","M","T","R","?","M","R","M","R","B",null,"M","M","$","?","AVR","R","M","M","T","M","R","M","PTL","PTL","$","M","R","B",null],"character_chosen":"IRONCLAD","items_purchased":["Whirlwind","Brimstone","Paper Frog","Medical Kit","Flex","Feel No Pain","Regen Potion","Apotheosis","Evolve","Nunchaku","Replay:Towering Pillar of Hats","Chemical X","Bag of Marbles"],"campfire_rested":4,"item_purchase_floors":[0,0,0,0,0,0,2,37,37,37,37,49,49],"current_hp_per_floor":[36,36,36,36,41,50,50,56,56,56,43,43,49,44,66,25,63,64,64,70,70,70,56,62,38,38,60,60,29,51,45,67,20,61,56,62,62,62,62,62,68,74,74,75,75,75,75,75,75,75,75,52],"gold":187,"neow_bonus":"","is_daily":false,"chose_seed":false,"campfire_upgraded":5,"win_rate":0.0,"timestamp":1609870263,"path_taken":["M","$","?","?","M","E","R","M","T","R","?","AVR","M","M","R","BOSS","M","?","?","AVR","?","E","?","M","T","R","?","M","R","M","R","BOSS","M","M","$","?","AVR","R","M","M","T","?","R","?","PTL","PTL","$","M","R","BOSS"],"items_purchased_type":["Card","Relic","Relic","Relic","Card","Card","Potion","Card","Card","Relic","Relic","Relic","Relic"],"build_version":"2020-12-22","purchased_purges":2,"victory":true,"max_hp_per_floor":[75,75,75,75,75,75,75,75,75,75,75,75,75,75,75,75,75,75,75,75,75,75,75,75,75,75,75,75,75,75,75,75,75,75,75,75,75,75,75,75,75,75,75,75,75,75,75,75,75,75,75,75],"card_choices":[{"not_picked":["ReplayTheSpireMod:Strike From Hell","Sentinel"],"picked":"ReplayTheSpireMod:Limb From Limb","floor":1.0},{"not_picked":["Searing Blow","Anger"],"picked":"Twin Strike","floor":5.0},{"not_picked":["Bludgeon","Carnage","Brutality"],"picked":"SKIP","floor":6.0},{"not_picked":["Shrug It Off","Uppercut"],"picked":"Metallicize","floor":8.0},{"not_picked":["Iron Wave","Replay:Undeath\u0027s Touch"],"picked":"Spot Weakness","floor":11.0},{"not_picked":["Havoc","ReplayTheSpireMod:Corrosion Curse"],"picked":"Shrug It Off","floor":13.0},{"not_picked":["Pommel Strike","Anger","Replay:Undeath\u0027s Touch"],"picked":"SKIP","floor":14.0},{"not_picked":["Juggernaut","Replay:Many Hands"],"picked":"Double Tap","floor":16.0},{"not_picked":["Warcry+1","Wild Strike"],"picked":"Replay:Undeath\u0027s Touch","floor":18.0},{"not_picked":["Armaments","Flex"],"picked":"Dual Wield","floor":23.0},{"not_picked":["Demon Form","Cleave"],"picked":"Thunderclap","floor":24.0},{"not_picked":["Clash","Warcry"],"picked":"Pummel","floor":25.0},{"not_picked":["Hemokinesis","Pommel Strike"],"picked":"ReplayTheSpireMod:Muscle Training","floor":29.0},{"not_picked":["Twin Strike+1","Iron Wave"],"picked":"Dropkick","floor":30.0},{"not_picked":["Dual Wield","Perfected Strike","Twin Strike"],"picked":"SKIP","floor":31.0},{"not_picked":["Berserk","Bludgeon"],"picked":"Reaper","floor":33.0},{"not_picked":["Burning Pact","Heavy Blade+1","Perfected Strike"],"picked":"SKIP","floor":35},{"not_picked":["Clash+1","Cleave"],"picked":"Pommel Strike+1","floor":36},{"not_picked":["Demon Form","Twin Strike","infinitespire:OneForAll"],"picked":"SKIP","floor":41},{"not_picked":["Rupture+1","ReplayTheSpireMod:Stacked","Perfected Strike+1"],"picked":"SKIP","floor":42},{"not_picked":["Warcry","Havoc","Thunderclap+1"],"picked":"SKIP","floor":44},{"not_picked":["Perfected Strike+1","Replay:Many Hands","Heavy Blade"],"picked":"SKIP","floor":46},{"not_picked":["Bloodletting","Reckless Charge","Cleave"],"picked":"SKIP","floor":50}],"player_experience":402781,"relics_obtained":[{"floor":3.0,"key":"ReplayTheSpireMod:Ring of Challenge"},{"floor":6.0,"key":"Replay:Baseball"},{"floor":9.0,"key":"infinitespire:ShieldingShard"},{"floor":22.0,"key":"infinitespire:PuzzleCube"},{"floor":23.0,"key":"Shuriken"},{"floor":25.0,"key":"Dream Catcher"},{"floor":26.0,"key":"Replay:Bandana"},{"floor":43,"key":"Eternal Feather"}],"event_choices":[{"damage_healed":0.0,"max_hp_gain":0.0,"max_hp_loss":0.0,"gold_gain":0.0,"event_name":"Lab","player_choice":"Got Potions","floor":4.0,"gold_loss":0.0,"damage_taken":0.0},{"damage_healed":0.0,"max_hp_gain":0.0,"max_hp_loss":0.0,"gold_gain":0.0,"event_name":"Transmorgrifier","player_choice":"Ignored","floor":19.0,"gold_loss":0.0,"damage_taken":0.0},{"damage_healed":0.0,"max_hp_gain":0.0,"max_hp_loss":7.0,"gold_gain":0.0,"event_name":"betterThird:BetterWriting","player_choice":"Simplicity","floor":28.0,"gold_loss":0.0,"damage_taken":0.0},{"damage_healed":0,"gold_gain":0,"player_choice":"Copied","damage_taken":0,"max_hp_gain":0,"max_hp_loss":0,"event_name":"Duplicator","floor":38,"gold_loss":0,"cards_obtained":["infinitespire:Collect"]}],"is_beta":false,"boss_relics":[{"not_picked":["Runic Dome","Painkiller Herb"],"picked":"Ring of Chaos"},{"not_picked":["Abe\u0027s Treasure","Replay:Bronze Core"],"picked":"infinitespire:Burning Sword"}],"items_purged_floors":[0,0],"is_endless":false,"potions_floor_spawned":[1,11,13,16,25,31,33,35,36,44,46],"ascension_level":18}}