{"host":"tj57avznel0uzvp6","time":1609880009,"event":{"mods":["BaseMod","Downfall","Glutton Mod","Minty Spire (QoL Compilation)","Remove Card Discount Mod","Replay The Spire","StSLib"],"gold_per_floor":[115,115,115,135,153,153,6,6,6,6,25,25,25,42,42,144,244,261,364,376,224,224,224,224,224,251,98,98,98,98,98,98,202,202,231,231,231,240,240,47,47,66,157,157,157,157,157,166,184,295,295,317,326,248,94,94,94,94,112,147,156,156,119,119,119,119,259,259,284,128,158,158,191,191,191,191,243,293,293,293,311,458,458,686,713,738,747,770,445,445,445,445,445,532,532,532,532,236,261,261,470,470,470],"floor_reached":102,"playtime":5021,"items_purged":["Glutton:Feed"],"score":2358,"play_id":"4982cbd1-6038-4adb-9864-50263e7b4159","local_time":"20210105135329","daily_mods":["Colorless Cards","Flight","downfall:Jewelcrafting"],"is_ascension_mode":false,"campfire_choices":[{"floor":6.0,"key":"REST"},{"floor":8.0,"key":"REST"},{"data":"Glutton:StarvationMode","floor":10.0,"key":"SMITH"},{"data":"Slimebound:DuplicatedForm","floor":12.0,"key":"SMITH"},{"data":"Glutton:ToxicResidue","floor":13.0,"key":"SMITH"},{"floor":15.0,"key":"REST"},{"floor":23.0,"key":"REST"},{"floor":24.0,"key":"REST"},{"data":"Guardian:ConstructionForm","floor":25.0,"key":"SMITH"},{"floor":29.0,"key":"REST"},{"data":"Demon Form","floor":32.0,"key":"SMITH"},{"floor":44.0,"key":"REST"},{"floor":45.0,"key":"REST"},{"data":"Glutton:Megrim","floor":47.0,"key":"SMITH"},{"data":"Glutton:Loot","floor":57.0,"key":"SMITH"},{"data":"Glutton:Retaliation","floor":58.0,"key":"SMITH"},{"floor":62.0,"key":"REST"},{"data":"Glutton:ToxicResidue","floor":66.0,"key":"SMITH"},{"floor":74,"key":"REST"},{"floor":75,"key":"REST"},{"data":"Glutton:ToxicResidue","floor":76,"key":"SMITH"},{"data":"Glutton:Mug","floor":80,"key":"SMITH"},{"floor":83,"key":"REST"},{"data":"Replay:SS_forest_6","floor":92,"key":"SMITH"},{"floor":93,"key":"REST"},{"floor":95,"key":"REST"},{"floor":96,"key":"REST"},{"data":"Replay:SS_forest_2","floor":97,"key":"SMITH"},{"floor":100,"key":"REST"}],"circlet_count":0,"master_deck":["Demon Form+1","Wraith Form v2+1","Echo Form+1","Glutton:StarvationMode+1","Guardian:ConstructionForm+1","hexamod:ParanormalForm","Slimebound:DuplicatedForm+1","sneckomod:SerpentMind+1","Glutton:Strike","Glutton:Strike","Glutton:Strike","Glutton:Strike","Glutton:Strike","Glutton:Strike","Glutton:Defend+2","Glutton:Defend","Glutton:Defend","Glutton:Flail","Guardian:ExploitGems","Glutton:Treat+1","Glutton:Yearn+1","Glutton:LashOut+1","Glutton:ToxicResidue+1","Glutton:Retaliation+1","Glutton:Treat+1","ReplayTheSpireMod:Brewmster+1","Glutton:Delusion+1","ReplayTheSpireMod:Splinters","Glutton:LashOut","Glutton:Tantrum+1","Glutton:ToxicResidue+1","Glutton:StarvationMode+1","Glutton:Megrim+1","Glutton:Feed+1","Writhe","Glutton:Scab+1","Doubt","Glutton:StarvationMode+1","Guardian:ExploitGems","Guardian:ExploitGems","Glutton:Loot+1","Parasite","Glutton:Bite+1","Injury","Glutton:ToxicResidue+1","Glutton:ToxicResidue+1","ReplayTheSpireMod:Brewmster+1","Glutton:Mug+1","Glutton:GuardStance","Replay:SS_forest_2+1","Glutton:Hoard","Replay:Bootleg Shield Generator+1","Glutton:Megrim","CurseOfTheBell","Voices","Voices","Glutton:Scab+1","Pain","Replay:SS_forest_6+1","Glutton:EatAlive+1","Glutton:Fast","Guardian:ExploitGems","Guardian:ExploitGems"],"relics":["Glutton:EternalHunger","Guardian:PickAxe","replay:Trail_Library","Regal Pillow","Quantum Egg","Replay:Wanted Poster","Gremlin Food","DollysMirror","CeramicFish","Simple Rune","ReplayTheSpireMod:Ring of Challenge","Ring of Hypnosis","Replay:Wax Seal","champ:Barbells","Ornamental Fan","Bottled Lightning","Glutton:Gemstone","Guardian:PickAxe","MealTicket","Golden Idol","expansioncontent:StudyCardRelic","Glutton:Lollipop","Replay:Ancient Bell","Potion Belt","Molten Egg 2","Unceasing Top","WarpedTongs","ReplayTheSpireMod:Shallot","PreservedInsect","Guardian:BottledAnomaly","ChewingGum","Guardian:PickAxe"],"acts_visited":["Exordium","TheCity","TheBeyond","Exordium","TheCity","TheBeyond","Exordium"],"potions_floor_usage":[73,77,78,78,82,82,82,84,84,84,86,86,90,94,94,94,94,94,99,99,99,99,99,99,101,101,101,101,101,101,101,101,101,101,101,101],"damage_taken":[{"damage":39.0,"enemies":"Jaw Worm","floor":1.0,"turns":4.0},{"damage":38.0,"enemies":"2 Louse","floor":4.0,"turns":3.0},{"damage":37.0,"enemies":"Cultist","floor":5.0,"turns":7.0},{"damage":35.0,"enemies":"Large Slime","floor":11.0,"turns":4.0},{"damage":46.0,"enemies":"Blue Slaver","floor":14.0,"turns":5.0},{"damage":49.0,"enemies":"Fading Forest","floor":16.0,"turns":9.0},{"damage":70.0,"enemies":"Spheric Guardian","floor":18.0,"turns":6.0},{"damage":59.0,"enemies":"Shell Parasite","floor":20.0,"turns":7.0},{"damage":33.0,"enemies":"Colosseum Slavers","floor":28.0,"turns":4.0},{"damage":74.0,"enemies":"Champ","floor":33.0,"turns":8.0},{"damage":39.0,"enemies":"Orb Walker","floor":35.0,"turns":5.0},{"damage":80.0,"enemies":"3 Shapes","floor":42.0,"turns":7.0},{"damage":98.0,"enemies":"Time Eater","floor":50.0,"turns":8.0},{"damage":45.0,"enemies":"Jaw Worm","floor":52.0,"turns":5.0},{"damage":63.0,"enemies":"Gremlin Nob","floor":60.0,"turns":4.0},{"damage":72.0,"enemies":"Fading Forest","floor":67.0,"turns":11.0},{"damage":39.0,"enemies":"Shell Parasite","floor":69.0,"turns":5.0},{"damage":42.0,"enemies":"Chosen","floor":71.0,"turns":4.0},{"damage":33,"enemies":"Shelled Parasite and Fungi","floor":73,"turns":5},{"damage":94,"enemies":"Book of Stabbing","floor":77,"turns":5},{"damage":50,"enemies":"Snecko","floor":78,"turns":7},{"damage":44,"enemies":"Snake Plant","floor":82,"turns":5},{"damage":109,"enemies":"Champ","floor":84,"turns":9},{"damage":0,"enemies":"Orb Walker","floor":86,"turns":4},{"damage":26,"enemies":"3 Shapes","floor":88,"turns":4},{"damage":0,"enemies":"Transient","floor":90,"turns":1},{"damage":108,"enemies":"R_Hoarder","floor":94,"turns":7},{"damage":73,"enemies":"Maw","floor":99,"turns":9},{"damage":140,"enemies":"Donu and Deca","floor":101,"turns":9}],"seed_played":"3514685112453466651","potions_obtained":[{"floor":14.0,"key":"Dexterity Potion"},{"floor":16.0,"key":"Elixir"},{"floor":18.0,"key":"Adrenaline Potion"},{"floor":33.0,"key":"Energy Potion"},{"floor":42.0,"key":"PowerPotion"},{"floor":67.0,"key":"FairyPotion"},{"floor":69.0,"key":"Death Potion"},{"floor":73,"key":"PowerPotion"},{"floor":86,"key":"SteroidPotion"},{"floor":91,"key":"CultistPotion"},{"floor":91,"key":"LiquidMemories"},{"floor":91,"key":"Guardian:BlockOnCardUsePotion"}],"is_trial":true,"path_per_floor":["M","?","?","M","M","R","$","R","T","R","M","R","R","M","R","B",null,"M","?","M","$","?","R","R","R","T","$","?","R","?","?","R","B",null,"M","?","?","?","$","$","T","M","T","R","R","$","R","?","R","B",null,"M","?","$","$","?","R","R","R","E","?","R","$","?","?","R","B",null,"M","$","M","?","M","R","R","R","E","M","?","R","R","M","R","B",null,"M","?","M","$","M","?","R","R","E","R","R","R","$","M","R","B",null],"character_chosen":"GLUTTON","items_purchased":["Regal Pillow","DollysMirror","Simple Rune","Replay:Wax Seal","champ:Barbells","LiquidMemories","MealTicket","Glutton:ToxicResidue","Glutton:Lollipop","ReplayTheSpireMod:Shallot","Replay:SS_forest_6","PreservedInsect","Guardian:BottledAnomaly"],"campfire_rested":16,"item_purchase_floors":[7,21,27,40,40,54,55,63,70,89,89,98,98],"current_hp_per_floor":[96,96,96,73,51,87,87,120,120,120,100,100,100,69,120,101,120,80,80,21,21,21,72,120,120,120,120,87,120,120,120,120,61,120,81,81,81,111,111,111,111,31,31,82,120,120,120,120,120,38,120,80,110,110,110,110,110,110,110,47,47,98,113,113,113,113,68,120,89,104,62,62,39,90,120,120,34,49,134,134,134,106,134,36,134,134,134,108,123,123,123,123,134,53,108,134,134,134,85,134,57,134,134],"gold":470,"neow_bonus":"","is_daily":false,"chose_seed":false,"campfire_upgraded":13,"win_rate":0.0,"timestamp":1609880009,"path_taken":["M","?","?","?","M","R","$","R","T","R","M","R","R","M","R","BOSS","M","?","?","$","?","R","R","R","T","$","?","R","?","?","R","BOSS","M","?","?","?","$","$","?","M","T","R","R","$","R","?","R","BOSS","M","?","$","$","?","R","R","R","E","?","R","$","?","?","R","BOSS","M","$","?","?","M","R","R","R","E","?","?","R","R","?","R","BOSS","M","?","?","$","?","?","R","R","E","R","R","R","$","M","R","BOSS"],"items_purchased_type":["Relic","Relic","Relic","Relic","Relic","Potion","Relic","Card","Relic","Relic","Card","Relic","Relic"],"build_version":"2020-12-22","purchased_purges":1,"victory":false,"max_hp_per_floor":[120,120,120,120,120,120,120,120,120,120,120,120,120,120,120,120,120,120,120,120,120,120,120,120,120,120,120,120,120,120,120,120,120,120,120,120,120,120,120,120,120,120,120,120,120,120,120,120,120,120,120,120,120,120,120,120,120,120,120,120,120,120,120,120,120,120,120,120,120,120,120,120,120,120,120,120,120,124,134,134,134,134,134,134,134,134,134,134,134,134,134,134,134,134,134,134,134,134,134,134,134,134,134],"card_choices":[{"not_picked":["Glutton:Devour","Glutton:Tantrum"],"picked":"Glutton:Treat","floor":1.0},{"not_picked":["Glutton:Brace","expansioncontent:YouAreMine"],"picked":"Glutton:Yearn","floor":4.0},{"not_picked":["Deep Breath","Glutton:Salivate"],"picked":"Glutton:LashOut","floor":5.0},{"not_picked":["ReplayTheSpireMod:Trickstab","Glutton:BloodyKnuckle"],"picked":"Glutton:Retaliation","floor":11.0},{"not_picked":["Glutton:Yearn","Glutton:PainMeditation"],"picked":"Glutton:Treat","floor":14.0},{"not_picked":["Glutton:Excrescence","Glutton:Reminisce"],"picked":"ReplayTheSpireMod:Brewmster","floor":16.0},{"not_picked":["Glutton:Rest+1","Glutton:Slam+1"],"picked":"Glutton:Delusion","floor":18.0},{"not_picked":["Glutton:KneeJerk","expansioncontent:SlimeTackle"],"picked":"Glutton:LashOut","floor":19.0},{"not_picked":["Glutton:SelfFlagellate","Glutton:PainMeditation+1"],"picked":"Glutton:Tantrum","floor":19.0},{"not_picked":["Glutton:Salivate","Glutton:Chrysosphagy+1"],"picked":"Glutton:ToxicResidue+1","floor":20.0},{"not_picked":["Glutton:Fast","ReplayTheSpireMod:Brewmster"],"picked":"Glutton:Megrim","floor":33.0},{"not_picked":["Glutton:GnawingHunger+1","Forethought+1"],"picked":"Glutton:Feed+1","floor":35.0},{"not_picked":["Purity","Glutton:SelfFlagellate+1","Glutton:Thrombosis"],"picked":"SKIP","floor":42.0},{"not_picked":["Glutton:Malignancy","Panache"],"picked":"Glutton:StarvationMode","floor":50.0},{"not_picked":["Glutton:Feed","Bandage Up"],"picked":"Glutton:Loot","floor":52.0},{"not_picked":["Replay:SS_fish_2","Glutton:Thrombosis"],"picked":"Glutton:Bite","floor":60.0},{"not_picked":["Glutton:Malignancy","Master of Strategy"],"picked":"ReplayTheSpireMod:Brewmster","floor":67.0},{"not_picked":["Glutton:Bite","Glutton:Feast"],"picked":"Glutton:Mug","floor":69.0},{"not_picked":["Glutton:Thrombosis","Glutton:Bite"],"picked":"Glutton:GuardStance","floor":71.0},{"not_picked":["Glutton:GnawingHunger","Glutton:Slam"],"picked":"Replay:SS_forest_2","floor":73},{"not_picked":["Glutton:Treat","expansioncontent:TimeRipple+1"],"picked":"Glutton:Hoard","floor":77},{"not_picked":["Glutton:Yearn","Glutton:Borborygmi","Glutton:KneeJerk+1"],"picked":"SKIP","floor":78},{"not_picked":["Glutton:Malignancy","Glutton:Slam"],"picked":"Replay:Bootleg Shield Generator+1","floor":82},{"not_picked":["expansioncontent:QuickStudy","HandOfGreed"],"picked":"Glutton:Megrim","floor":84},{"not_picked":["Shame","Sickly"],"picked":"CurseOfTheBell","floor":85},{"not_picked":["Decay","Shame"],"picked":"Voices","floor":85},{"not_picked":["Normality","Delirium"],"picked":"Voices","floor":85},{"not_picked":["Glutton:Delusion+1","Glutton:Slam+1"],"picked":"Glutton:Scab+1","floor":86},{"not_picked":["Glutton:Bite+1","Glutton:PainMeditation+1","Glutton:Revivification"],"picked":"SKIP","floor":88},{"not_picked":["Glutton:KneeJerk+1","Glutton:Tantrum+1"],"picked":"Glutton:EatAlive+1","floor":94},{"not_picked":["ReplayTheSpireMod:Uncanny Aura+1","Glutton:Feed+1","Glutton:Treat"],"picked":"SKIP","floor":99},{"not_picked":["Apotheosis","expansioncontent:StudyTheSpire"],"picked":"Glutton:Fast","floor":101}],"player_experience":578268,"relics_obtained":[{"floor":9.0,"key":"Quantum Egg"},{"floor":19.0,"key":"Gremlin Food"},{"floor":26.0,"key":"CeramicFish"},{"floor":31.0,"key":"ReplayTheSpireMod:Ring of Challenge"},{"floor":31.0,"key":"Ring of Hypnosis"},{"floor":41.0,"key":"Ornamental Fan"},{"floor":43.0,"key":"Bottled Lightning"}],"event_choices":[{"damage_healed":0.0,"max_hp_gain":0.0,"max_hp_loss":0.0,"gold_gain":0.0,"event_name":"Living Wall","player_choice":"Grow","floor":2.0,"gold_loss":0.0,"damage_taken":0.0,"cards_upgraded":["Echo Form"]},{"damage_healed":0.0,"max_hp_gain":0.0,"max_hp_loss":0.0,"gold_gain":0.0,"event_name":"NoteForYourself","player_choice":"Ignored","floor":3.0,"gold_loss":0.0,"damage_taken":0.0},{"damage_healed":0.0,"max_hp_gain":0.0,"max_hp_loss":0.0,"gold_gain":0.0,"event_name":"Beggar","player_choice":"Ignored","floor":22.0,"gold_loss":0.0,"damage_taken":0.0},{"damage_healed":0.0,"max_hp_gain":0.0,"max_hp_loss":0.0,"gold_gain":0.0,"event_name":"Colosseum","player_choice":"Fight","floor":28.0,"gold_loss":0.0,"damage_taken":0.0},{"damage_healed":0.0,"max_hp_gain":0.0,"max_hp_loss":0.0,"gold_gain":0.0,"event_name":"Colosseum","player_choice":"Fled From Nobs","floor":28.0,"gold_loss":0.0,"damage_taken":0.0},{"damage_healed":0.0,"max_hp_gain":0.0,"max_hp_loss":0.0,"gold_gain":0.0,"event_name":"Vampires","player_choice":"Ignored","floor":30.0,"gold_loss":0.0,"damage_taken":0.0},{"damage_healed":0.0,"max_hp_gain":0.0,"max_hp_loss":0.0,"gold_gain":0.0,"event_name":"Mysterious Sphere","player_choice":"Ignored","floor":36.0,"gold_loss":0.0,"damage_taken":0.0},{"cards_removed":["Guardian:ExploitGems"],"damage_healed":0.0,"max_hp_gain":0.0,"max_hp_loss":0.0,"gold_gain":0.0,"event_name":"Falling","player_choice":"Removed Skill","floor":37.0,"gold_loss":0.0,"damage_taken":0.0},{"damage_healed":30.0,"max_hp_gain":0.0,"max_hp_loss":0.0,"gold_gain":0.0,"event_name":"Winding Halls","player_choice":"Writhe","floor":38.0,"gold_loss":0.0,"damage_taken":0.0,"cards_obtained":["Writhe"]},{"damage_healed":0.0,"max_hp_gain":0.0,"max_hp_loss":0.0,"gold_gain":0.0,"event_name":"MindBloom","player_choice":"Heal","floor":48.0,"gold_loss":0.0,"damage_taken":0.0,"cards_obtained":["Doubt"]},{"damage_healed":30.0,"max_hp_gain":0.0,"max_hp_loss":0.0,"gold_gain":0.0,"event_name":"Mushrooms","player_choice":"Healed and dodged fight","floor":53.0,"gold_loss":0.0,"damage_taken":0.0,"cards_obtained":["Parasite"]},{"damage_healed":0.0,"max_hp_gain":0.0,"max_hp_loss":0.0,"gold_gain":0.0,"event_name":"Living Wall","player_choice":"Grow","floor":56.0,"gold_loss":0.0,"damage_taken":0.0,"cards_upgraded":["Glutton:StarvationMode"]},{"damage_healed":0.0,"max_hp_gain":0.0,"max_hp_loss":0.0,"gold_gain":0.0,"event_name":"Golden Idol","player_choice":"Take Wound","floor":61.0,"gold_loss":0.0,"damage_taken":0.0,"relics_obtained":["Golden Idol"],"cards_obtained":["Injury"]},{"damage_healed":0.0,"max_hp_gain":0.0,"max_hp_loss":0.0,"gold_gain":0.0,"event_name":"The Cleric","player_choice":"Leave","floor":64.0,"gold_loss":0.0,"damage_taken":0.0},{"damage_healed":0.0,"max_hp_gain":0.0,"max_hp_loss":0.0,"gold_gain":0.0,"event_name":"NoteForYourself","player_choice":"Ignored","floor":65.0,"gold_loss":0.0,"damage_taken":0.0},{"damage_healed":0,"gold_gain":0,"player_choice":"Upgraded","damage_taken":0,"max_hp_gain":0,"max_hp_loss":0,"event_name":"Upgrade Shrine","floor":72,"gold_loss":0,"cards_upgraded":["ReplayTheSpireMod:Brewmster"]},{"cards_removed":["DevaForm"],"damage_healed":75,"gold_gain":0,"player_choice":"Offered Rare","damage_taken":0,"max_hp_gain":10,"max_hp_loss":0,"event_name":"Bonfire Elementals","floor":79,"gold_loss":0},{"damage_healed":0,"gold_gain":0,"player_choice":"Rummage","damage_taken":0,"relics_obtained":["WarpedTongs"],"max_hp_gain":0,"max_hp_loss":0,"event_name":"Accursed Blacksmith","floor":87,"gold_loss":0,"cards_obtained":["Pain"]},{"damage_healed":0,"gold_gain":0,"player_choice":"Got Potions","damage_taken":0,"max_hp_gain":0,"max_hp_loss":0,"event_name":"Lab","floor":91,"gold_loss":0}],"is_beta":false,"boss_relics":[{"not_picked":["Tiny House","Black Star"],"picked":"Replay:Wanted Poster"},{"not_picked":["Replay:Grab Bag","Pandora\u0027s Box","Astrolabe"]},{"not_picked":["SacredBark","Glutton:InfiniteFamine"],"picked":"Glutton:Gemstone"},{"not_picked":["ReplayTheSpireMod:DimensionalGlitch","Coffee Dripper"],"picked":"expansioncontent:StudyCardRelic"},{"not_picked":["Glutton:DoggyBag","Runic Pyramid"],"picked":"Replay:Ancient Bell"},{"not_picked":["Dream Catcher","ReplayTheSpireMod:Lightbulb"],"picked":"Potion Belt"},{"not_picked":["ReplayTheSpireMod:Ninjato","Iron Hammer"],"picked":"Molten Egg 2"},{"not_picked":["Prayer Wheel","Glutton:Syringe"],"picked":"Unceasing Top"},{"not_picked":["Velvet Choker","Replay:Grab Bag"],"picked":"ChewingGum"}],"items_purged_floors":[27],"is_endless":true,"potions_floor_spawned":[14,16,18,33,42,60,67,69,73,82,86,90,101],"ascension_level":0}}