{"host":"guuaiw5iymup2wxb","time":1609851675,"event":{"mods":["BaseMod","Jorbs\u0027s Wanderer Trilogy","Minty Spire (QoL Compilation)","Quick Restart","StSLib"],"gold_per_floor":[110,129,148,148,169,169,202,215,215,215,235,235,8,8,8,134,134,158,158,177,177,196,196,196],"floor_reached":23,"playtime":4000,"items_purged":["stsjorbsmod:Strike_Wanderer"],"score":193,"play_id":"c8f8ea5a-0acd-4ef3-98d8-7ea84ea388e1","local_time":"20210105050115","is_ascension_mode":false,"campfire_choices":[{"data":"stsjorbsmod:Channel","floor":6,"key":"SMITH"},{"data":"stsjorbsmod:Inferno","floor":10,"key":"SMITH"},{"data":"stsjorbsmod:ChainLightning","floor":12,"key":"SMITH"},{"floor":15,"key":"REST"}],"circlet_count":0,"master_deck":["stsjorbsmod:ForbiddenGrimoire+1","stsjorbsmod:Strike_Wanderer","stsjorbsmod:Strike_Wanderer","stsjorbsmod:Strike_Wanderer","stsjorbsmod:Defend_Wanderer","stsjorbsmod:Defend_Wanderer","stsjorbsmod:Defend_Wanderer","stsjorbsmod:FreshAdventure","stsjorbsmod:EyeOfTheStorm","stsjorbsmod:TollTheDead","stsjorbsmod:FranticSearch","stsjorbsmod:Channel+1","stsjorbsmod:MagicMirror","stsjorbsmod:TrueStrike","stsjorbsmod:Inferno+1","stsjorbsmod:ChainLightning+1","stsjorbsmod:Prepare","stsjorbsmod:Pyromancy","stsjorbsmod:Counterspell","stsjorbsmod:HedgeWizard+1","stsjorbsmod:OldPocket+1"],"relics":["stsjorbsmod:GrimoireRelic","Golden Idol","Calipers","Mercury Hourglass","OrangePellets","Snecko Eye"],"acts_visited":["TheCity"],"potions_floor_usage":[7,16,16,16,23],"damage_taken":[{"damage":3,"enemies":"Jaw Worm","floor":1,"turns":4},{"damage":0,"enemies":"Small Slimes","floor":2,"turns":4},{"damage":4,"enemies":"Cultist","floor":3,"turns":3},{"damage":3,"enemies":"Red Slaver","floor":5,"turns":3},{"damage":11,"enemies":"Gremlin Nob","floor":7,"turns":4},{"damage":5,"enemies":"Looter","floor":8,"turns":3},{"damage":8,"enemies":"Gremlin Gang","floor":11,"turns":4},{"damage":43,"enemies":"Hexaghost","floor":16,"turns":9},{"damage":6,"enemies":"Shell Parasite","floor":18,"turns":5},{"damage":24,"enemies":"2 Thieves","floor":20,"turns":4},{"damage":3,"enemies":"3 Cultists","floor":22,"turns":4},{"damage":53,"enemies":"Book of Stabbing","floor":23,"turns":6}],"seed_played":"3667936607363542695","potions_obtained":[{"floor":1,"key":"EntropicBrew"},{"floor":5,"key":"Block Potion"},{"floor":7,"key":"PowerPotion"},{"floor":11,"key":"Dexterity Potion"},{"floor":21,"key":"BlessingOfTheForge"}],"is_trial":false,"path_per_floor":["M","M","M","?","M","R","E","M","T","R","M","R","$","?","R","B",null,"M","?","M","?","M","E"],"character_chosen":"WANDERER","items_purchased":["OrangePellets"],"campfire_rested":1,"item_purchase_floors":[13],"current_hp_per_floor":[75,76,76,57,56,56,47,44,44,44,38,38,38,38,61,18,78,75,75,53,53,50,0,0],"gold":196,"neow_bonus":"TEN_PERCENT_HP_BONUS","is_daily":false,"chose_seed":false,"campfire_upgraded":3,"win_rate":0.0,"timestamp":1609851675,"path_taken":["M","M","M","?","M","R","E","M","T","R","M","R","$","?","R","BOSS","M","?","?","?","?","E"],"items_purchased_type":["Relic"],"build_version":"2020-12-22","purchased_purges":1,"victory":false,"max_hp_per_floor":[76,76,78,78,78,78,78,78,78,78,78,78,78,78,78,78,78,78,78,78,78,78,78,78],"card_choices":[{"not_picked":["stsjorbsmod:Mania","stsjorbsmod:Hurt"],"picked":"stsjorbsmod:TollTheDead","floor":1},{"not_picked":["stsjorbsmod:ColorSpray","stsjorbsmod:TollTheDead"],"picked":"stsjorbsmod:FranticSearch","floor":2},{"not_picked":["stsjorbsmod:MagicMissiles","stsjorbsmod:SmithingStrike"],"picked":"stsjorbsmod:Channel","floor":3},{"not_picked":["stsjorbsmod:Materialize","stsjorbsmod:Firebolt"],"picked":"stsjorbsmod:MagicMirror","floor":5},{"not_picked":["stsjorbsmod:OldPocket","stsjorbsmod:FindFamiliar"],"picked":"stsjorbsmod:TrueStrike","floor":7},{"not_picked":["stsjorbsmod:UnseenServant","stsjorbsmod:Message"],"picked":"stsjorbsmod:Inferno","floor":8},{"not_picked":["stsjorbsmod:ColorSpray","stsjorbsmod:Hibernate"],"picked":"stsjorbsmod:ChainLightning","floor":11},{"not_picked":["stsjorbsmod:Banish","stsjorbsmod:Fear"],"picked":"stsjorbsmod:Pyromancy","floor":16},{"not_picked":["stsjorbsmod:Message+1","stsjorbsmod:Hurt"],"picked":"stsjorbsmod:Counterspell","floor":18},{"not_picked":["stsjorbsmod:FranticSearch+1","stsjorbsmod:RayOfFrost+1"],"picked":"stsjorbsmod:HedgeWizard+1","floor":20},{"not_picked":["stsjorbsmod:BurningFlask","stsjorbsmod:Channel+1"],"picked":"stsjorbsmod:OldPocket+1","floor":22}],"player_experience":0,"relics_obtained":[{"floor":7,"key":"Calipers"},{"floor":9,"key":"Mercury Hourglass"}],"event_choices":[{"damage_healed":0,"gold_gain":0,"player_choice":"Take Damage","damage_taken":19,"relics_obtained":["Golden Idol"],"max_hp_gain":0,"max_hp_loss":0,"event_name":"Golden Idol","floor":4,"gold_loss":0},{"damage_healed":0,"gold_gain":0,"cards_transformed":["stsjorbsmod:Defend_Wanderer"],"player_choice":"Transformed","damage_taken":0,"max_hp_gain":0,"max_hp_loss":0,"event_name":"Transmorgrifier","floor":14,"gold_loss":0,"cards_obtained":["stsjorbsmod:Prepare"]},{"damage_healed":0,"gold_gain":0,"player_choice":"Bought 0 Potions","damage_taken":0,"max_hp_gain":0,"max_hp_loss":0,"event_name":"The Woman in Blue","floor":19,"gold_loss":0},{"damage_healed":0,"gold_gain":0,"player_choice":"Got Potions","damage_taken":0,"max_hp_gain":0,"max_hp_loss":0,"event_name":"Lab","floor":21,"gold_loss":0}],"is_beta":false,"boss_relics":[{"not_picked":["Cursed Key","Fusion Hammer"],"picked":"Snecko Eye"}],"items_purged_floors":[13],"is_endless":false,"potions_floor_spawned":[1,5,7,11,22],"killed_by":"Book of Stabbing","ascension_level":0}}