{"host":"ynimr9ugvc6f046i","time":1609810123,"event":{"mods":["2.2 Compatiblity","BaseMod","Colored Map","DeckTracker","Highlight Path","Keyboard Shortcuts","Minty Spire (QoL Compilation)","Permanent Neow","Quick Restart","StSLib","SuperFastMode"],"gold_per_floor":[214,214,139,139,162,162,176,176,176,176,210,210,110,129,129,225,225,250,165,165,40,65,65,99,99,99,118,142,142,166,209,209,304,304,322,340,340,190,221,259,272,316,398,398,423,423,462,475,475,475,475,475,475,48,87,87],"floor_reached":57,"playtime":1491,"items_purged":["Strike_G","Defend_G","Defend_G","Neutralize","Prepared+1"],"score":3581,"play_id":"47893872-6331-435d-b05c-59f8ecd30d8e","local_time":"20210105102843","is_ascension_mode":true,"campfire_choices":[{"data":"Strike_G","floor":6.0,"key":"PURGE"},{"data":"Strike_G","floor":8.0,"key":"PURGE"},{"data":"Strike_G","floor":10.0,"key":"PURGE"},{"data":"Defend_G","floor":15.0,"key":"PURGE"},{"data":"Defend_G","floor":23.0,"key":"PURGE"},{"data":"Defend_G","floor":25.0,"key":"PURGE"},{"data":"Survivor","floor":32.0,"key":"PURGE"},{"data":"Tactician+1","floor":44.0,"key":"PURGE"},{"floor":49.0,"key":"RECALL"},{"data":"Grand Finale","floor":53.0,"key":"SMITH"}],"circlet_count":0,"master_deck":["AscendersBane","Reflex+1","Acrobatics+1","Calculated Gamble+1","Reflex+1","Acrobatics+1","Tactician+1","Calculated Gamble+1","Prepared+1","Well Laid Plans+1","Well Laid Plans+1","Grand Finale+1","Grand Finale+1"],"relics":["Ring of the Snake","Toxic Egg 2","Tingsha","Tough Bandages","Gambling Chip","Peace Pipe","Golden Idol","Bronze Scales","Black Star","Question Card","CaptainsWheel","Strawberry","Juzu Bracelet","StrikeDummy","Regal Pillow","SlaversCollar","Meat on the Bone","Du-Vu Doll","Paper Crane","Pantograph","MealTicket","Mango","Happy Flower","DollysMirror","Sundial","Bottled Tornado"],"acts_visited":["Exordium","TheCity","TheBeyond","TheEnding"],"potions_floor_usage":[54],"damage_taken":[{"damage":0.0,"enemies":"Jaw Worm","floor":1.0,"turns":1.0},{"damage":0.0,"enemies":"2 Louse","floor":5.0,"turns":1.0},{"damage":0.0,"enemies":"Cultist","floor":7.0,"turns":1.0},{"damage":0.0,"enemies":"3 Sentries","floor":11.0,"turns":1.0},{"damage":0.0,"enemies":"3 Louse","floor":14.0,"turns":1.0},{"damage":0.0,"enemies":"Slime Boss","floor":16.0,"turns":1.0},{"damage":0.0,"enemies":"3 Byrds","floor":18.0,"turns":1.0},{"damage":0.0,"enemies":"Spheric Guardian","floor":22.0,"turns":1.0},{"damage":0.0,"enemies":"Gremlin Leader","floor":24.0,"turns":1.0},{"damage":0.0,"enemies":"Centurion and Healer","floor":27.0,"turns":1.0},{"damage":0.0,"enemies":"Snecko","floor":28.0,"turns":1.0},{"damage":0.0,"enemies":"Shelled Parasite and Fungi","floor":30.0,"turns":1.0},{"damage":0.0,"enemies":"Book of Stabbing","floor":31.0,"turns":1.0},{"damage":0.0,"enemies":"Automaton","floor":33.0,"turns":1.0},{"damage":0.0,"enemies":"Orb Walker","floor":35.0,"turns":1.0},{"damage":0.0,"enemies":"3 Darklings","floor":36.0,"turns":1.0},{"damage":0.0,"enemies":"Mind Bloom Boss Battle","floor":39.0,"turns":1.0},{"damage":0.0,"enemies":"Giant Head","floor":40.0,"turns":1.0},{"damage":0.0,"enemies":"4 Shapes","floor":41.0,"turns":1.0},{"damage":0.0,"enemies":"Reptomancer","floor":42.0,"turns":1.0},{"damage":0.0,"enemies":"Transient","floor":45.0,"turns":6.0},{"damage":0.0,"enemies":"Nemesis","floor":47.0,"turns":1.0},{"damage":0.0,"enemies":"Spire Growth","floor":48.0,"turns":1.0},{"damage":0.0,"enemies":"Donu and Deca","floor":50.0,"turns":1.0},{"damage":0.0,"enemies":"Time Eater","floor":51.0,"turns":2.0},{"damage":0,"enemies":"Shield and Spear","floor":55,"turns":1},{"damage":0,"enemies":"The Heart","floor":56,"turns":4}],"seed_played":"3432734103020275352","potions_obtained":[{"floor":1.0,"key":"EssenceOfSteel"},{"floor":11.0,"key":"GamblersBrew"},{"floor":35.0,"key":"LiquidMemories"},{"floor":48.0,"key":"Fruit Juice"}],"is_trial":false,"path_per_floor":["M","?","$","?","M","R","M","R","T","R","E","?","$","M","R","B",null,"M","?","?","$","M","R","E","R","T","M","M","?","M","E","R","B",null,"M","M","?","$","?","E","M","E","T","R","M","?","E","M","R","B","B",null,"R","$","E","B",null],"character_chosen":"THE_SILENT","items_purchased":["Happy Flower","DuplicationPotion"],"campfire_rested":0,"item_purchase_floors":[54,54],"current_hp_per_floor":[59,36,36,32,32,32,32,32,32,32,32,32,32,32,32,32,58,58,58,58,58,58,58,65,65,65,65,65,65,65,65,65,65,71,71,71,69,69,69,69,69,69,69,69,69,69,83,83,83,83,83,83,83,88,88,88],"gold":87,"neow_bonus":"HUNDRED_GOLD","is_daily":false,"chose_seed":false,"campfire_upgraded":1,"win_rate":0.0,"timestamp":1609810123,"path_taken":["M","?","$","?","M","R","?","R","T","R","E","?","$","M","R","BOSS","M","?","?","$","M","R","E","R","T","M","M","?","M","E","R","BOSS","M","M","?","$","?","E","M","E","T","R","M","?","E","M","R","BOSS","BOSS","R","$","E","BOSS"],"items_purchased_type":["Relic","Potion"],"build_version":"2020-12-22","purchased_purges":5,"victory":true,"max_hp_per_floor":[66,66,66,66,66,66,66,66,66,66,66,66,66,66,66,66,66,66,66,66,66,66,66,73,73,73,73,73,73,73,73,73,73,73,73,73,69,69,69,69,69,69,69,69,69,69,83,83,83,83,83,83,83,88,88,88],"card_choices":[{"not_picked":["Distraction+1","Deflect+1","Sucker Punch"],"picked":"SKIP","floor":1.0},{"not_picked":["Sucker Punch","Eviscerate","Crippling Poison+1"],"picked":"SKIP","floor":5.0},{"not_picked":["Deadly Poison+1","Dagger Spray","Bouncing Flask+1"],"picked":"SKIP","floor":7.0},{"not_picked":["Concentrate+1","Prepared+1","Crippling Poison+1"],"picked":"SKIP","floor":11.0},{"not_picked":["Concentrate+1","Crippling Poison+1"],"picked":"Prepared+1","floor":11.0},{"not_picked":["Bane","Dagger Spray","Predator"],"picked":"SKIP","floor":14.0},{"not_picked":["Dagger Throw","Bane"],"picked":"Prepared+1","floor":18.0},{"not_picked":["Well Laid Plans","Masterful Stab","Sucker Punch","Flying Knee"],"picked":"SKIP","floor":22.0},{"not_picked":["Bane","Blade Dance+1","Flying Knee","Infinite Blades"],"picked":"SKIP","floor":24.0},{"not_picked":["Sucker Punch","Well Laid Plans","Dagger Spray","Dodge and Roll+1"],"picked":"SKIP","floor":27.0},{"not_picked":["Sucker Punch+1","Dodge and Roll+1","Acrobatics+1","Expertise+1"],"picked":"SKIP","floor":28.0},{"not_picked":["Tactician+1","Well Laid Plans","Reflex+1","Leg Sweep+1"],"picked":"SKIP","floor":30.0},{"not_picked":["Slice+1","Backflip+1","Storm of Steel+1","PiercingWail+1"],"picked":"SKIP","floor":31.0},{"not_picked":["Calculated Gamble+1","Bane","Caltrops","Backflip+1"],"picked":"SKIP","floor":35.0},{"not_picked":["Calculated Gamble+1","Bane","Caltrops","Backflip+1"],"picked":"SKIP","floor":35.0},{"not_picked":["Dagger Throw+1","Sucker Punch","Poisoned Stab","Deadly Poison+1"],"picked":"SKIP","floor":36.0},{"not_picked":["Dagger Throw","Deflect+1","Calculated Gamble+1"],"picked":"Grand Finale","floor":40.0},{"not_picked":["Bane+1","Finisher+1","Slice","PiercingWail+1"],"picked":"SKIP","floor":41.0},{"not_picked":["Well Laid Plans","Calculated Gamble+1","Doppelganger+1","Bane"],"picked":"SKIP","floor":42.0},{"not_picked":["Prepared+1","Caltrops+1","Quick Slash+1","Blade Dance+1"],"picked":"SKIP","floor":45.0},{"not_picked":["Dash","Endless Agony+1","Heel Hook","Acrobatics+1"],"picked":"SKIP","floor":47.0},{"not_picked":["Slice","Underhanded Strike","Dagger Throw+1","Prepared+1"],"picked":"SKIP","floor":48.0},{"not_picked":["Doppelganger+1","Slice","Sucker Punch","Flying Knee"],"picked":"SKIP","floor":55}],"player_experience":536799,"relics_obtained":[{"floor":11.0,"key":"Bronze Scales"},{"floor":24.0,"key":"CaptainsWheel"},{"floor":24.0,"key":"Strawberry"},{"floor":26.0,"key":"Juzu Bracelet"},{"floor":31.0,"key":"StrikeDummy"},{"floor":31.0,"key":"Regal Pillow"},{"floor":40.0,"key":"Meat on the Bone"},{"floor":42.0,"key":"Du-Vu Doll"},{"floor":42.0,"key":"Paper Crane"},{"floor":43.0,"key":"Pantograph"},{"floor":47.0,"key":"MealTicket"},{"floor":47.0,"key":"Mango"},{"floor":55,"key":"Sundial"},{"floor":55,"key":"Bottled Tornado"}],"event_choices":[{"damage_healed":0.0,"max_hp_gain":0.0,"max_hp_loss":0.0,"gold_gain":0.0,"event_name":"Golden Idol","player_choice":"Take Damage","floor":2.0,"gold_loss":0.0,"damage_taken":23.0,"relics_obtained":["Golden Idol"]},{"damage_healed":0.0,"max_hp_gain":0.0,"max_hp_loss":0.0,"gold_gain":0.0,"event_name":"The Woman in Blue","player_choice":"Bought 0 Potions","floor":4.0,"gold_loss":0.0,"damage_taken":0.0},{"damage_healed":0.0,"max_hp_gain":0.0,"max_hp_loss":0.0,"gold_gain":0.0,"cards_transformed":["Strike_G"],"event_name":"Transmorgrifier","player_choice":"Transformed","floor":12.0,"gold_loss":0.0,"damage_taken":0.0,"cards_obtained":["Well Laid Plans"]},{"damage_healed":0.0,"max_hp_gain":0.0,"max_hp_loss":0.0,"gold_gain":0.0,"event_name":"Addict","player_choice":"Obtained Relic","floor":19.0,"gold_loss":85.0,"damage_taken":0.0,"relics_obtained":["Question Card"]},{"damage_healed":0.0,"max_hp_gain":0.0,"max_hp_loss":0.0,"gold_gain":0.0,"event_name":"Vampires","player_choice":"Ignored","floor":20.0,"gold_loss":0.0,"damage_taken":0.0},{"damage_healed":0.0,"max_hp_gain":0.0,"max_hp_loss":0.0,"gold_gain":0.0,"event_name":"Duplicator","player_choice":"Copied","floor":29.0,"gold_loss":0.0,"damage_taken":0.0,"cards_obtained":["Well Laid Plans"]},{"damage_healed":0.0,"max_hp_gain":0.0,"max_hp_loss":4.0,"gold_gain":0.0,"event_name":"Winding Halls","player_choice":"Max HP","floor":37.0,"gold_loss":0.0,"damage_taken":0.0},{"damage_healed":0.0,"max_hp_gain":0.0,"max_hp_loss":0.0,"gold_gain":0.0,"event_name":"MindBloom","player_choice":"Fight","floor":39.0,"gold_loss":0.0,"damage_taken":0.0},{"damage_healed":0.0,"max_hp_gain":0.0,"max_hp_loss":0.0,"gold_gain":0.0,"event_name":"SensoryStone","player_choice":"Memory 1","floor":46.0,"gold_loss":0.0,"damage_taken":0.0}],"is_beta":false,"boss_relics":[{"not_picked":["Ring of the Serpent","WristBlade"],"picked":"Black Star"},{"not_picked":["Pandora\u0027s Box","Calling Bell"],"picked":"SlaversCollar"}],"items_purged_floors":[3,13,21,38,54],"is_endless":false,"potions_floor_spawned":[1,11,16,22,24,33,35,36,47,48],"ascension_level":20}}