{"host":"56ghxnzsglgdq727","time":1609818811,"event":{"mods":["AchievementEnabler","BaseMod","Downfall","Minty Spire (QoL Compilation)","StSLib"],"gold_per_floor":[99,99,109,119,134,154,208,208,217,217,317,317,333,374,387,387,387,387],"floor_reached":16,"playtime":560,"items_purged":[],"score":102,"play_id":"d7c647ed-8261-4c85-b159-75c78bfd88ae","local_time":"20210104225331","is_ascension_mode":false,"campfire_choices":[{"data":"hexamod:EmpoweringStance","floor":1,"key":"SMITH"},{"data":"hexamod:EtherealExpedition","floor":10,"key":"SMITH"},{"floor":12,"key":"REST"}],"circlet_count":0,"master_deck":["hexamod:Strike","hexamod:Strike","hexamod:Strike+1","hexamod:Strike","hexamod:Defend","hexamod:Defend","hexamod:Defend+1","hexamod:Defend","hexamod:Sear","hexamod:Float+1","hexamod:EmpoweringStance+1","hexamod:EtherealExpedition+1","hexamod:FlamesFromBeyond+1","Regret","hexamod:FirstSeal"],"relics":["hexamod:SpiritBrand","CeramicFish","downfall:BrokenWingStatue","Oddly Smooth Stone"],"acts_visited":["Exordium"],"potions_floor_usage":[16,16],"damage_taken":[{"damage":0,"enemies":"Cultist","floor":3,"turns":4},{"damage":0,"enemies":"Jaw Worm","floor":4,"turns":3},{"damage":5,"enemies":"2 Louse","floor":5,"turns":3},{"damage":22,"enemies":"Large Slime","floor":6,"turns":9},{"damage":5,"enemies":"Red Slaver","floor":13,"turns":3},{"damage":35,"enemies":"Gremlin Nob","floor":14,"turns":4},{"damage":10,"enemies":"2 Fungi Beasts","floor":15,"turns":3},{"damage":21,"enemies":"downfall:Watcher","floor":16,"turns":8}],"seed_played":"-8033973783452381626","potions_obtained":[{"floor":3,"key":"SpeedPotion"},{"floor":5,"key":"LiquidMemories"},{"floor":14,"key":"Fire Potion"}],"is_trial":false,"path_per_floor":["R","?","M","M","M","M","T","?","?","R","?","R","M","E","M","B"],"character_chosen":"THE_SPIRIT","items_purchased":[],"campfire_rested":1,"item_purchase_floors":[],"current_hp_per_floor":[70,70,70,70,65,43,43,43,43,43,43,64,59,24,21,0,0,0],"gold":387,"neow_bonus":"ONE_RANDOM_RARE_CARD","is_daily":false,"chose_seed":false,"campfire_upgraded":2,"win_rate":0.0,"timestamp":1609818811,"path_taken":["R","?","?","M","M","M","T","?","?","R","?","R","?","E","M","BOSS"],"items_purchased_type":[],"build_version":"2020-12-22","purchased_purges":0,"victory":false,"max_hp_per_floor":[70,70,70,70,70,70,70,70,70,70,70,70,70,70,70,70,70,70],"card_choices":[{"not_picked":["hexamod:SwordOfDarkness","hexamod:RainOfEmbers"],"picked":"hexamod:EtherealExpedition","floor":3},{"not_picked":["hexamod:SwordOfDarkness","hexamod:Firestarter","hexamod:BurningTouch"],"picked":"SKIP","floor":4},{"not_picked":["hexamod:NightmareGuise","hexamod:BacktrackSmack"],"picked":"hexamod:FlamesFromBeyond","floor":5},{"not_picked":["hexamod:RainOfEmbers","hexamod:SuperheatedStrike","hexamod:BurningTouch"],"picked":"SKIP","floor":6},{"not_picked":["hexamod:SuperheatedStrike","hexamod:GhostLash","hexamod:PhantomFireball"],"picked":"SKIP","floor":13},{"not_picked":["hexamod:ChargedBarrage","hexamod:TimeOfNeed"],"picked":"hexamod:FirstSeal","floor":14},{"not_picked":["hexamod:NightmareGuise","hexamod:BurningTouch","hexamod:AdvancingGuard"],"picked":"SKIP","floor":15}],"player_experience":149259,"relics_obtained":[{"floor":7,"key":"CeramicFish"},{"floor":14,"key":"Oddly Smooth Stone"}],"event_choices":[{"damage_healed":0,"gold_gain":0,"player_choice":"Upgraded","damage_taken":0,"max_hp_gain":0,"max_hp_loss":0,"event_name":"Upgrade Shrine","floor":2,"gold_loss":0,"cards_upgraded":["hexamod:Float"]}],"is_beta":false,"boss_relics":[],"items_purged_floors":[],"is_endless":false,"potions_floor_spawned":[3,5,14],"killed_by":"downfall:Watcher","ascension_level":0}}