{"host":"kw4o7b3ro2ktmmbe","time":1609838388,"event":{"mods":["BaseMod","Evolution","Fireblade Mod","Minty Spire (QoL Compilation)","StSLib"],"gold_per_floor":[118,193,193,368,386,386,386,386,386,396,12,29,61,111,111,206,206,219,219,494,505,152,180,180,180,180,180,209,227,247,263,263,366,366,381,395,128,144,194,194,222,20,20,20,0,0,20,20,20,20],"floor_reached":51,"playtime":3178,"items_purged":["Doubt","Regret"],"score":889,"play_id":"5fb4973e-271f-4957-9626-6067cae6c5c4","local_time":"20210105221948","is_ascension_mode":true,"campfire_choices":[{"data":"FireBladeMod:FireBarrier","floor":6.0,"key":"SMITH"},{"floor":15.0,"key":"REST"},{"data":"FireBladeMod:DebilitatingBlow","floor":24.0,"key":"SMITH"},{"floor":32.0,"key":"REST"},{"data":"FireBladeMod:GetPumped","floor":40.0,"key":"SMITH"},{"data":"FireBladeMod:LearnTells","floor":46.0,"key":"SMITH"},{"data":"The Bomb","floor":49,"key":"SMITH"}],"circlet_count":0,"master_deck":["FireBladeMod:ComboCleave","FireBladeMod:ComboCleave","FireBladeMod:ComboCleave","FireBladeMod:DefendFireBlade","FireBladeMod:DefendFireBlade","FireBladeMod:DefendFireBlade","FireBladeMod:FlamingSword+1","FireBladeMod:FireBarrier+1","FireBladeMod:SmashingEndurance","FireBladeMod:SmashingEndurance","FireBladeMod:ScorchingStrike","FireBladeMod:GetPumped+1","FireBladeMod:DebilitatingBlow+1","FireBladeMod:ScorchingStrike+1","FireBladeMod:RapidDodges+1","FireBladeMod:Refreshment+1","Necronomicurse","FireBladeMod:ThirdDegree+1","FireBladeMod:LearnTells+1","FireBladeMod:SoulSword+1","FireBladeMod:SpiritEndurance+1","FireBladeMod:SmashingEndurance+1","FireBladeMod:DebilitatingBlow+1","FireBladeMod:IronEndurance+1","The Bomb+1"],"relics":["FireBladeMod:DuelistLocket","EVO:Axolotl","Juzu Bracelet","HornCleat","Membership Card","Kunai","FireBladeMod:BronzeKnuckles","Blood Vial","Velvet Choker","StrikeDummy","OrangePellets","Toy Ornithopter","Gambling Chip","MealTicket","Necronomicon","Sundial","MutagenicStrength","Potion Belt","Philosopher\u0027s Stone","Medical Kit","Eternal Feather","Bag of Marbles","Incense Burner","Mummified Hand","FireBladeMod:FirePoi","DollysMirror","Lantern","Red Mask"],"acts_visited":["Exordium","TheCity","TheBeyond"],"potions_floor_usage":[50,50],"damage_taken":[{"damage":0.0,"enemies":"Small Slimes","floor":1.0,"turns":3.0},{"damage":2.0,"enemies":"2 Louse","floor":5.0,"turns":3.0},{"damage":0.0,"enemies":"Cultist","floor":10.0,"turns":3.0},{"damage":4.0,"enemies":"Lots of Slimes","floor":12.0,"turns":2.0},{"damage":13.0,"enemies":"Lagavulin","floor":13.0,"turns":4.0},{"damage":5.0,"enemies":"Hexaghost","floor":16.0,"turns":8.0},{"damage":0.0,"enemies":"Spheric Guardian","floor":18.0,"turns":4.0},{"damage":13.0,"enemies":"2 Thieves","floor":21.0,"turns":4.0},{"damage":22.0,"enemies":"Slavers","floor":23.0,"turns":5.0},{"damage":0.0,"enemies":"Book of Stabbing","floor":28.0,"turns":4.0},{"damage":3.0,"enemies":"Cultist and Chosen","floor":29.0,"turns":4.0},{"damage":0.0,"enemies":"Snake Plant","floor":30.0,"turns":2.0},{"damage":5.0,"enemies":"Centurion and Healer","floor":31.0,"turns":5.0},{"damage":11.0,"enemies":"Collector","floor":33.0,"turns":6.0},{"damage":0.0,"enemies":"Orb Walker","floor":35.0,"turns":2.0},{"damage":0.0,"enemies":"3 Darklings","floor":36.0,"turns":5.0},{"damage":7.0,"enemies":"Maw","floor":38.0,"turns":6.0},{"damage":0.0,"enemies":"Mind Bloom Boss Battle","floor":39.0,"turns":5.0},{"damage":24.0,"enemies":"Nemesis","floor":41.0,"turns":5.0},{"damage":0.0,"enemies":"Jaw Worm Horde","floor":47.0,"turns":2.0},{"damage":22,"enemies":"Awakened One","floor":50,"turns":8}],"seed_played":"8731094790895954","potions_obtained":[{"floor":12.0,"key":"Regen Potion"},{"floor":21.0,"key":"AttackPotion"},{"floor":23.0,"key":"Dexterity Potion"},{"floor":33.0,"key":"FireBladeMod:NapalmFlask"},{"floor":38.0,"key":"PowerPotion"}],"is_trial":false,"path_per_floor":["M","?","?","?","M","R","?","?","T","M","$","M","E","?","R","B",null,"M","?","?","M","$","E","R","?","T","?","E","M","M","M","R","B",null,"M","M","$","M","?","R","E","$","T","?","?","R","M","?","R","B",null],"character_chosen":"THE_FIREBLADE","items_purchased":["Membership Card","Kunai","FireBladeMod:BronzeKnuckles","OrangePellets","Toy Ornithopter","Gambling Chip","Medical Kit","Eternal Feather","Bag of Marbles","FireBladeMod:FirePoi","DollysMirror"],"campfire_rested":2,"item_purchase_floors":[11,11,11,22,22,22,37,37,37,42,42],"current_hp_per_floor":[49,38,35,35,33,33,33,33,33,33,33,29,30,30,51,48,70,70,70,70,57,57,42,42,26,26,26,33,32,34,37,58,49,70,70,70,70,63,70,70,58,70,70,80,80,80,80,80,80,64],"gold":20,"neow_bonus":"REMOVE_TWO","is_daily":false,"chose_seed":false,"campfire_upgraded":5,"win_rate":0.0,"timestamp":1609838388,"path_taken":["M","?","?","?","M","R","?","?","T","M","$","M","E","?","R","BOSS","M","?","?","M","$","E","R","?","T","?","E","M","M","M","R","BOSS","M","M","$","M","?","R","E","$","T","?","?","R","M","?","R","BOSS"],"items_purchased_type":["Relic","Relic","Relic","Relic","Relic","Relic","Relic","Relic","Relic","Relic","Relic"],"build_version":"2020-12-22","purchased_purges":2,"victory":true,"max_hp_per_floor":[70,70,70,70,70,70,70,70,70,70,70,70,70,70,70,70,70,70,70,70,70,70,70,70,70,70,70,70,70,70,70,70,70,70,70,70,70,70,70,70,70,70,70,80,80,80,80,80,80,80],"card_choices":[{"not_picked":["FireBladeMod:SoulStrike","FireBladeMod:ComplexAttack"],"picked":"FireBladeMod:SmashingEndurance","floor":1.0},{"not_picked":["FireBladeMod:SoulStrike","FireBladeMod:WellPrepared"],"picked":"FireBladeMod:SmashingEndurance","floor":5.0},{"not_picked":["FireBladeMod:ComplexDefense","FireBladeMod:ComboSlashes"],"picked":"FireBladeMod:ScorchingStrike","floor":10.0},{"not_picked":["FireBladeMod:ScorchingStrike","FireBladeMod:Flames"],"picked":"FireBladeMod:GetPumped","floor":12.0},{"not_picked":["FireBladeMod:BasicSmash","FireBladeMod:ComplexAttack","FireBladeMod:IronEndurance"],"picked":"SKIP","floor":13.0},{"not_picked":["FireBladeMod:Improvise","FireBladeMod:Ignition"],"picked":"FireBladeMod:DebilitatingBlow","floor":16.0},{"not_picked":["FireBladeMod:StingingSlash+1","FireBladeMod:Flames+1"],"picked":"FireBladeMod:ScorchingStrike+1","floor":18.0},{"not_picked":["FireBladeMod:ComplexDefense","FireBladeMod:AdrenalineBoost+1"],"picked":"FireBladeMod:RapidDodges+1","floor":21.0},{"not_picked":["FireBladeMod:Flames","FireBladeMod:QuickJabs"],"picked":"FireBladeMod:Refreshment+1","floor":23.0},{"not_picked":["FireBladeMod:IronEndurance","FireBladeMod:BasicSmash"],"picked":"FireBladeMod:ThirdDegree+1","floor":28.0},{"not_picked":["FireBladeMod:FinishingBarrage","FireBladeMod:BasicSmash+1","FireBladeMod:ComplexAttack"],"picked":"SKIP","floor":29.0},{"not_picked":["FireBladeMod:ComplexDefense","FireBladeMod:Unbalance+1","FireBladeMod:Tempo"],"picked":"SKIP","floor":30.0},{"not_picked":["FireBladeMod:ComplexAttack","FireBladeMod:Turtle","FireBladeMod:ComboSlashes"],"picked":"SKIP","floor":31.0},{"not_picked":["FireBladeMod:AntiMagic","FireBladeMod:DeathBlade"],"picked":"FireBladeMod:LearnTells","floor":33.0},{"not_picked":["FireBladeMod:Shove+1","FireBladeMod:BackhandSwing"],"picked":"FireBladeMod:SoulSword+1","floor":35.0},{"not_picked":["FireBladeMod:ThirstForBlood","FireBladeMod:Wildfire+1"],"picked":"FireBladeMod:SpiritEndurance+1","floor":36.0},{"not_picked":["FireBladeMod:SteadyEndurance","FireBladeMod:Shove"],"picked":"FireBladeMod:SmashingEndurance+1","floor":38.0},{"not_picked":["FireBladeMod:ComplexAttack+1","FireBladeMod:Robust"],"picked":"FireBladeMod:AfterBurn","floor":41.0},{"not_picked":["FireBladeMod:ComboCleave","FireBladeMod:ComboSlashes+1"],"picked":"FireBladeMod:IronEndurance+1","floor":47.0},{"not_picked":["Dark Shackles","Finesse"],"picked":"The Bomb","floor":48}],"player_experience":1850400,"relics_obtained":[{"floor":9.0,"key":"HornCleat"},{"floor":13.0,"key":"Blood Vial"},{"floor":23.0,"key":"MealTicket"},{"floor":25.0,"key":"Necronomicon"},{"floor":26.0,"key":"Sundial"},{"floor":28.0,"key":"Potion Belt"},{"floor":39.0,"key":"Incense Burner"},{"floor":41.0,"key":"Mummified Hand"},{"floor":43.0,"key":"Lantern"}],"event_choices":[{"damage_healed":0.0,"max_hp_gain":0.0,"max_hp_loss":0.0,"gold_gain":75.0,"event_name":"World of Goop","player_choice":"Gather Gold","floor":2.0,"gold_loss":0.0,"damage_taken":11.0},{"damage_healed":0.0,"max_hp_gain":0.0,"max_hp_loss":0.0,"gold_gain":0.0,"event_name":"Scrap Ooze","player_choice":"Success","floor":3.0,"gold_loss":0.0,"damage_taken":3.0,"relics_obtained":["Juzu Bracelet"]},{"damage_healed":0.0,"max_hp_gain":0.0,"max_hp_loss":0.0,"gold_gain":175.0,"event_name":"Liars Game","player_choice":"AGREE","floor":4.0,"gold_loss":0.0,"damage_taken":0.0,"cards_obtained":["Doubt"]},{"damage_healed":0.0,"max_hp_gain":0.0,"max_hp_loss":0.0,"gold_gain":0.0,"event_name":"Upgrade Shrine","player_choice":"Upgraded","floor":7.0,"gold_loss":0.0,"damage_taken":0.0,"cards_upgraded":["FireBladeMod:FlamingSword"]},{"damage_healed":0.0,"max_hp_gain":0.0,"max_hp_loss":0.0,"gold_gain":0.0,"event_name":"The Woman in Blue","player_choice":"Bought 0 Potions","floor":8.0,"gold_loss":0.0,"damage_taken":0.0},{"damage_healed":0.0,"max_hp_gain":0.0,"max_hp_loss":0.0,"gold_gain":50.0,"event_name":"Golden Wing","player_choice":"Gained Gold","floor":14.0,"gold_loss":0.0,"damage_taken":0.0},{"damage_healed":0.0,"max_hp_gain":0.0,"max_hp_loss":0.0,"gold_gain":0.0,"event_name":"The Mausoleum","player_choice":"Opened","floor":19.0,"gold_loss":0.0,"damage_taken":0.0,"relics_obtained":["StrikeDummy"]},{"damage_healed":0.0,"max_hp_gain":0.0,"max_hp_loss":0.0,"gold_gain":275.0,"event_name":"Golden Shrine","player_choice":"Desecrate","floor":20.0,"gold_loss":0.0,"damage_taken":0.0,"cards_obtained":["Regret"]},{"damage_healed":0.0,"max_hp_gain":0.0,"max_hp_loss":0.0,"gold_gain":0.0,"event_name":"Cursed Tome","player_choice":"Obtained Book","floor":25.0,"gold_loss":0.0,"damage_taken":16.0},{"damage_healed":0.0,"max_hp_gain":0.0,"max_hp_loss":0.0,"gold_gain":0.0,"event_name":"Drug Dealer","player_choice":"Inject Mutagens","floor":27.0,"gold_loss":0.0,"damage_taken":0.0,"relics_obtained":["MutagenicStrength"]},{"damage_healed":0.0,"max_hp_gain":0.0,"max_hp_loss":0.0,"gold_gain":0.0,"event_name":"MindBloom","player_choice":"Fight","floor":39.0,"gold_loss":0.0,"damage_taken":0.0},{"cards_removed":["FireBladeMod:AfterBurn"],"damage_healed":0.0,"max_hp_gain":10.0,"max_hp_loss":0.0,"gold_gain":0.0,"event_name":"Bonfire Elementals","player_choice":"Offered Rare","floor":44.0,"gold_loss":0.0,"damage_taken":0.0},{"damage_healed":0.0,"max_hp_gain":0.0,"max_hp_loss":0.0,"gold_gain":0.0,"event_name":"Tomb of Lord Red Mask","player_choice":"Paid","floor":45.0,"gold_loss":20.0,"damage_taken":0.0,"relics_obtained":["Red Mask"]},{"damage_healed":0,"gold_gain":0,"player_choice":"Memory 1","damage_taken":0,"max_hp_gain":0,"max_hp_loss":0,"event_name":"SensoryStone","floor":48,"gold_loss":0}],"is_beta":false,"boss_relics":[{"not_picked":["Calling Bell","Ectoplasm"],"picked":"Velvet Choker"},{"not_picked":["SacredBark","SlaversCollar"],"picked":"Philosopher\u0027s Stone"}],"items_purged_floors":[11,22],"is_endless":false,"potions_floor_spawned":[12,21,23,33,38],"ascension_level":3}}