{"host":"cbu6enf2xtq4r7r3","time":1609879660,"event":{"mods":["2.2 Compatiblity","AlwaysNeverKeys","BaseMod","Better Match","Better Note","Better Sensory Stone","Better Skull","Better Third Choice","Colored Map","Colored Powertips","Defuse TimeMaze Blight","Emptier Cage","Minty Spire (QoL Compilation)","Permanent Neow","Quick Restart","Random Character Button","Relic Sorter","Reorder Act Four","Shop Mod","StSLib"],"gold_per_floor":[118,118,133,149,166,166,180,211,211,211,223,223,249,260,260,364,364,364],"floor_reached":17,"playtime":595,"items_purged":[],"score":177,"play_id":"c0f93a92-1e55-4983-82ac-0bfe4f7c0a93","local_time":"20210105214740","is_ascension_mode":true,"campfire_choices":[{"data":"Cloak And Dagger","floor":6,"key":"SMITH"},{"data":"Footwork","floor":10,"key":"SMITH"},{"data":"Cloak And Dagger","floor":15,"key":"SMITH"}],"circlet_count":0,"master_deck":["Strike_G","Strike_G","Strike_G","Strike_G","Defend_G","Defend_G","Defend_G","Defend_G","Defend_G","Survivor","Neutralize","CurseOfTheBell","Backstab","Cloak And Dagger+1","All Out Attack","Dagger Throw","Footwork+1","Cloak And Dagger+1","Dagger Spray","After Image"],"relics":["Calling Bell","Anchor","Kunai","Incense Burner","Pantograph","Bag of Marbles","Dream Catcher","Paper Crane"],"acts_visited":["Exordium","TheCity"],"potions_floor_usage":[16],"damage_taken":[{"damage":0,"enemies":"Jaw Worm","floor":1,"turns":5},{"damage":0,"enemies":"Cultist","floor":3,"turns":5},{"damage":0,"enemies":"Small Slimes","floor":4,"turns":3},{"damage":0,"enemies":"2 Fungi Beasts","floor":5,"turns":3},{"damage":0,"enemies":"Looter","floor":7,"turns":2},{"damage":18,"enemies":"Lagavulin","floor":8,"turns":7},{"damage":0,"enemies":"Blue Slaver","floor":11,"turns":3},{"damage":11,"enemies":"Gremlin Nob","floor":13,"turns":4},{"damage":0,"enemies":"3 Louse","floor":14,"turns":2},{"damage":41,"enemies":"Slime Boss","floor":16,"turns":15}],"seed_played":"7069543988211301231","potions_obtained":[{"floor":1,"key":"Dexterity Potion"},{"floor":4,"key":"EssenceOfSteel"},{"floor":8,"key":"Energy Potion"},{"floor":11,"key":"LiquidBronze"}],"is_trial":false,"path_per_floor":["M","?","M","M","M","R","M","E","T","R","M","?","E","M","R","B",null],"character_chosen":"THE_SILENT","items_purchased":[],"campfire_rested":0,"item_purchase_floors":[],"current_hp_per_floor":[70,70,70,70,70,70,70,52,52,52,52,45,34,34,34,18,70,70],"gold":364,"neow_bonus":"BOSS_RELIC","is_daily":false,"chose_seed":false,"campfire_upgraded":3,"win_rate":0.0,"timestamp":1609879660,"path_taken":["M","?","M","M","M","R","?","E","T","R","M","?","E","M","R","BOSS"],"items_purchased_type":[],"build_version":"2020-12-22","purchased_purges":0,"victory":false,"max_hp_per_floor":[70,70,70,70,70,70,70,70,70,70,70,70,70,70,70,70,70,70],"card_choices":[{"not_picked":["Prepared","Acrobatics"],"picked":"Backstab","floor":1},{"not_picked":["Prepared","Poisoned Stab"],"picked":"Cloak And Dagger","floor":3},{"not_picked":["Deadly Poison","Blur"],"picked":"All Out Attack","floor":4},{"not_picked":["Concentrate","Prepared","Well Laid Plans"],"picked":"SKIP","floor":5},{"not_picked":["Sucker Punch","Underhanded Strike"],"picked":"Dagger Throw","floor":7},{"not_picked":["Deadly Poison","Flying Knee"],"picked":"Footwork","floor":8},{"not_picked":["Riddle With Holes","Tools of the Trade","Dagger Throw"],"picked":"SKIP","floor":11},{"not_picked":["Sucker Punch","Doppelganger"],"picked":"Cloak And Dagger","floor":13},{"not_picked":["Outmaneuver","Concentrate"],"picked":"Dagger Spray","floor":14},{"not_picked":["A Thousand Cuts","Doppelganger"],"picked":"After Image","floor":16}],"player_experience":67853,"relics_obtained":[{"floor":0,"key":"Anchor"},{"floor":0,"key":"Kunai"},{"floor":0,"key":"Incense Burner"},{"floor":8,"key":"Bag of Marbles"},{"floor":9,"key":"Dream Catcher"},{"floor":13,"key":"Paper Crane"}],"event_choices":[{"damage_healed":0,"gold_gain":0,"player_choice":"Gave Potion","damage_taken":0,"relics_obtained":["Pantograph"],"max_hp_gain":0,"max_hp_loss":0,"event_name":"WeMeetAgain","floor":2,"gold_loss":0},{"cards_removed":["Strike_G"],"damage_healed":0,"gold_gain":0,"player_choice":"Card Removal","damage_taken":7,"max_hp_gain":0,"max_hp_loss":0,"event_name":"Golden Wing","floor":12,"gold_loss":0}],"is_beta":false,"boss_relics":[{"not_picked":["SacredBark","Pandora\u0027s Box","Astrolabe"]}],"items_purged_floors":[],"is_endless":false,"potions_floor_spawned":[1,4,8,11,13,14],"ascension_level":1}}