{"host":"9n6i2vl93jt4o42q","time":1609807846,"event":{"mods":["BaseMod","Downfall","Minty Spire (QoL Compilation)","Relic Stats","StSLib"],"gold_per_floor":[99,119,134,234,31,47,347,377,377,302,313,313,42,58,78,179,179,104,104,104,89,89,89,170,170,219,219,233,266,345,345,345],"floor_reached":31,"playtime":3291,"items_purged":["sneckomod:Strike"],"score":319,"play_id":"491e46d2-efa0-4ed6-9294-c14e9ee7bcaf","local_time":"20210105015046","is_ascension_mode":false,"campfire_choices":[{"data":"sneckomod:TailWhip","floor":1,"key":"SMITH"},{"data":"sneckomod:TrashToTreasure","floor":10,"key":"SMITH"},{"floor":12,"key":"RECALL"},{"data":"sneckomod:QuickMove","floor":18,"key":"SMITH"},{"data":"sneckomod:MorePower","floor":23,"key":"SMITH"}],"circlet_count":0,"master_deck":["sneckomod:TailWhip+1","sneckomod:SnekBite+1","sneckomod:Unknown","sneckomod:Unknown","sneckomod:UnknownBlock","sneckomod:RainOfDice+1","sneckomod:MorePower+1","sneckomod:SnakeSap+1","sneckomod:SerpentIdol","sneckomod:Unknown3Cost+1","sneckomod:DefensiveFlair","sneckomod:UnknownX+1","sneckomod:TrashToTreasure+1","sneckomod:UnknownX+1","sneckomod:Unknown3Cost+1","sneckomod:QuickBite","sneckomod:IronFang","sneckomod:DiceCrush","sneckomod:Unknown2Cost+1","sneckomod:QuickMove+1","sneckomod:UnknownClassGREEN+1","sneckomod:UnknownRareSkill","sneckomod:Unknown2Cost","sneckomod:Unknown2Cost","sneckomod:UnknownRareAttack","sneckomod:UnknownClassGUARDIAN","sneckomod:UnknownRareAttack","sneckomod:UnknownWeak+1","sneckomod:SoulDraw","sneckomod:Bewildered","sneckomod:IronFang+1","sneckomod:UnknownExhaust+1","sneckomod:QuickBite","sneckomod:DiceBlock+1","sneckomod:UnknownRareSkill+1","sneckomod:Nope"],"relics":["sneckomod:SneckoSoul","Old Coin","Letter Opener","downfall:HeartBlessingGreen","sneckomod:LoadedDie","Black Star","downfall:HeartBlessingRed","sneckomod:BabySnecko","Art of War","Whetstone","Toy Ornithopter","Turnip","Bottled Flame"],"acts_visited":["Exordium","TheCity"],"potions_floor_usage":[29],"damage_taken":[{"damage":0,"enemies":"2 Louse","floor":2,"turns":1},{"damage":3,"enemies":"Jaw Worm","floor":3,"turns":3},{"damage":0,"enemies":"downfall:FleeingMerchant","floor":5,"turns":4},{"damage":0,"enemies":"Small Slimes","floor":6,"turns":3},{"damage":2,"enemies":"3 Sentries","floor":8,"turns":7},{"damage":0,"enemies":"Large Slime","floor":11,"turns":3},{"damage":3,"enemies":"downfall:FleeingMerchant","floor":13,"turns":4},{"damage":0,"enemies":"3 Louse","floor":14,"turns":1},{"damage":0,"enemies":"Gremlin Gang","floor":15,"turns":4},{"damage":8,"enemies":"downfall:Watcher","floor":16,"turns":11},{"damage":4,"enemies":"downfall:FleeingMerchant","floor":21,"turns":4},{"damage":0,"enemies":"Chosen","floor":25,"turns":1},{"damage":57,"enemies":"Gremlin Leader","floor":26,"turns":7},{"damage":24,"enemies":"Centurion and Healer","floor":28,"turns":4},{"damage":17,"enemies":"Book of Stabbing","floor":29,"turns":4},{"damage":9,"enemies":"downfall:FleeingMerchant","floor":31,"turns":2}],"seed_played":"-7626839547833324169","potions_obtained":[{"floor":2,"key":"SteroidPotion"},{"floor":11,"key":"PowerPotion"},{"floor":14,"key":"FearPotion"}],"is_trial":false,"path_per_floor":["R","M","M","?","$","M","T","E","?","R","M","R","$","M","M","B",null,"R","?","?","$","?","R","T","M","E","?","M","E","T","$"],"character_chosen":"THE_SNECKO","items_purchased":["sneckomod:SnakeSap","sneckomod:SerpentIdol","sneckomod:LoadedDie","sneckomod:QuickBite","sneckomod:IronFang"],"campfire_rested":0,"item_purchase_floors":[5,5,13,13,13],"current_hp_per_floor":[90,91,88,88,88,89,89,88,88,88,89,89,87,87,88,84,98,98,98,103,104,104,104,104,104,48,48,24,8,8,0,0],"gold":345,"neow_bonus":"UPGRADE_CARD","is_daily":false,"chose_seed":false,"campfire_upgraded":4,"win_rate":0.0,"timestamp":1609807846,"path_taken":["R","M","M","?","$","M","T","E","?","R","M","R","?","M","M","BOSS","R","?","?","$","?","R","T","M","E","?","M","E","?","?"],"items_purchased_type":["Card","Card","Relic","Card","Card"],"build_version":"2020-12-22","purchased_purges":1,"victory":false,"max_hp_per_floor":[90,91,91,91,91,92,92,93,93,93,94,94,95,95,96,98,98,98,98,103,104,104,104,104,104,105,105,105,106,106,106,106],"relic_stats":{"counters":[16,63],"Turnip":[0],"Black Star":2,"Art of War":[0],"Letter Opener":[50],"Whetstone":["sneckomod:SnakeSap","sneckomod:RainOfDice"],"obtain_stats":[{"sneckomod:LoadedDie":13,"downfall:HeartBlessingRed":18,"downfall:HeartBlessingGreen":10,"Letter Opener":8,"Whetstone":26,"sneckomod:SneckoSoul":0,"Old Coin":7,"sneckomod:BabySnecko":22,"Bottled Flame":30,"downfall:BrokenWingStatue":9,"Turnip":29,"Black Star":17,"Art of War":26,"Toy Ornithopter":29},{"sneckomod:LoadedDie":7,"downfall:HeartBlessingRed":10,"downfall:HeartBlessingGreen":5,"Letter Opener":5,"Whetstone":13,"sneckomod:SneckoSoul":0,"Old Coin":4,"sneckomod:BabySnecko":11,"Bottled Flame":15,"downfall:BrokenWingStatue":5,"Turnip":15,"Black Star":10,"Art of War":13,"Toy Ornithopter":15},{"sneckomod:LoadedDie":25,"downfall:HeartBlessingRed":41,"downfall:HeartBlessingGreen":18,"Letter Opener":18,"Whetstone":53,"sneckomod:SneckoSoul":0,"Old Coin":11,"sneckomod:BabySnecko":45,"Bottled Flame":61,"downfall:BrokenWingStatue":18,"Turnip":61,"Black Star":41,"Art of War":53,"Toy Ornithopter":61}],"Toy Ornithopter":0},"card_choices":[{"not_picked":["sneckomod:DiceCrush","sneckomod:WideSting"],"picked":"sneckomod:UnknownBlock","floor":2},{"not_picked":["sneckomod:UnknownBlock","sneckomod:UnknownClassBLUE"],"picked":"sneckomod:RainOfDice","floor":3},{"not_picked":["sneckomod:SoulCleanse","sneckomod:WideSting"],"picked":"sneckomod:MorePower","floor":5},{"not_picked":["sneckomod:Unknown0Cost+1","sneckomod:UnknownEthereal+1"],"picked":"sneckomod:Unknown3Cost+1","floor":6},{"not_picked":["sneckomod:UnknownVulnerable","sneckomod:SerpentIdol"],"picked":"sneckomod:DefensiveFlair","floor":6},{"not_picked":["sneckomod:UnknownDexterity+1","sneckomod:UnknownUncommonPower+1"],"picked":"sneckomod:UnknownX+1","floor":8},{"not_picked":["sneckomod:Nope","sneckomod:UnknownCommonSkill"],"picked":"sneckomod:TrashToTreasure","floor":8},{"not_picked":["sneckomod:UnknownCommonAttack+1","sneckomod:UnknownUncommonPower+1"],"picked":"sneckomod:UnknownX+1","floor":11},{"not_picked":["sneckomod:UnknownClassTHE_CHAMP_GRAY","sneckomod:SerpentIdol","sneckomod:MasterEye"],"picked":"SKIP","floor":11},{"not_picked":["sneckomod:UnknownCommonSkill+1","sneckomod:UnknownVulnerable+1"],"picked":"sneckomod:Unknown3Cost+1","floor":13},{"not_picked":["sneckomod:UnknownCommonAttack","sneckomod:UnknownUncommonPower","sneckomod:DiceBoulder"],"picked":"SKIP","floor":13},{"not_picked":["sneckomod:UnknownWeak","sneckomod:UnknownVulnerable"],"picked":"sneckomod:DiceCrush","floor":14},{"not_picked":["sneckomod:UnknownEthereal+1","sneckomod:UnknownBlock+1"],"picked":"sneckomod:Unknown2Cost+1","floor":15},{"not_picked":["sneckomod:UnknownClassBLUE","sneckomod:UnknownUncommonSkill"],"picked":"sneckomod:QuickMove","floor":15},{"not_picked":["sneckomod:Unknown3Cost+1","sneckomod:UnknownClassHEXA_GHOST_PURPLE+1"],"picked":"sneckomod:UnknownClassGREEN+1","floor":16},{"not_picked":["sneckomod:UnknownRareAttack","sneckomod:SerpentMind"],"picked":"sneckomod:UnknownRareSkill","floor":16},{"not_picked":["sneckomod:Unknown+1","sneckomod:UnknownEthereal+1"],"picked":"sneckomod:UnknownWeak+1","floor":21},{"not_picked":["sneckomod:Unknown1Cost","sneckomod:QuickBite"],"picked":"sneckomod:SoulDraw","floor":21},{"not_picked":["sneckomod:DiceBlock","sneckomod:QuickBite"],"picked":"sneckomod:IronFang+1","floor":25},{"not_picked":["sneckomod:UnknownUncommonSkill+1","sneckomod:Unknown3Cost+1"],"picked":"sneckomod:UnknownExhaust+1","floor":26},{"not_picked":["sneckomod:UnknownVulnerable","sneckomod:SoulExchange"],"picked":"sneckomod:QuickBite","floor":26},{"not_picked":["sneckomod:QuickBite","sneckomod:UnknownStrike"],"picked":"sneckomod:DiceBlock+1","floor":28},{"not_picked":["sneckomod:Unknown+1","sneckomod:UnknownBlock+1"],"picked":"sneckomod:UnknownRareSkill+1","floor":29},{"not_picked":["sneckomod:SoulRoll","sneckomod:QuickBite"],"picked":"sneckomod:Nope","floor":29}],"player_experience":2108812,"relics_obtained":[{"floor":7,"key":"Old Coin"},{"floor":8,"key":"Letter Opener"},{"floor":26,"key":"Art of War"},{"floor":26,"key":"Whetstone"},{"floor":29,"key":"Toy Ornithopter"},{"floor":29,"key":"Turnip"},{"floor":30,"key":"Bottled Flame"}],"event_choices":[{"damage_healed":0,"gold_gain":0,"player_choice":"Ignored","damage_taken":0,"max_hp_gain":0,"max_hp_loss":0,"event_name":"Ghosts","floor":19,"gold_loss":0}],"is_beta":false,"boss_relics":[{"not_picked":["sneckomod:SuperSneckoSoul","Astrolabe"],"picked":"Black Star"}],"items_purged_floors":[5],"is_endless":false,"potions_floor_spawned":[2,11,14,16],"killed_by":"downfall:FleeingMerchant","ascension_level":0}}