{"host":"tiwza2kisyyrpq7h","time":1609846953,"event":{"mods":["BaseMod","BetterRewards","Colored Powertips","Minty Spire (QoL Compilation)","Quick Restart","Rare Cards Sparkle","StSLib","SuperFastMode","The Servant 0.9.4","óô»ðÖ¸ÄÏ"],"gold_per_floor":[112,112,122,136,148,166,216,216,216,236,23,55,55,69,69,69,69],"floor_reached":16,"playtime":251,"items_purged":[],"score":258,"play_id":"a69e4b1b-6af8-4021-8d81-669b3e27fbfc","local_time":"20210105194233","is_ascension_mode":true,"campfire_choices":[{"data":"A Thousand Cuts","floor":8.0,"key":"SMITH"},{"data":"Blade Dance","floor":13.0,"key":"SMITH"},{"data":"Blade Dance","floor":15.0,"key":"SMITH"}],"circlet_count":0,"master_deck":["AscendersBane","Strike_G","Strike_G","Strike_G","Strike_G","Strike_G+1","Defend_G","Defend_G+1","Defend_G","Defend_G","Defend_G","Survivor","Neutralize","Blade Dance+1","Cloak And Dagger","A Thousand Cuts+1","Tactician","Blade Dance+1","Dodge and Roll","Deflect+1","Terror+1"],"relics":["Ring of the Snake","NeowsBlessing","Bottled Lightning","Bag of Preparation","Toxic Egg 2"],"acts_visited":["Exordium"],"potions_floor_usage":[],"damage_taken":[{"damage":0.0,"enemies":"Jaw Worm","floor":1.0,"turns":1.0},{"damage":0.0,"enemies":"2 Louse","floor":3.0,"turns":1.0},{"damage":0.0,"enemies":"Cultist","floor":4.0,"turns":1.0},{"damage":5.0,"enemies":"Looter","floor":5.0,"turns":4.0},{"damage":1.0,"enemies":"Red Slaver","floor":6.0,"turns":3.0},{"damage":0.0,"enemies":"3 Louse","floor":10.0,"turns":4.0},{"damage":0.0,"enemies":"Gremlin Nob","floor":12.0,"turns":3.0},{"damage":12.0,"enemies":"Gremlin Gang","floor":14.0,"turns":4.0},{"damage":17,"enemies":"Slime Boss","floor":16,"turns":3}],"seed_played":"8027837356357644509","potions_obtained":[{"floor":5.0,"key":"Explosive Potion"},{"floor":6.0,"key":"BlessingOfTheForge"},{"floor":10.0,"key":"Swift Potion"}],"is_trial":false,"path_per_floor":["M","?","M","M","M","M","?","R","T","M","$","E","R","M","R","B"],"character_chosen":"THE_SILENT","items_purchased":["Bag of Preparation","Dodge and Roll"],"campfire_rested":0,"item_purchase_floors":[11,11],"current_hp_per_floor":[59,39,39,39,34,33,27,27,27,27,27,27,27,15,15,0,0],"gold":69,"neow_bonus":"THREE_ENEMY_KILL","is_daily":false,"chose_seed":false,"campfire_upgraded":3,"win_rate":0.0,"timestamp":1609846953,"path_taken":["M","?","M","M","M","M","?","R","T","M","$","E","R","M","R","BOSS"],"items_purchased_type":["Relic","Card"],"build_version":"2020-12-22","purchased_purges":0,"victory":false,"max_hp_per_floor":[66,66,66,66,66,66,66,66,66,66,66,66,66,66,66,66,66],"card_choices":[{"not_picked":["Quick Slash","Deflect"],"picked":"Blade Dance","floor":1.0},{"not_picked":["Flying Knee","Backstab","Deadly Poison"],"picked":"SKIP","floor":3.0},{"not_picked":["Dagger Throw","PiercingWail"],"picked":"Cloak And Dagger","floor":4.0},{"not_picked":["Choke","Dagger Spray"],"picked":"A Thousand Cuts","floor":5.0},{"not_picked":["PiercingWail","Dagger Throw"],"picked":"Tactician","floor":6.0},{"not_picked":["Slice","Deflect"],"picked":"Blade Dance","floor":10.0},{"not_picked":["Quick Slash","Unload"],"picked":"Deflect+1","floor":12.0},{"not_picked":["Flying Knee","Poisoned Stab"],"picked":"Terror+1","floor":14.0}],"player_experience":944686,"relics_obtained":[{"floor":9.0,"key":"Bottled Lightning"},{"floor":12.0,"key":"Toxic Egg 2"}],"event_choices":[{"damage_healed":0.0,"max_hp_gain":0.0,"max_hp_loss":0.0,"gold_gain":0.0,"event_name":"Shining Light","player_choice":"Entered Light","floor":2.0,"gold_loss":0.0,"damage_taken":20.0,"cards_upgraded":["Defend_G","Strike_G"]},{"damage_healed":0.0,"max_hp_gain":0.0,"max_hp_loss":0.0,"gold_gain":50.0,"event_name":"FaceTrader","player_choice":"Touch","floor":7.0,"gold_loss":0.0,"damage_taken":6.0}],"is_beta":false,"boss_relics":[],"items_purged_floors":[],"is_endless":false,"potions_floor_spawned":[5,6,10],"killed_by":"Slime Boss","ascension_level":20}}