{"host":"7c402rm0fqc13zvz","time":1609859412,"event":{"mods":["BaseMod","Marisa（F雨　魔理沙）","Minty Spire (QoL Compilation)","Remilia（蕾米莉亚）","StSLib","The Servant 0.9.4","Youmu（魂魄妖梦）","[功能]功能增强和修复MOD"],"gold_per_floor":[117,92,109,119,119,119,119,119,119,139,139,153,133,143,143,241,241,255,270,270,281,380,414,414,431,512,512,525,448,466,484,484,582,582,598,598,617,667,686,686,686,738,738,738,752,766,756,775,775,775],"floor_reached":51,"playtime":2746,"items_purged":["Defend_MRS","Strike_MRS","Strike_MRS","Strike_MRS","Strike_MRS","Defend_MRS","Defend_MRS","Defend_MRS","StarlightTyphoon+1","MasterSpark+1","CollectingQuirk"],"score":863,"play_id":"e0eb22d5-1fbd-42a4-bd7d-1514b75b52da","local_time":"20210105231012","is_ascension_mode":false,"campfire_choices":[{"data":"OrrerysSun","floor":6,"key":"SMITH"},{"data":"MasterSpark","floor":8,"key":"SMITH"},{"data":"NonDirectionalLaser","floor":11,"key":"SMITH"},{"floor":15,"key":"REST"},{"floor":24,"key":"REST"},{"floor":27,"key":"REST"},{"floor":32,"key":"REST"},{"data":"CasketOfStar","floor":40,"key":"SMITH"},{"data":"AbsoluteMagnitude","floor":49,"key":"SMITH"}],"circlet_count":0,"master_deck":["UpSweep+1","Finesse+1","Acceleration+1","OrrerysSun+1","DarkMatter+1","PropBag+1","PulseMagic+1","PowerUp+1","MilkyWay+1","MilkyWay+1","Acceleration+1","CasketOfStar+1","PowerUp+1","SporeBomb+1","PowerUp+1","Master of Strategy+1","UpSweep+1","AbsoluteMagnitude+1","PropBag+1"],"relics":["BewitchedHakkero","Gremlin Horn","Toxic Egg 2","ClockworkSouvenir","HornCleat","NlothsMask","Sling","White Beast Statue","Lantern","Mummified Hand","SimpleLauncher","Shuriken","Anchor","Pantograph","AmplifyWand","Empty Cage","WingedGreaves","Strange Spoon","InkBottle","Ornamental Fan","Shovel","Torii","Happy Flower","Potion Belt","DollysMirror","MealTicket","Pocketwatch","OrangePellets"],"acts_visited":["Exordium","TheCity","TheBeyond"],"potions_floor_usage":[10,25,31,33,33,35,38,42,50,50,50,50],"damage_taken":[{"damage":6,"enemies":"Jaw Worm","floor":1,"turns":3},{"damage":0,"enemies":"Cultist","floor":3,"turns":2},{"damage":0,"enemies":"2 Louse","floor":4,"turns":1},{"damage":0,"enemies":"Large Slime","floor":10,"turns":2},{"damage":15,"enemies":"Exordium Thugs","floor":12,"turns":2},{"damage":0,"enemies":"3 Louse","floor":14,"turns":2},{"damage":9,"enemies":"Hexaghost","floor":16,"turns":4},{"damage":0,"enemies":"2 Thieves","floor":18,"turns":2},{"damage":0,"enemies":"Chosen","floor":19,"turns":3},{"damage":2,"enemies":"3 Cultists","floor":21,"turns":2},{"damage":0,"enemies":"Gremlin Leader","floor":23,"turns":2},{"damage":0,"enemies":"Snecko","floor":25,"turns":3},{"damage":0,"enemies":"Snake Plant","floor":28,"turns":3},{"damage":0,"enemies":"3 Cultists","floor":30,"turns":1},{"damage":0,"enemies":"Chosen and Byrds","floor":31,"turns":4},{"damage":0,"enemies":"Collector","floor":33,"turns":2},{"damage":0,"enemies":"3 Shapes","floor":35,"turns":1},{"damage":0,"enemies":"3 Darklings","floor":37,"turns":2},{"damage":0,"enemies":"Mind Bloom Boss Battle","floor":38,"turns":2},{"damage":0,"enemies":"Jaw Worm Horde","floor":39,"turns":2},{"damage":12,"enemies":"2 Orb Walkers","floor":42,"turns":2},{"damage":0,"enemies":"Maw","floor":45,"turns":2},{"damage":0,"enemies":"Spire Growth","floor":46,"turns":1},{"damage":0,"enemies":"4 Shapes","floor":48,"turns":1},{"damage":0,"enemies":"Awakened One","floor":50,"turns":2}],"seed_played":"6814956844032422119","potions_obtained":[{"floor":1,"key":"Block Potion"},{"floor":3,"key":"BottledSpark"},{"floor":3,"key":"Fire Potion"},{"floor":16,"key":"AttackPotion"},{"floor":21,"key":"DistilledChaos"},{"floor":25,"key":"SteroidPotion"},{"floor":30,"key":"BottledSpark"},{"floor":31,"key":"Fruit Juice"},{"floor":31,"key":"FearPotion"},{"floor":33,"key":"Strength Potion"},{"floor":33,"key":"BottledSpark"},{"floor":35,"key":"Energy Potion"},{"floor":38,"key":"BlessingOfTheForge"},{"floor":39,"key":"Explosive Potion"},{"floor":42,"key":"SkillPotion"},{"floor":45,"key":"Block Potion"},{"floor":45,"key":"Energy Potion"}],"is_trial":false,"path_per_floor":["M","$","M","M","?","R","?","R","T","M","R","M","$","M","R","B",null,"M","M","$","M","?","E","R","M","T","R","M","?","M","M","R","B",null,"M","?","M","?","M","R","$","?","T","$","M","M","$","M","R","B",null],"character_chosen":"MARISA","items_purchased":["Gremlin Horn","Toxic Egg 2","ClockworkSouvenir","Finesse+1","IllusionStar+1","Acceleration+1","PropBag+1","Sling","White Beast Statue","Lantern","Mummified Hand","SimpleLauncher","Shuriken","Strange Spoon","InkBottle","Ornamental Fan","Master of Strategy+1","Happy Flower","Potion Belt","CollectingQuirk","DollysMirror","MealTicket","Pocketwatch","OrangePellets","AbsoluteMagnitude"],"campfire_rested":4,"item_purchase_floors":[2,2,2,2,2,2,13,13,13,13,20,20,20,41,41,41,41,44,44,44,44,47,47,47,47],"current_hp_per_floor":[69,69,69,69,51,51,51,51,51,51,51,36,36,36,58,49,75,75,75,75,73,73,73,75,75,75,75,75,75,75,80,80,80,80,80,80,80,80,80,80,80,68,68,68,68,68,68,68,68,80],"gold":775,"neow_bonus":"UPGRADE_CARD","is_daily":false,"chose_seed":false,"campfire_upgraded":5,"win_rate":0.0,"timestamp":1609859412,"path_taken":["M","$","M","M","?","R","?","R","T","M","R","?","?","M","R","BOSS","M","M","$","M","?","E","R","M","T","R","M","?","M","?","R","BOSS","M","?","M","?","M","R","$","?","T","$","?","M","?","?","R","BOSS"],"items_purchased_type":["Relic","Relic","Relic","Card","Card","Card","Card","Relic","Relic","Relic","Relic","Relic","Relic","Relic","Relic","Relic","Card","Relic","Relic","Card","Relic","Relic","Relic","Relic","Card"],"build_version":"2020-12-22","purchased_purges":11,"victory":true,"max_hp_per_floor":[75,75,75,75,75,75,75,75,75,75,75,75,75,75,75,75,75,75,75,75,75,75,75,75,75,75,75,75,75,75,80,80,80,80,80,80,80,80,80,80,80,80,80,80,80,80,80,80,80,80],"card_choices":[{"not_picked":["OpenUniverse","DoubleSpark"],"picked":"NonDirectionalLaser","floor":1},{"not_picked":["Acceleration+1","MysteriousBeam"],"picked":"OrrerysSun","floor":3},{"not_picked":["EventHorizon","DoubleSpark"],"picked":"StarlightTyphoon+1","floor":4},{"not_picked":["GravityBeat","DoubleSpark"],"picked":"DarkMatter+1","floor":10},{"not_picked":["WitchOfGreed","SprinkleStarSeal+1","OpenUniverse+1"],"picked":"SKIP","floor":12},{"not_picked":["NonDirectionalLaser","AsteroidBelt+1"],"picked":"PulseMagic+1","floor":14},{"not_picked":["EarthLightRay+1","NonDirectionalLaser"],"picked":"DarkMatter+1","floor":18},{"not_picked":["DarkMatter+1","WitchOfGreed","WitchLeyline+1"],"picked":"SKIP","floor":19},{"not_picked":["WitchLeyline+1","AsteroidBelt+1"],"picked":"PowerUp+1","floor":21},{"not_picked":["WitchLeyline","CollectingQuirk"],"picked":"MilkyWay+1","floor":23},{"not_picked":["NonDirectionalLaser","IllusionStar+1","SuperPerseids+1"],"picked":"SKIP","floor":25},{"not_picked":["GravityBeat","WitchOfGreed"],"picked":"MilkyWay+1","floor":28},{"not_picked":["GalacticHalo+1","GrandCross"],"picked":"Acceleration+1","floor":30},{"not_picked":["MilkyWay+1","LuminesStrike+1","MeteoricShower"],"picked":"SKIP","floor":31},{"not_picked":["ManaRampage+1","TreasureHunter"],"picked":"CasketOfStar","floor":33},{"not_picked":["AsteroidBelt+1","Robbery+1","DC+1"],"picked":"SKIP","floor":35},{"not_picked":["AsteroidBelt+1","PulseMagic+1"],"picked":"PowerUp+1","floor":37},{"not_picked":["EnergyFlow+1","MagicChant+1"],"picked":"SporeBomb+1","floor":38},{"not_picked":["MachineGunSpark+1","WitchLeyline"],"picked":"PowerUp+1","floor":39},{"not_picked":["DarkSpark+1","EnergyFlow+1","6A+1"],"picked":"SKIP","floor":45},{"not_picked":["NonDirectionalLaser+1","UnstableBomb","Acceleration+1"],"picked":"SKIP","floor":46},{"not_picked":["SuperNova","StarlightTyphoon+1"],"picked":"PropBag+1","floor":48}],"player_experience":14866,"relics_obtained":[{"floor":23,"key":"Anchor"},{"floor":26,"key":"Pantograph"},{"floor":38,"key":"WingedGreaves"},{"floor":42,"key":"Shovel"},{"floor":43,"key":"Torii"}],"event_choices":[{"damage_healed":0,"gold_gain":0,"player_choice":"Success","damage_taken":18,"relics_obtained":["HornCleat"],"max_hp_gain":0,"max_hp_loss":0,"event_name":"Scrap Ooze","floor":5,"gold_loss":0},{"damage_healed":0,"gold_gain":0,"player_choice":"Trade","damage_taken":0,"relics_obtained":["NlothsMask"],"max_hp_gain":0,"max_hp_loss":0,"event_name":"FaceTrader","floor":7,"gold_loss":0},{"damage_healed":0,"gold_gain":99,"player_choice":"Stole From Cult","damage_taken":0,"max_hp_gain":0,"max_hp_loss":0,"event_name":"Nest","floor":22,"gold_loss":0},{"damage_healed":0,"gold_gain":0,"player_choice":"Paid Gold","damage_taken":0,"relics_obtained":["AmplifyWand"],"max_hp_gain":0,"max_hp_loss":0,"event_name":"WeMeetAgain","floor":29,"gold_loss":77},{"cards_removed":["DarkMatter"],"damage_healed":0,"gold_gain":0,"player_choice":"Removed Skill","damage_taken":0,"max_hp_gain":0,"max_hp_loss":0,"event_name":"Falling","floor":36,"gold_loss":0},{"damage_healed":0,"gold_gain":0,"player_choice":"Fight","damage_taken":0,"max_hp_gain":0,"max_hp_loss":0,"event_name":"MindBloom","floor":38,"gold_loss":0},{"damage_healed":0,"gold_gain":0,"player_choice":"Fight","damage_taken":0,"max_hp_gain":0,"max_hp_loss":0,"event_name":"Mysterious Sphere","floor":42,"gold_loss":0}],"is_beta":false,"boss_relics":[{"not_picked":["Astrolabe","Calling Bell"],"picked":"BewitchedHakkero"},{"not_picked":["Runic Pyramid","Fusion Hammer"],"picked":"Empty Cage"}],"items_purged_floors":[2,2,2,2,2,13,13,13,13,47,47],"is_endless":false,"potions_floor_spawned":[1,3,3,4,14,14,16,16,18,19,21,21,21,23,23,25,25,28,30,30,31,31,31,33,33,33,35,35,37,38,39,39,42,45,45,46,48,48],"ascension_level":0}}