{"host":"29nokk5suv5vtcrv","time":1609877422,"event":{"mods":["BaseMod","Minty Spire (QoL Compilation)","Slay-I"],"gold_per_floor":[209,228,240,256,256,256,287,287,357,371,382,399,399,399,399,399,399],"floor_reached":16,"playtime":11032,"items_purged":[],"score":104,"play_id":"f108be68-b4fe-403a-85e9-8cae22d3b04b","local_time":"20210105211022","is_ascension_mode":false,"campfire_choices":[{"data":"Eruption","floor":6,"key":"SMITH"},{"floor":8,"key":"REST"},{"floor":13,"key":"REST"},{"floor":15,"key":"REST"}],"circlet_count":0,"master_deck":["Strike_P+1","Strike_P","Strike_P","Strike_P","Defend_P","Defend_P","Defend_P","Defend_P","Eruption+1","Vigilance","FlurryOfBlows","EmptyBody","ThirdEye","Meditate+1","BowlingBash"],"relics":["PureWater","Bird Faced Urn","Yang"],"acts_visited":["Exordium"],"potions_floor_usage":[11,12,16,16],"damage_taken":[{"damage":2,"enemies":"2 Louse","floor":1,"turns":4},{"damage":1,"enemies":"Jaw Worm","floor":2,"turns":4},{"damage":0,"enemies":"Cultist","floor":3,"turns":5},{"damage":0,"enemies":"Looter","floor":4,"turns":4},{"damage":40,"enemies":"3 Sentries","floor":7,"turns":9},{"damage":12,"enemies":"Blue Slaver","floor":10,"turns":3},{"damage":13,"enemies":"Red Slaver","floor":11,"turns":5},{"damage":0,"enemies":"2 Fungi Beasts","floor":12,"turns":2},{"damage":68,"enemies":"The Guardian","floor":16,"turns":17}],"seed_played":"4189912151428278107","potions_obtained":[{"floor":4,"key":"DistilledChaos"},{"floor":7,"key":"GamblersBrew"},{"floor":10,"key":"BlessingOfTheForge"},{"floor":12,"key":"Block Potion"}],"is_trial":false,"path_per_floor":["M","M","M","M","?","R","E","R","T","M","M","M","R","$","R","B"],"character_chosen":"WATCHER","items_purchased":[],"campfire_rested":3,"item_purchase_floors":[],"current_hp_per_floor":[70,69,69,69,55,55,15,36,36,24,11,11,32,32,53,0,0],"gold":399,"neow_bonus":"HUNDRED_GOLD","is_daily":false,"chose_seed":false,"campfire_upgraded":1,"win_rate":0.0,"timestamp":1609877422,"path_taken":["M","M","M","M","?","R","E","R","T","M","M","M","R","$","R","BOSS"],"items_purchased_type":[],"build_version":"2020-12-22","purchased_purges":0,"victory":false,"max_hp_per_floor":[72,72,72,72,72,72,72,72,72,72,72,72,72,72,72,72,72],"card_choices":[{"not_picked":["ClearTheMind","FlyingSleeves"],"picked":"FlurryOfBlows","floor":1},{"not_picked":["ClearTheMind","PathToVictory"],"picked":"EmptyBody","floor":2},{"not_picked":["Protect","Study"],"picked":"ThirdEye","floor":3},{"not_picked":["Collect","CutThroughFate"],"picked":"Meditate","floor":4},{"not_picked":["Evaluate","Protect"],"picked":"BowlingBash","floor":7},{"not_picked":["Wish","Prostrate","BowlingBash"],"picked":"SKIP","floor":10},{"not_picked":["ClearTheMind","WreathOfFlame","Meditate"],"picked":"SKIP","floor":11},{"not_picked":["Halt","Meditate","TalkToTheHand"],"picked":"SKIP","floor":12}],"player_experience":866402,"relics_obtained":[{"floor":7,"key":"Bird Faced Urn"},{"floor":9,"key":"Yang"}],"event_choices":[{"damage_healed":0,"gold_gain":0,"player_choice":"Entered Light","damage_taken":14,"max_hp_gain":0,"max_hp_loss":0,"event_name":"Shining Light","floor":5,"gold_loss":0,"cards_upgraded":["Strike_P","Meditate"]}],"is_beta":false,"boss_relics":[],"items_purged_floors":[],"is_endless":false,"potions_floor_spawned":[4,7,10,12],"killed_by":"The Guardian","ascension_level":0}}