{"host":"9w1j3v3kvq5208ps","time":1609847479,"event":{"mods":["2.2 Compatiblity","BaseMod","CapriCore","Colored Map","DeckTracker","Highlight Path","Keyboard Shortcuts","Minty Spire (QoL Compilation)","Permanent Neow","Quick Restart","StSLib","SuperFastMode","The Immortal","everything is the same but u backflip on backflip"],"gold_per_floor":[111,122,132,147,147,147,161,174,174,194,194,208,208,208,208,208,208],"floor_reached":16,"playtime":1125,"items_purged":[],"score":106,"play_id":"a4340e17-24bb-40bb-85c3-39f367116a91","local_time":"20210105205119","is_ascension_mode":true,"campfire_choices":[{"data":"True Grit","floor":6,"key":"SMITH"},{"data":"Body Slam","floor":13,"key":"SMITH"},{"data":"Sentinel","floor":15,"key":"SMITH"}],"circlet_count":0,"master_deck":["Strike_R","Strike_R","Strike_R","Defend_R","Defend_R","Defend_R","Defend_R","Bash","Body Slam+1","Body Slam","Pommel Strike","True Grit+1","Battle Trance","Feel No Pain","Sentinel+1","Searing Blow","Exhume"],"relics":["Burning Blood","Self Forming Clay","Golden Idol"],"acts_visited":["Exordium"],"potions_floor_usage":[7,10],"damage_taken":[{"damage":0,"enemies":"Cultist","floor":1,"turns":4},{"damage":3,"enemies":"Small Slimes","floor":2,"turns":4},{"damage":13,"enemies":"Jaw Worm","floor":3,"turns":4},{"damage":10,"enemies":"2 Fungi Beasts","floor":4,"turns":4},{"damage":25,"enemies":"Gremlin Gang","floor":7,"turns":9},{"damage":7,"enemies":"3 Louse","floor":8,"turns":5},{"damage":20,"enemies":"Large Slime","floor":10,"turns":6},{"damage":1,"enemies":"2 Fungi Beasts","floor":12,"turns":4},{"damage":58,"enemies":"Hexaghost","floor":16,"turns":16}],"seed_played":"2581033103315738153","potions_obtained":[{"floor":1,"key":"GamblersBrew"},{"floor":3,"key":"BloodPotion"},{"floor":7,"key":"Weak Potion"}],"is_trial":false,"path_per_floor":["M","M","M","M","?","R","M","M","T","M","?","M","R","?","R","B"],"character_chosen":"IRONCLAD","items_purchased":[],"campfire_rested":0,"item_purchase_floors":[],"current_hp_per_floor":[80,80,73,69,69,69,66,65,65,51,51,56,56,56,56,0,0],"gold":208,"neow_bonus":"TRANSFORM_CARD","is_daily":false,"chose_seed":false,"campfire_upgraded":3,"win_rate":0.0,"timestamp":1609847479,"path_taken":["M","M","M","?","?","R","M","M","T","?","?","M","R","?","R","BOSS"],"items_purchased_type":[],"build_version":"2020-12-22","purchased_purges":0,"victory":false,"max_hp_per_floor":[80,80,80,80,80,80,80,80,80,80,74,74,74,74,74,74,74],"card_choices":[{"not_picked":["Intimidate","Havoc"],"picked":"Body Slam","floor":1},{"not_picked":["Fire Breathing","Headbutt"],"picked":"Pommel Strike","floor":2},{"not_picked":["Body Slam","Rupture"],"picked":"True Grit","floor":3},{"not_picked":["Berserk","Thunderclap"],"picked":"Battle Trance","floor":4},{"not_picked":["Disarm","Intimidate"],"picked":"Feel No Pain","floor":7},{"not_picked":["Headbutt","Searing Blow"],"picked":"Sentinel","floor":8},{"not_picked":["Iron Wave","Pummel","Uppercut"],"picked":"SKIP","floor":10},{"not_picked":["Rage","Iron Wave"],"picked":"Searing Blow","floor":12}],"player_experience":208357,"relics_obtained":[{"floor":9,"key":"Self Forming Clay"}],"event_choices":[{"cards_removed":["Strike_R"],"damage_healed":0,"gold_gain":0,"player_choice":"Offered Basic","damage_taken":0,"max_hp_gain":0,"max_hp_loss":0,"event_name":"Bonfire Elementals","floor":5,"gold_loss":0},{"damage_healed":0,"gold_gain":0,"player_choice":"Lose Max HP","damage_taken":0,"relics_obtained":["Golden Idol"],"max_hp_gain":0,"max_hp_loss":6,"event_name":"Golden Idol","floor":11,"gold_loss":0},{"damage_healed":0,"gold_gain":0,"player_choice":"1 cards matched","damage_taken":0,"max_hp_gain":0,"max_hp_loss":0,"event_name":"Match and Keep!","floor":14,"gold_loss":0,"cards_obtained":["Exhume"]}],"is_beta":false,"boss_relics":[],"items_purged_floors":[],"is_endless":false,"potions_floor_spawned":[1,3,7],"killed_by":"Hexaghost","ascension_level":2}}