{"host":"0e0lo445kffy4sr5","time":1609878768,"event":{"mods":["BaseMod","Minty Spire (QoL Compilation)","StSLib"],"gold_per_floor":[157,57,57,72,105,154,193,193,493,530,568,597,637,656,656,761,761,780,794,794,794,794,822,854,854,908,244,244,244,258,258,258],"floor_reached":31,"playtime":2147,"items_purged":["Decay"],"score":292,"play_id":"25e7fa42-d102-4621-8fb8-ed834b72fa13","local_time":"20210105153248","is_ascension_mode":false,"campfire_choices":[{"floor":8.0,"key":"REST"},{"floor":15,"key":"REST"},{"floor":25,"key":"REST"}],"circlet_count":0,"master_deck":["Strike_B","Strike_B","Defend_B","Defend_B","Defend_B","Defend_B","Zap","Dualcast","HandOfGreed","Aggregate","Hologram","Glacier","Streamline","Fusion","Force Field","Doom and Gloom","Redo","Multi-Cast","Reinforced Body","Echo Form","Darkness+1","Conserve Battery","RitualDagger","Seek","Stack+1","Undo","Chill","Fusion","Pain"],"relics":["Cracked Core","Peace Pipe","Old Coin","Girya","Nuclear Battery","Potion Belt","Red Mask","Ancient Tea Set","Gambling Chip","Toy Ornithopter","Strange Spoon","WarpedTongs"],"acts_visited":["Exordium","TheCity"],"potions_floor_usage":[16,16,23,23,24],"damage_taken":[{"damage":0.0,"enemies":"Small Slimes","floor":1.0,"turns":3.0},{"damage":3.0,"enemies":"Cultist","floor":4.0,"turns":3.0},{"damage":1.0,"enemies":"2 Louse","floor":5.0,"turns":2.0},{"damage":12.0,"enemies":"3 Sentries","floor":6.0,"turns":6.0},{"damage":0.0,"enemies":"Looter","floor":7.0,"turns":3.0},{"damage":5.0,"enemies":"Blue Slaver","floor":10.0,"turns":4.0},{"damage":4.0,"enemies":"Large Slime","floor":11.0,"turns":7.0},{"damage":29.0,"enemies":"Gremlin Nob","floor":12.0,"turns":6.0},{"damage":5,"enemies":"Looter","floor":13,"turns":4},{"damage":0,"enemies":"2 Fungi Beasts","floor":14,"turns":2},{"damage":51,"enemies":"Hexaghost","floor":16,"turns":12},{"damage":26,"enemies":"2 Thieves","floor":18,"turns":3},{"damage":16,"enemies":"Chosen","floor":19,"turns":5},{"damage":9,"enemies":"Book of Stabbing","floor":23,"turns":6},{"damage":35,"enemies":"Masked Bandits","floor":24,"turns":4},{"damage":4,"enemies":"Snake Plant","floor":30,"turns":3},{"damage":11,"enemies":"Centurion and Healer","floor":31,"turns":7}],"seed_played":"-9174466907816133571","potions_obtained":[{"floor":1.0,"key":"PowerPotion"},{"floor":4.0,"key":"LiquidBronze"},{"floor":5.0,"key":"AttackPotion"},{"floor":13,"key":"AttackPotion"},{"floor":14,"key":"Dexterity Potion"},{"floor":16,"key":"Weak Potion"},{"floor":19,"key":"PowerPotion"},{"floor":23,"key":"AttackPotion"},{"floor":24,"key":"GamblersBrew"}],"is_trial":false,"path_per_floor":["M","$","?","M","M","E","M","R","T","M","M","E","M","M","R","B",null,"M","M","?","?","?","E","?","R","T","$","?","?","M","M"],"character_chosen":"DEFECT","items_purchased":["Hologram","Gambling Chip","Toy Ornithopter","Strange Spoon","Undo"],"campfire_rested":3,"item_purchase_floors":[2,27,27,27,27],"current_hp_per_floor":[75,75,75,72,71,59,59,75,75,70,66,37,32,32,54,3,75,49,33,58,58,52,43,8,30,30,30,30,30,26,15,15],"gold":258,"neow_bonus":"RANDOM_COLORLESS_2","is_daily":false,"chose_seed":false,"campfire_upgraded":0,"win_rate":0.0,"timestamp":1609878768,"path_taken":["M","$","?","M","M","E","M","R","T","?","M","E","?","M","R","BOSS","M","M","?","?","?","E","?","R","T","$","?","?","?","M"],"items_purchased_type":["Card","Relic","Relic","Relic","Card"],"build_version":"2020-12-13","purchased_purges":1,"victory":false,"max_hp_per_floor":[75,75,75,75,75,75,75,75,75,75,75,75,75,75,75,75,75,75,75,75,75,75,75,75,75,75,75,75,75,75,75,75],"card_choices":[{"not_picked":["Magnetism","The Bomb"],"picked":"HandOfGreed","floor":0.0},{"not_picked":["Ball Lightning","Skim"],"picked":"Aggregate","floor":1.0},{"not_picked":["Hello World","Hologram"],"picked":"Glacier","floor":4.0},{"not_picked":["Ball Lightning","Go for the Eyes"],"picked":"Streamline","floor":5.0},{"not_picked":["Genetic Algorithm","Redo"],"picked":"Fusion","floor":6.0},{"not_picked":["Ball Lightning","Barrage","Scrape"],"picked":"SKIP","floor":7.0},{"not_picked":["Barrage","Hologram"],"picked":"Force Field","floor":10.0},{"not_picked":["Steam Power","Coolheaded"],"picked":"Doom and Gloom","floor":11.0},{"not_picked":["Steam","Consume"],"picked":"Redo","floor":12},{"not_picked":["Gash","Compile Driver"],"picked":"Multi-Cast","floor":13},{"not_picked":["Ball Lightning","Hologram"],"picked":"Reinforced Body","floor":14},{"not_picked":["Biased Cognition","All For One"],"picked":"Echo Form","floor":16},{"not_picked":["Beam Cell","Reprogram"],"picked":"Darkness+1","floor":18},{"not_picked":["Sweeping Beam","Steam"],"picked":"Conserve Battery","floor":19},{"not_picked":["Self Repair","Conserve Battery"],"picked":"Seek","floor":23},{"not_picked":["Conserve Battery","Steam"],"picked":"Stack+1","floor":24},{"not_picked":["Sweeping Beam+1","Hologram","Compile Driver"],"picked":"SKIP","floor":30}],"player_experience":18204,"relics_obtained":[{"floor":6.0,"key":"Peace Pipe"},{"floor":9.0,"key":"Old Coin"},{"floor":12,"key":"Girya"},{"floor":23,"key":"Potion Belt"},{"floor":24,"key":"Red Mask"},{"floor":26,"key":"Ancient Tea Set"}],"event_choices":[{"damage_healed":0.0,"max_hp_gain":0.0,"max_hp_loss":0.0,"gold_gain":0.0,"event_name":"NoteForYourself","player_choice":"Ignored","floor":3.0,"gold_loss":0.0,"damage_taken":0.0},{"damage_healed":25,"gold_gain":0,"player_choice":"Heal","damage_taken":0,"max_hp_gain":0,"max_hp_loss":0,"event_name":"The Library","floor":20,"gold_loss":0},{"damage_healed":0,"gold_gain":0,"player_choice":"Ignored","damage_taken":0,"max_hp_gain":0,"max_hp_loss":0,"event_name":"Vampires","floor":21,"gold_loss":0},{"damage_healed":0,"gold_gain":0,"player_choice":"Joined the Cult","damage_taken":6,"max_hp_gain":0,"max_hp_loss":0,"event_name":"Nest","floor":22,"gold_loss":0,"cards_obtained":["RitualDagger"]},{"damage_healed":0,"gold_gain":0,"player_choice":"Fought Bandits","damage_taken":0,"max_hp_gain":0,"max_hp_loss":0,"event_name":"Masked Bandits","floor":24,"gold_loss":0},{"damage_healed":0,"gold_gain":0,"cards_transformed":["Strike_B","Strike_B"],"player_choice":"Became Test Subject","damage_taken":0,"max_hp_gain":0,"max_hp_loss":0,"event_name":"Drug Dealer","floor":28,"gold_loss":0,"cards_obtained":["Chill","Fusion"]},{"damage_healed":0,"gold_gain":0,"player_choice":"Rummage","damage_taken":0,"relics_obtained":["WarpedTongs"],"max_hp_gain":0,"max_hp_loss":0,"event_name":"Accursed Blacksmith","floor":29,"gold_loss":0,"cards_obtained":["Pain"]}],"is_beta":false,"boss_relics":[{"not_picked":["Calling Bell","FrozenCore"],"picked":"Nuclear Battery"}],"items_purged_floors":[2],"is_endless":false,"potions_floor_spawned":[1,4,5,13,14,16,19,23,24],"killed_by":"Centurion and Healer","ascension_level":0}}