{"host":"9w1j3v3kvq5208ps","time":1609809036,"event":{"mods":["2.2 Compatiblity","BaseMod","CapriCore","Colored Map","DeckTracker","Highlight Path","Keyboard Shortcuts","Minty Spire (QoL Compilation)","Permanent Neow","Quick Restart","StSLib","The Immortal","everything is the same but u backflip on backflip"],"gold_per_floor":[112,132,31,51,61,61,61,61,130,149,149,224,234,250,250,347,347,359,359,131,230,82,82,53,73,73,73,108,70,100,116,116,216,216,227,244,18,34,34,34,47,47,47,47,58,87,100,100,100],"floor_reached":48,"playtime":3535,"items_purged":["Strike_R","Strike_R"],"score":546,"play_id":"7796f45a-6b65-42c1-bc68-e6bf0e053f14","local_time":"20210105101036","is_ascension_mode":true,"campfire_choices":[{"data":"Dark Embrace","floor":6,"key":"SMITH"},{"data":"Bash","floor":8,"key":"SMITH"},{"data":"Wild Strike","floor":11,"key":"SMITH"},{"floor":15,"key":"REST"},{"data":"Power Through","floor":23,"key":"SMITH"},{"data":"Fire Breathing","floor":27,"key":"SMITH"},{"floor":32,"key":"REST"},{"data":"Offering","floor":40,"key":"SMITH"},{"data":"Infernal Blade","floor":42,"key":"SMITH"},{"data":"Whirlwind","floor":44,"key":"SMITH"}],"circlet_count":0,"master_deck":["Strike_R","Strike_R","Strike_R","Defend_R","Defend_R","Defend_R+1","Defend_R+1","Bash+1","Dark Embrace+1","Inflame","Armaments","Twin Strike","Cleave","Wild Strike+1","Disarm","Rampage","Impervious","Power Through+1","Shockwave","Thunderclap","Clothesline","Fire Breathing+1","Offering+1","Evolve","Wild Strike","Infernal Blade+1","Barricade","Pummel+1","Warcry+1","Feel No Pain","Body Slam+1","Whirlwind+1","Flex","Shrug It Off","Hemokinesis+1"],"relics":["Black Blood","NeowsBlessing","Question Card","SlaversCollar","Enchiridion","Anchor","Omamori","Red Skull","Red Mask","Vajra","Centennial Puzzle","Smiling Mask"],"acts_visited":["Exordium","TheCity","TheBeyond"],"potions_floor_usage":[5,13,16,31,33,33,33,33,46,46,47,48],"damage_taken":[{"damage":0,"enemies":"Cultist","floor":1,"turns":1},{"damage":0,"enemies":"Small Slimes","floor":2,"turns":1},{"damage":0,"enemies":"Jaw Worm","floor":4,"turns":1},{"damage":1,"enemies":"Lots of Slimes","floor":5,"turns":2},{"damage":0,"enemies":"2 Fungi Beasts","floor":10,"turns":3},{"damage":15,"enemies":"Exordium Thugs","floor":13,"turns":5},{"damage":36,"enemies":"Gremlin Gang","floor":14,"turns":5},{"damage":39,"enemies":"The Guardian","floor":16,"turns":12},{"damage":22,"enemies":"Shell Parasite","floor":18,"turns":6},{"damage":11,"enemies":"2 Thieves","floor":24,"turns":5},{"damage":9,"enemies":"Centurion and Healer","floor":25,"turns":12},{"damage":12,"enemies":"Book of Stabbing","floor":28,"turns":6},{"damage":12,"enemies":"Masked Bandits","floor":30,"turns":4},{"damage":6,"enemies":"Cultist and Chosen","floor":31,"turns":5},{"damage":54,"enemies":"Collector","floor":33,"turns":7},{"damage":21,"enemies":"Orb Walker","floor":35,"turns":6},{"damage":22,"enemies":"3 Darklings","floor":36,"turns":5},{"damage":41,"enemies":"4 Shapes","floor":38,"turns":3},{"damage":43,"enemies":"Maw","floor":41,"turns":9},{"damage":25,"enemies":"Writhing Mass","floor":45,"turns":6},{"damage":3,"enemies":"Nemesis","floor":46,"turns":7},{"damage":35,"enemies":"Jaw Worm Horde","floor":47,"turns":6},{"damage":39,"enemies":"Transient","floor":48,"turns":3}],"seed_played":"8276155540407097561","potions_obtained":[{"floor":4,"key":"Explosive Potion"},{"floor":10,"key":"EssenceOfSteel"},{"floor":14,"key":"LiquidBronze"},{"floor":18,"key":"SteroidPotion"},{"floor":30,"key":"Fruit Juice"},{"floor":31,"key":"EntropicBrew"},{"floor":38,"key":"ElixirPotion"},{"floor":41,"key":"Swift Potion"},{"floor":46,"key":"Fire Potion"}],"is_trial":false,"path_per_floor":["M","M","$","M","M","R","?","R","T","M","R","?","M","M","R","B",null,"M","?","$","?","$","R","M","M","T","R","E","$","?","M","R","B",null,"M","M","$","M","?","R","M","R","T","R","M","E","M","M"],"character_chosen":"IRONCLAD","items_purchased":["Armaments","Shockwave","Thunderclap","Anchor","Evolve","Feel No Pain","Vajra"],"campfire_rested":2,"item_purchase_floors":[3,20,20,22,29,37,37],"current_hp_per_floor":[80,80,80,80,80,80,64,64,64,70,70,59,50,20,44,11,80,64,48,48,48,48,48,43,40,40,40,34,34,28,33,58,10,85,76,66,66,37,85,85,54,54,54,54,41,50,27,0,0],"gold":100,"neow_bonus":"THREE_ENEMY_KILL","is_daily":false,"chose_seed":false,"campfire_upgraded":8,"win_rate":0.0,"timestamp":1609809036,"path_taken":["M","M","$","M","M","R","?","R","T","M","R","?","M","M","R","BOSS","M","?","$","?","$","R","M","M","T","R","E","$","?","M","R","BOSS","M","M","$","M","?","R","?","R","T","R","?","E","M","M"],"items_purchased_type":["Card","Card","Card","Relic","Card","Card","Relic"],"build_version":"2020-12-22","purchased_purges":2,"victory":false,"max_hp_per_floor":[80,80,80,80,80,80,80,80,80,80,80,80,80,80,80,80,80,80,80,80,80,80,80,80,80,80,80,80,80,80,85,85,85,85,85,85,85,85,85,85,85,85,85,85,85,85,85,85,85],"card_choices":[{"not_picked":["Headbutt","Flex"],"picked":"Dark Embrace","floor":1},{"not_picked":["Dropkick","Whirlwind"],"picked":"Inflame","floor":2},{"not_picked":["Dark Embrace","Inflame"],"picked":"Twin Strike","floor":4},{"not_picked":["Rupture","Armaments"],"picked":"Cleave","floor":5},{"not_picked":["Searing Blow","Sentinel","Iron Wave"],"picked":"Wild Strike","floor":10},{"not_picked":["Clash","True Grit","Sever Soul"],"picked":"Disarm","floor":13},{"not_picked":["Sever Soul","Body Slam","Uppercut"],"picked":"Rampage","floor":14},{"not_picked":["Limit Break","Fiend Fire","Feed"],"picked":"Impervious","floor":16},{"not_picked":["Body Slam+1","Armaments","Combust"],"picked":"Power Through","floor":18},{"not_picked":["Pommel Strike","Havoc+1","Power Through+1"],"picked":"Clothesline","floor":24},{"not_picked":["Infernal Blade+1","Headbutt","Sever Soul"],"picked":"Fire Breathing","floor":25},{"not_picked":["Seeing Red","Cleave","Perfected Strike"],"picked":"Offering","floor":28},{"not_picked":["Headbutt","Heavy Blade","Pummel"],"picked":"Wild Strike","floor":30},{"not_picked":["Anger","Headbutt","Flex"],"picked":"Infernal Blade","floor":31},{"not_picked":["Feed","Exhume","Impervious"],"picked":"Barricade","floor":33},{"not_picked":["Seeing Red+1","Carnage","Dual Wield"],"picked":"Pummel+1","floor":35},{"not_picked":["Fire Breathing+1","Entrench","Wild Strike"],"picked":"Warcry+1","floor":36},{"not_picked":["Twin Strike+1","Rupture","Battle Trance"],"picked":"Body Slam+1","floor":38},{"not_picked":["Flex+1","Entrench+1","Rupture+1"],"picked":"Whirlwind","floor":41},{"not_picked":["Twin Strike","True Grit+1","Rampage"],"picked":"Flex","floor":45},{"not_picked":["Whirlwind+1","Demon Form","Sword Boomerang"],"picked":"Shrug It Off","floor":46},{"not_picked":["Flex+1","Headbutt","Shockwave+1"],"picked":"Hemokinesis+1","floor":47}],"player_experience":203269,"relics_obtained":[{"floor":9,"key":"Question Card"},{"floor":19,"key":"Enchiridion"},{"floor":26,"key":"Omamori"},{"floor":28,"key":"Red Skull"},{"floor":30,"key":"Red Mask"},{"floor":43,"key":"Centennial Puzzle"},{"floor":46,"key":"Smiling Mask"}],"event_choices":[{"damage_healed":0,"gold_gain":0,"player_choice":"Entered Light","damage_taken":16,"max_hp_gain":0,"max_hp_loss":0,"event_name":"Shining Light","floor":7,"gold_loss":0,"cards_upgraded":["Defend_R","Defend_R"]},{"damage_healed":0,"gold_gain":75,"player_choice":"Gather Gold","damage_taken":11,"max_hp_gain":0,"max_hp_loss":0,"event_name":"World of Goop","floor":12,"gold_loss":0},{"damage_healed":0,"gold_gain":0,"player_choice":"Obtained Book","damage_taken":16,"max_hp_gain":0,"max_hp_loss":0,"event_name":"Cursed Tome","floor":19,"gold_loss":0},{"damage_healed":0,"gold_gain":99,"player_choice":"Stole From Cult","damage_taken":0,"max_hp_gain":0,"max_hp_loss":0,"event_name":"Nest","floor":21,"gold_loss":0},{"damage_healed":0,"gold_gain":0,"player_choice":"Fought Bandits","damage_taken":0,"max_hp_gain":0,"max_hp_loss":0,"event_name":"Masked Bandits","floor":30,"gold_loss":0},{"damage_healed":48,"gold_gain":0,"player_choice":"Full Heal","damage_taken":0,"max_hp_gain":0,"max_hp_loss":0,"event_name":"Wheel of Change","floor":39,"gold_loss":0}],"is_beta":false,"boss_relics":[{"not_picked":["Fusion Hammer","Runic Cube"],"picked":"SlaversCollar"},{"not_picked":["Coffee Dripper","Mark of Pain"],"picked":"Black Blood"}],"items_purged_floors":[3,20],"is_endless":false,"potions_floor_spawned":[4,10,14,18,30,31,38,41,46],"killed_by":"Transient","ascension_level":2}}