{"host":"3ghjvsatr2fxka2l","time":1609827723,"event":{"mods":["2.2 Compatiblity","AchievementEnabler","Act Like it!","Aspiration","BaseMod","Better Third Choice","Better Vampires","BetterRewards","Clawfect","Colored Powertips","Conspire","Curses Come First","Defuse TimeMaze Blight","Displayed Cursed Tome","Energized Spire","Evolution","Gold Saver","Grow up Mod","Hubris","Infinite Spire","Ironclad Rager","Marisa????????","Marked Mod","Minty Spire (QoL Compilation)","Permanent Neow","Puzzle Mod","Quick Restart","Replay The Spire","SacredBarkPlus","StSLib","The Blue Laboratory","The Cursed","Transform Curses","Uncapped","Waifu the Spire","Wandering Minibosses","vexMod","??????REMEMod"],"gold_per_floor":[0,0,0,0,0,0,0,0,0,0,0],"floor_reached":10,"playtime":252,"items_purged":[],"score":68,"play_id":"f4fffc74-5574-4559-907a-b0131449e47b","local_time":"20210104222203","is_ascension_mode":false,"campfire_choices":[],"circlet_count":0,"master_deck":[],"relics":["puzzleMod:CursedCornerPiece","puzzleMod:BagOfPieces","Charon\u0027s Ashes","Cursed Key"],"acts_visited":["Exordium"],"potions_floor_usage":[10],"damage_taken":[{"damage":0.0,"enemies":"Custom Monster","floor":1.0,"turns":1.0},{"damage":19.0,"enemies":"Custom Monster","floor":2.0,"turns":1.0},{"damage":0.0,"enemies":"Custom Monster","floor":3.0,"turns":1.0},{"damage":0.0,"enemies":"Custom Monster","floor":4.0,"turns":1.0},{"damage":6.0,"enemies":"Custom Monster","floor":5.0,"turns":1.0},{"damage":0.0,"enemies":"Custom Monster","floor":6.0,"turns":1.0},{"damage":16.0,"enemies":"Custom Monster","floor":7.0,"turns":1.0},{"damage":13.0,"enemies":"Custom Monster","floor":8.0,"turns":1.0},{"damage":22.0,"enemies":"Custom Monster","floor":9.0,"turns":1.0},{"damage":96,"enemies":"Puzzle Boss","floor":10,"turns":1}],"seed_played":"3166334741273687593","potions_obtained":[],"is_trial":false,"path_per_floor":["P","P","P","P","P","P","P","P","P","B"],"character_chosen":"THE_PUZZLER","items_purchased":[],"campfire_rested":0,"item_purchase_floors":[],"current_hp_per_floor":[30,11,30,30,11,30,11,11,11,0,0],"gold":0,"neow_bonus":"","is_daily":false,"chose_seed":false,"campfire_upgraded":0,"win_rate":0.0,"timestamp":1609827723,"path_taken":["P","P","P","P","P","P","P","P","P","BOSS"],"items_purchased_type":[],"build_version":"2020-12-22","purchased_purges":0,"victory":false,"max_hp_per_floor":[30,30,30,30,30,30,27,24,33,20,20],"card_choices":[],"player_experience":283208,"relics_obtained":[],"event_choices":[],"is_beta":false,"boss_relics":[],"items_purged_floors":[],"is_endless":false,"potions_floor_spawned":[],"killed_by":"Puzzle Boss","ascension_level":0}}