{"host":"mruvby243fwgm3bp","time":1609842222,"event":{"mods":["AchievementEnabler","BaseMod","Colored Map","Colored Powertips","Minty Spire (QoL Compilation)","Permanent Neow","Random Character Button","StSLib"],"gold_per_floor":[361,361,378,553,553,553,588,116,116,132,132,167,9,41,41,139,139,150,150,249,266,16,16,43,43,43,71,114,126,17,34,34,138,138,149,37,391,441,269,269,297,311,311,311,344,344,370,388,388,388],"floor_reached":51,"playtime":2400,"items_purged":["Strike_B","Defend_B","Doubt","Defend_B"],"score":1320,"play_id":"6f4e2825-f74e-48b5-91e4-41f1b297890c","local_time":"20210105022342","is_ascension_mode":true,"campfire_choices":[{"floor":6,"key":"REST"},{"floor":11,"key":"REST"},{"data":"Zap","floor":15,"key":"SMITH"},{"data":"Buffer","floor":23,"key":"SMITH"},{"data":"Panache","floor":25,"key":"SMITH"},{"data":"Impatience","floor":29,"key":"SMITH"},{"data":"Fission","floor":32,"key":"SMITH"},{"data":"Deep Breath","floor":40,"key":"SMITH"},{"data":"Reboot","floor":46,"key":"SMITH"},{"data":"Impatience","floor":49,"key":"SMITH"}],"circlet_count":0,"master_deck":["Strike_B+1","Defend_B+1","Zap+1","Dualcast+1","Streamline+1","BootSequence","Go for the Eyes+1","Blind","Beam Cell","FTL+1","Buffer+1","Self Repair+1","Reboot+1","Sweeping Beam+1","Redo+1","Panache+1","Impatience+1","Gash","Fission+1","Deep Breath+1","Reboot+1","Impatience+1","Chaos+1","Go for the Eyes","Auto Shields+1","Panache","Steam Power+1"],"relics":["Cracked Core","Ginger","Lizard Tail","Membership Card","War Paint","Oddly Smooth Stone","HornCleat","Juzu Bracelet","Sling","Orichalcum","Astrolabe","Symbiotic Virus","Whetstone","MawBank","Ancient Tea Set","Black Star","Old Coin","Ice Cream","PreservedInsect","Potion Belt","Kunai","Strawberry","Bag of Marbles","Blue Candle","Toy Ornithopter","White Beast Statue"],"acts_visited":["Exordium","TheCity","TheBeyond"],"potions_floor_usage":[12,12,16,18,50],"damage_taken":[{"damage":9,"enemies":"2 Louse","floor":1,"turns":2},{"damage":7,"enemies":"Jaw Worm","floor":3,"turns":2},{"damage":28,"enemies":"Gremlin Nob","floor":7,"turns":4},{"damage":0,"enemies":"Small Slimes","floor":10,"turns":2},{"damage":0,"enemies":"3 Sentries","floor":12,"turns":9},{"damage":0,"enemies":"Lagavulin","floor":14,"turns":4},{"damage":50,"enemies":"Slime Boss","floor":16,"turns":11},{"damage":3,"enemies":"Shell Parasite","floor":18,"turns":5},{"damage":8,"enemies":"Spheric Guardian","floor":21,"turns":4},{"damage":14,"enemies":"Gremlin Leader","floor":24,"turns":5},{"damage":0,"enemies":"Cultist and Chosen","floor":27,"turns":3},{"damage":5,"enemies":"Book of Stabbing","floor":28,"turns":4},{"damage":9,"enemies":"Shelled Parasite and Fungi","floor":31,"turns":5},{"damage":36,"enemies":"Champ","floor":33,"turns":10},{"damage":0,"enemies":"3 Shapes","floor":35,"turns":1},{"damage":12,"enemies":"2 Orb Walkers","floor":37,"turns":3},{"damage":10,"enemies":"Mind Bloom Boss Battle","floor":38,"turns":5},{"damage":0,"enemies":"Reptomancer","floor":41,"turns":2},{"damage":4,"enemies":"3 Darklings","floor":42,"turns":3},{"damage":0,"enemies":"Giant Head","floor":45,"turns":5},{"damage":0,"enemies":"Reptomancer","floor":47,"turns":3},{"damage":0,"enemies":"Spire Growth","floor":48,"turns":3},{"damage":14,"enemies":"Donu and Deca","floor":50,"turns":4}],"seed_played":"8743497699008659706","potions_obtained":[{"floor":3,"key":"FairyPotion"},{"floor":14,"key":"SpeedPotion"},{"floor":16,"key":"SkillPotion"},{"floor":24,"key":"SmokeBomb"},{"floor":27,"key":"SpeedPotion"},{"floor":28,"key":"BlessingOfTheForge"},{"floor":33,"key":"EssenceOfSteel"},{"floor":41,"key":"SteroidPotion"},{"floor":42,"key":"BlessingOfTheForge"},{"floor":48,"key":"Dexterity Potion"}],"is_trial":false,"path_per_floor":["M","?","M","?","?","R","E","$","T","M","R","E","$","E","R","B",null,"M","?","?","M","$","R","E","R","T","M","E","R","$","M","R","B",null,"M","$","?","?","$","R","E","M","T","?","E","R","E","M","R","B",null],"character_chosen":"DEFECT","items_purchased":["Membership Card","Go for the Eyes","War Paint","Oddly Smooth Stone","Blind","EssenceOfSteel","Fire Potion","FTL","Sling","Panache","Impatience","Symbiotic Virus","Fission","Deep Breath","Impatience","Go for the Eyes","PreservedInsect"],"campfire_rested":2,"item_purchase_floors":[8,8,8,8,8,8,8,13,13,22,22,22,30,30,36,39,39],"current_hp_per_floor":[41,26,19,19,16,38,10,10,10,10,32,32,32,32,32,5,58,65,51,51,53,53,53,49,49,49,59,64,64,64,65,65,39,70,80,80,78,68,68,68,78,74,81,81,87,87,87,87,87,83],"gold":388,"neow_bonus":"TWO_FIFTY_GOLD","is_daily":false,"chose_seed":false,"campfire_upgraded":8,"win_rate":0.0,"timestamp":1609842222,"path_taken":["M","?","M","?","?","R","E","?","T","M","R","E","$","E","R","BOSS","M","?","?","M","$","R","E","R","T","M","E","R","$","M","R","BOSS","M","$","?","?","$","R","E","M","T","?","E","R","E","M","R","BOSS"],"items_purchased_type":["Relic","Card","Relic","Relic","Card","Potion","Potion","Card","Relic","Card","Card","Relic","Card","Card","Card","Card","Relic"],"build_version":"2020-12-22","purchased_purges":4,"victory":true,"max_hp_per_floor":[75,75,75,75,75,75,75,75,75,75,75,75,75,75,75,75,75,75,80,80,80,80,80,80,80,80,80,80,80,80,80,80,80,80,80,80,80,80,80,80,80,80,87,87,87,87,87,87,87,87],"card_choices":[{"not_picked":["Leap","Cold Snap"],"picked":"Streamline","floor":1},{"not_picked":["Blizzard","Skim"],"picked":"BootSequence","floor":3},{"not_picked":["Rebound","Cold Snap","Leap"],"picked":"SKIP","floor":7},{"not_picked":["Redo","Ball Lightning","Amplify"],"picked":"SKIP","floor":10},{"not_picked":["Loop","Cold Snap"],"picked":"Beam Cell","floor":12},{"not_picked":["Blizzard","Defragment","Steam"],"picked":"SKIP","floor":14},{"not_picked":["Seek","Biased Cognition"],"picked":"Buffer","floor":16},{"not_picked":["Compile Driver","Undo","Leap"],"picked":"SKIP","floor":18},{"not_picked":["Conserve Battery","Leap"],"picked":"Redo+1","floor":21},{"not_picked":["Redo","Aggregate","Self Repair"],"picked":"SKIP","floor":24},{"not_picked":["Redo","Turbo"],"picked":"Gash","floor":27},{"not_picked":["Compile Driver","Lockon","Amplify"],"picked":"SKIP","floor":28},{"not_picked":["Sweeping Beam+1","Conserve Battery+1","Barrage+1"],"picked":"SKIP","floor":31},{"not_picked":["Seek","Meteor Strike"],"picked":"Reboot","floor":33},{"not_picked":["Redo","Hologram","Stack"],"picked":"SKIP","floor":35},{"not_picked":["Recycle+1","Heatsinks+1"],"picked":"Chaos+1","floor":38},{"not_picked":["Thunder Strike","Conserve Battery+1"],"picked":"Auto Shields+1","floor":41},{"not_picked":["Steam+1","Doom and Gloom+1","Leap"],"picked":"SKIP","floor":42},{"not_picked":["Secret Weapon","Magnetism"],"picked":"Panache","floor":44},{"not_picked":["Fusion+1","Turbo","Melter+1"],"picked":"SKIP","floor":45},{"not_picked":["Cold Snap","Genetic Algorithm+1"],"picked":"Steam Power+1","floor":47},{"not_picked":["Auto Shields+1","Reprogram","Streamline+1"],"picked":"SKIP","floor":48}],"player_experience":375295,"relics_obtained":[{"floor":7,"key":"Lizard Tail"},{"floor":9,"key":"HornCleat"},{"floor":12,"key":"Juzu Bracelet"},{"floor":14,"key":"Orichalcum"},{"floor":24,"key":"Whetstone"},{"floor":26,"key":"MawBank"},{"floor":28,"key":"Ancient Tea Set"},{"floor":37,"key":"Old Coin"},{"floor":38,"key":"Ice Cream"},{"floor":41,"key":"Potion Belt"},{"floor":41,"key":"Kunai"},{"floor":43,"key":"Strawberry"},{"floor":45,"key":"Bag of Marbles"},{"floor":45,"key":"Blue Candle"},{"floor":47,"key":"Toy Ornithopter"},{"floor":47,"key":"White Beast Statue"}],"event_choices":[{"damage_healed":0,"gold_gain":0,"player_choice":"Entered Light","damage_taken":15,"max_hp_gain":0,"max_hp_loss":0,"event_name":"Shining Light","floor":2,"gold_loss":0,"cards_upgraded":["Strike_B","Streamline"]},{"damage_healed":0,"gold_gain":175,"player_choice":"AGREE","damage_taken":0,"max_hp_gain":0,"max_hp_loss":0,"event_name":"Liars Game","floor":4,"gold_loss":0,"cards_obtained":["Doubt"]},{"damage_healed":0,"gold_gain":0,"player_choice":"Success","damage_taken":3,"relics_obtained":["Ginger"],"max_hp_gain":0,"max_hp_loss":0,"event_name":"Scrap Ooze","floor":5,"gold_loss":0},{"damage_healed":0,"gold_gain":0,"player_choice":"Shed Blood","damage_taken":19,"max_hp_gain":5,"max_hp_loss":0,"event_name":"Forgotten Altar","floor":19,"gold_loss":0},{"damage_healed":0,"gold_gain":99,"player_choice":"Stole From Cult","damage_taken":0,"max_hp_gain":0,"max_hp_loss":0,"event_name":"Nest","floor":20,"gold_loss":0},{"damage_healed":0,"gold_gain":0,"player_choice":"Fight","damage_taken":0,"max_hp_gain":0,"max_hp_loss":0,"event_name":"Mysterious Sphere","floor":37,"gold_loss":0},{"damage_healed":0,"gold_gain":0,"player_choice":"Fight","damage_taken":0,"max_hp_gain":0,"max_hp_loss":0,"event_name":"MindBloom","floor":38,"gold_loss":0},{"damage_healed":0,"gold_gain":0,"player_choice":"Memory 1","damage_taken":0,"max_hp_gain":0,"max_hp_loss":0,"event_name":"SensoryStone","floor":44,"gold_loss":0}],"is_beta":false,"boss_relics":[{"not_picked":["Runic Dome","SlaversCollar"],"picked":"Astrolabe"},{"not_picked":["Inserter","Busted Crown"],"picked":"Black Star"}],"items_purged_floors":[8,13,36,39],"is_endless":false,"potions_floor_spawned":[3,14,16,24,27,28,33,38,41,42,48],"ascension_level":7}}