{"host":"nzm1i0l8mrsm8hd2","time":1609839916,"event":{"mods":["Act Like it!","Aspiration","BaseMod","CapriCore","Challenge The Spire","Conspire","Gensokyo","Minty Spire (QoL Compilation)","Pale of the Ancients","Quick Restart","Robot Space Explorer","RumiaBox-露米娅的神秘盒子","Spicy Shops","StSLib","The Immortal","The Jungle","The Mystic","Wandering Minibosses","Yakumo Yukari mod"],"gold_per_floor":[110,110,343,343,353,353,70,70,93,93,93,54,54,131,131,233,233,244,46,66,66,66,398,398,584,609,621,583,595,619,631,643,655,655],"floor_reached":33,"playtime":1004,"items_purged":["RobotSpaceExplorer:Strike"],"score":290,"play_id":"aa31a055-5d34-4fe6-81c5-b41e14919eba","local_time":"20210105174516","is_ascension_mode":false,"campfire_choices":[{"data":"RobotSpaceExplorer:MiniLasers","floor":6.0,"key":"SMITH"},{"data":"RobotSpaceExplorer:ScrapShield","floor":8.0,"key":"SMITH"},{"data":"RobotSpaceExplorer:ImprovisedAttack","floor":10.0,"key":"SMITH"},{"data":"RobotSpaceExplorer:Probe","floor":15.0,"key":"SMITH"},{"data":"Venomology","floor":24,"key":"SMITH"},{"data":"Adrenaline","floor":27,"key":"SMITH"},{"data":"RobotSpaceExplorer:Explosion","floor":29,"key":"SMITH"},{"data":"Neutralize","floor":32,"key":"SMITH"}],"circlet_count":0,"master_deck":["RobotSpaceExplorer:Strike","RobotSpaceExplorer:Strike","RobotSpaceExplorer:Defend","RobotSpaceExplorer:Defend","RobotSpaceExplorer:MiniLasers+1","RobotSpaceExplorer:ScrapShield+1","RobotSpaceExplorer:ScrapMissile","RobotSpaceExplorer:ImprovisedAttack+1","RobotSpaceExplorer:Probe+1","RobotSpaceExplorer:PowerCollector+1","RobotSpaceExplorer:StunGrenade+1","Venomology+1","Adrenaline+1","Neutralize+1","RobotSpaceExplorer:Explosion+1","RobotSpaceExplorer:FreezeRay+1","RobotSpaceExplorer:FreezeRay+1"],"relics":["RobotSpaceExplorer:RoboCore","NeowsBlessing","Baka","Gensokyo:Justice","Omamori","Incense Burner","RobotSpaceExplorer:SlideRule","Tiny Chest","Frozen Egg 2","Mummified Hand","Coffee Dripper","RobotSpaceExplorer:PlasmaHourglass","conspire:TopHat","Letter Opener","The Courier","MawBank","Unceasing Top","GodSword6"],"acts_visited":["Exordium","Gensokyo:Gensokyo"],"potions_floor_usage":[23,25,33],"damage_taken":[{"damage":0.0,"enemies":"Gensokyo:2_Kodama","floor":1.0,"turns":1.0},{"damage":0.0,"enemies":"conspire:MimicChest","floor":3.0,"turns":1.0},{"damage":0.0,"enemies":"Gensokyo:Python","floor":5.0,"turns":1.0},{"damage":6.0,"enemies":"Gensokyo:Yukari","floor":16.0,"turns":5.0},{"damage":0.0,"enemies":"Gensokyo:Chomper","floor":18.0,"turns":3.0},{"damage":31.0,"enemies":"Gensokyo:AngelMirror","floor":20.0,"turns":5.0},{"damage":19,"enemies":"Gensokyo:Reisen","floor":23,"turns":7},{"damage":15,"enemies":"Gensokyo:Koishi","floor":25,"turns":4},{"damage":1,"enemies":"Gensokyo:Slime_Group","floor":30,"turns":2},{"damage":17,"enemies":"Gensokyo:Kaguya","floor":33,"turns":4}],"seed_played":"7016767759971846755","potions_obtained":[{"floor":1.0,"key":"AttackPotion"},{"floor":20.0,"key":"DistilledChaos"},{"floor":23,"key":"SteroidPotion"}],"is_trial":false,"path_per_floor":["M","?","?","?","M","R","$","R","T","R","?","$","T","T","R","B",null,"M","COS","M","?","$","E","R","E","T","R","?","R","M","T","R","B"],"character_chosen":"RobotSpaceExplorer","items_purchased":["RobotSpaceExplorer:ImprovisedAttack","RobotSpaceExplorer:SlideRule","RobotSpaceExplorer:Probe"],"campfire_rested":0,"item_purchase_floors":[7,7,12],"current_hp_per_floor":[75,75,75,75,75,75,75,75,75,75,75,75,75,75,75,69,75,75,75,44,44,44,25,25,10,10,10,17,17,16,16,16,0,0],"gold":655,"neow_bonus":"THREE_ENEMY_KILL","is_daily":false,"chose_seed":false,"campfire_upgraded":8,"win_rate":0.0,"timestamp":1609839916,"path_taken":["M","?","?","?","?","R","$","R","T","R","?","?","?","?","R","BOSS","M","COS","M","?","?","E","R","E","T","R","?","R","M","?","R","BOSS"],"items_purchased_type":["Card","Relic","Card"],"build_version":"2020-12-22","purchased_purges":1,"victory":false,"max_hp_per_floor":[75,75,75,75,75,75,75,75,75,75,75,75,75,75,75,75,75,75,75,75,75,75,75,75,75,75,75,82,82,82,82,82,82,82],"card_choices":[{"not_picked":["RobotSpaceExplorer:Blitz","RobotSpaceExplorer:StunGrenade","RobotSpaceExplorer:SwiftStep"],"picked":"SKIP","floor":1.0},{"not_picked":["RobotSpaceExplorer:SurgingShield","RobotSpaceExplorer:SlimeMissile"],"picked":"RobotSpaceExplorer:ScrapShield","floor":3.0},{"not_picked":["RobotSpaceExplorer:ShovelStrike","RobotSpaceExplorer:MiniDrones"],"picked":"RobotSpaceExplorer:ScrapMissile","floor":5.0},{"not_picked":["RobotSpaceExplorer:Asteroid","RobotSpaceExplorer:DroneSwarm+1"],"picked":"RobotSpaceExplorer:Exploration","floor":16.0},{"not_picked":["RobotSpaceExplorer:GlueShot","RobotSpaceExplorer:DoubleFind+1"],"picked":"RobotSpaceExplorer:PowerCollector+1","floor":18.0},{"not_picked":["RobotSpaceExplorer:StarLightning","RobotSpaceExplorer:SurgingShield+1"],"picked":"RobotSpaceExplorer:StunGrenade+1","floor":20.0},{"not_picked":["RobotSpaceExplorer:SlimeMissile+1","RobotSpaceExplorer:Counterblock+1","RobotSpaceExplorer:Pulsar+1"],"picked":"SKIP","floor":20.0},{"not_picked":["RobotSpaceExplorer:Probe","RobotSpaceExplorer:DoubleBlock"],"picked":"RobotSpaceExplorer:Explosion","floor":23},{"not_picked":["RobotSpaceExplorer:JunkDive","RobotSpaceExplorer:StarLightning+1"],"picked":"RobotSpaceExplorer:FreezeRay+1","floor":25},{"not_picked":["RobotSpaceExplorer:Probe","RobotSpaceExplorer:FranticSearch"],"picked":"RobotSpaceExplorer:FreezeRay+1","floor":30}],"player_experience":591138,"relics_obtained":[{"floor":1.0,"key":"Baka"},{"floor":3.0,"key":"Omamori"},{"floor":9.0,"key":"Tiny Chest"},{"floor":13.0,"key":"Frozen Egg 2"},{"floor":14.0,"key":"Mummified Hand"},{"floor":18.0,"key":"RobotSpaceExplorer:PlasmaHourglass"},{"floor":23,"key":"Letter Opener"},{"floor":25,"key":"The Courier"},{"floor":26,"key":"MawBank"},{"floor":31,"key":"GodSword6"}],"event_choices":[],"is_beta":false,"boss_relics":[{"not_picked":["Sozu","Runic Pyramid"],"picked":"Coffee Dripper"}],"items_purged_floors":[7],"is_endless":false,"potions_floor_spawned":[1,20,23],"killed_by":"Gensokyo:Kaguya","ascension_level":0}}