{"host":"3z9xbwjeimmg738z","time":1609812836,"event":{"mods":["100% Spire Juice","2.2 Compatiblity","Act Like it!","AlwaysNeverKeys","Aspiration","Bard","Bartender","BaseMod","Beaked The Cultist","Better Altar","Better Match","Better Note","Better Sensory Stone","Better Skull","Better Third Choice","CapriCore","ChefMod","Colored Powertips","Defuse TimeMaze Blight","Dio Mod","Displayed Cursed Tome","Emptier Cage","Faster Ascension Climbing","Fiend Mod","Gensokyo","GifTheSpireLib","Hallownest","Hubris","JesterMod","KinomotoSakuraMod(????)","Koishi","Mari Mod (Legacy)","Mari\u0027s V1 Patch","Marisa????????","Minty Spire (QoL Compilation)","Pale of the Ancients","Permanent Neow","Replay The Spire","Robot Space Explorer","Shop Mod","StSLib","Stuff the Spire","The Accelerator","The Construct","The Immortal","The Marked","The Mystic","The Saiyan","The Senshi","The Servant 0.9.4","TheArtist","Uncapped","Wandering Minibosses","vexMod"],"gold_per_floor":[110,129,129,114,114,139,139,169,194,211,211,236,34,46,46,46,46],"floor_reached":16,"playtime":1543,"items_purged":[],"score":151,"play_id":"fbf8b0cd-d6ee-4fae-b2e2-fcacaa5310d1","local_time":"20210104181356","daily_mods":["ControlledChaos"],"is_ascension_mode":true,"campfire_choices":[{"floor":7,"key":"REST"},{"floor":15,"key":"REST"}],"circlet_count":0,"master_deck":["theSenshi:SailorKick","theSenshi:SailorKick","theSenshi:SailorKick","theSenshi:SailorKick","theSenshi:SailorBlock","theSenshi:SailorBlock","theSenshi:SailorBlock","theSenshi:SailorBlock","theSenshi:RoseThrow","theSenshi:MoonPrismPowerMakeUp","theSenshi:SailorJupiterAssists","theSenshi:EncouragingSpeech","theSenshi:SailorVenusAssists","theSenshi:SailorSaturnAssists"],"relics":["theSenshi:TransformationBroochRelic","Frozen Eye","hubris:CrystalStatue","Hallownest:DreamNailRelic","vexMod:BarristanHead","Counterbalance","Nunchaku","StuffTheSpire:HeavyRock","Bag of Marbles"],"acts_visited":["Hallownest:Greenpath"],"potions_floor_usage":[4,8,14],"damage_taken":[{"damage":0,"enemies":"2_ Uuma","floor":1,"turns":3},{"damage":0,"enemies":"Hallownest:monsterHuskWarrior","floor":2,"turns":5},{"damage":7,"enemies":"Hallownest:2_MossCreeps","floor":4,"turns":6},{"damage":12,"enemies":"Hallownest:eliteVengeflyKing","floor":6,"turns":6},{"damage":0,"enemies":"Hallownest:eliteCrystalGuardian","floor":8,"turns":4},{"damage":0,"enemies":"Hallownest:1_Baldur_1_Crawlid_1_Warrior","floor":10,"turns":5},{"damage":3,"enemies":"Hallownest:eliteMossKnight","floor":12,"turns":6},{"damage":8,"enemies":"Hallownest:2_Tiktiks_1_Baldur_1_Crawlid","floor":14,"turns":5},{"damage":48,"enemies":"Hallownest:BossBrokenVessel","floor":16,"turns":14}],"seed_played":"-3829458794410341937","potions_obtained":[{"floor":2,"key":"SteroidPotion"},{"floor":6,"key":"Strength Potion"},{"floor":12,"key":"Explosive Potion"}],"is_trial":true,"path_per_floor":["M","M","?","M","?","E","R","E","T","M","?","E","$","M","R","B"],"character_chosen":"THE_SENSHI","items_purchased":["Bag of Marbles","theSenshi:SailorVenusAssists"],"campfire_rested":2,"item_purchase_floors":[13,13],"current_hp_per_floor":[75,75,35,28,28,16,38,38,38,38,29,26,26,18,40,0,0],"gold":46,"neow_bonus":"","is_daily":false,"chose_seed":false,"campfire_upgraded":0,"win_rate":0.0,"timestamp":1609812836,"path_taken":["M","?","?","M","?","E","R","E","T","M","?","E","$","M","R","BOSS"],"items_purchased_type":["Relic","Card"],"build_version":"2020-12-22","purchased_purges":0,"victory":false,"max_hp_per_floor":[75,75,75,75,75,75,75,75,75,75,75,75,75,75,75,75,75],"card_choices":[{"not_picked":["theSenshi:SailorVenusAssists","theSenshi:InTheNickOfTime"],"picked":"theSenshi:SailorJupiterAssists","floor":1},{"not_picked":["theSenshi:MoonSpiralHeartAttack","theSenshi:LateForSchool","theSenshi:MoonKick"],"picked":"SKIP","floor":2},{"not_picked":["theSenshi:SailorPlanetAttack","theSenshi:SailorMarsAssists","theSenshi:SailorChibiMoonAssists"],"picked":"SKIP","floor":4},{"not_picked":["theSenshi:FatedKiss","theSenshi:MoonsReflection","theSenshi:MoonTiaraMagic"],"picked":"SKIP","floor":6},{"not_picked":["theSenshi:EncouragingSpeech","theSenshi:SailorMarsAssists","theSenshi:VenusGlamour"],"picked":"SKIP","floor":8},{"not_picked":["theSenshi:SailorMarsAssists","theSenshi:MoonTiaraMagic","theSenshi:SchoolBag"],"picked":"SKIP","floor":10},{"not_picked":["theSenshi:LateForSchool","theSenshi:MoonTiaraMagic"],"picked":"theSenshi:EncouragingSpeech","floor":12},{"not_picked":["theSenshi:TallSilhouette","theSenshi:Sidestep"],"picked":"theSenshi:SailorSaturnAssists","floor":14}],"player_experience":466782,"relics_obtained":[{"floor":6,"key":"vexMod:BarristanHead"},{"floor":8,"key":"Counterbalance"},{"floor":9,"key":"Nunchaku"},{"floor":12,"key":"StuffTheSpire:HeavyRock"}],"event_choices":[],"is_beta":false,"boss_relics":[],"items_purged_floors":[],"is_endless":false,"potions_floor_spawned":[2,6,12],"killed_by":"Hallownest:BossBrokenVessel","ascension_level":1}}