{"host":"o5or1zybx7au40zl","time":1609882753,"event":{"mods":["Act Like it!","BaseMod","Better Third Choice","Conspire","Dota2Spire","Hubris","Minty Spire (QoL Compilation)","Replay The Spire","StSLib"],"gold_per_floor":[112,112,122,122,139,166,166,31,31,77,77,121,171,192,192,345,345,359,383,427,448,18,87,87,151,224,242,291,291,291,25,25,149,149,197,440,440,456,480,549,549,580,580,580,673,692,692,692,692,722,722,722,107,151,151,151],"floor_reached":55,"playtime":1346,"items_purged":["Injury"],"score":777,"play_id":"65fbaba7-d7ba-4ede-add2-80f75d473e3a","local_time":"20210105223913","is_ascension_mode":false,"campfire_choices":[{"floor":7,"key":"RECALL"},{"floor":15,"key":"REST"},{"floor":24,"key":"REST"},{"floor":30,"key":"REST"},{"data":"Infinite Blades","floor":32,"key":"SMITH"},{"data":"Choke","floor":41,"key":"SMITH"},{"data":"Dash","floor":47,"key":"SMITH"},{"data":"Replay:Bag of Tricks","floor":49,"key":"SMITH"},{"data":"Blade Dance","floor":52,"key":"SMITH"}],"circlet_count":0,"master_deck":["Strike_G","Strike_G","Strike_G","Strike_G","Strike_G","Defend_G","Defend_G","Defend_G","Defend_G","Defend_G","Survivor","Neutralize","Footwork","Eviscerate","Leg Sweep","Dash+1","Fluid Movement+1","Backstab","Blade Dance","Choke+1","Blade Dance+1","Leg Sweep","Acrobatics","conspire:DoublingDagger","Dagger Spray","Dodge and Roll","Poisoned Stab+1","Replay:Bag of Tricks+1","Infinite Blades+1","Dagger Spray+1","Replay:Bag of Tricks","Blade Dance+1","Blade Dance+1","Pot Of Greed","Die Die Die","Tactician+1","Acrobatics+1","Accuracy+1","Accuracy","Storm of Steel"],"relics":["hubris:GrandSneckoEye","hubris:Towel","Ancient Tea Set","Dota2Spire:HandOfMidas","Dota2Spire:DivineRapier","Golden Idol","Dota2Spire:Satanic","Sozu","ClockworkSouvenir","Tough Bandages","hubris:MedicalManual","Dead Branch","hubris:PeanutButter","Akabeko","Black Star","Bronze Scales","Snake Skull","Snack Pack","Dota2Spire:DrumOfEndurance","hubris:Zylophone","Dota2Spire:Butterfly","Chemical X","Sundial","Dota2Spire:ArmletOfMordiggian","Kunai"],"acts_visited":["Exordium","TheCity","TheBeyond","TheEnding"],"potions_floor_usage":[12,16,23],"damage_taken":[{"damage":0,"enemies":"Small Slimes","floor":1,"turns":3},{"damage":0,"enemies":"Jaw Worm","floor":3,"turns":3},{"damage":0,"enemies":"2 Louse","floor":5,"turns":3},{"damage":27,"enemies":"Lagavulin","floor":6,"turns":7},{"damage":0,"enemies":"2 Fungi Beasts","floor":10,"turns":2},{"damage":10,"enemies":"3 Sentries","floor":12,"turns":3},{"damage":0,"enemies":"3 Louse","floor":13,"turns":1},{"damage":8,"enemies":"Blue Slaver","floor":14,"turns":2},{"damage":32,"enemies":"Hexaghost","floor":16,"turns":4},{"damage":0,"enemies":"Spheric Guardian","floor":18,"turns":1},{"damage":48,"enemies":"conspire:FuzzyDice","floor":19,"turns":3},{"damage":10,"enemies":"Snake Plant","floor":20,"turns":2},{"damage":0,"enemies":"Cultist and Chosen","floor":21,"turns":3},{"damage":18,"enemies":"Slavers","floor":23,"turns":4},{"damage":13,"enemies":"Book of Stabbing","floor":25,"turns":3},{"damage":0,"enemies":"Shelled Parasite and Fungi","floor":27,"turns":2},{"damage":3,"enemies":"Centurion and Healer","floor":28,"turns":3},{"damage":24,"enemies":"Champ","floor":33,"turns":4},{"damage":0,"enemies":"Orb Walker","floor":35,"turns":1},{"damage":0,"enemies":"3 Shapes","floor":38,"turns":1},{"damage":0,"enemies":"3 Darklings","floor":39,"turns":2},{"damage":0,"enemies":"Reptomancer","floor":40,"turns":2},{"damage":0,"enemies":"Giant Head","floor":42,"turns":4},{"damage":18,"enemies":"2 Orb Walkers","floor":45,"turns":2},{"damage":6,"enemies":"Sphere and 2 Shapes","floor":46,"turns":2},{"damage":12,"enemies":"Replay:Hell Engine","floor":50,"turns":4},{"damage":0,"enemies":"Shield and Spear","floor":54,"turns":2},{"damage":76,"enemies":"The Heart","floor":55,"turns":3}],"seed_played":"7254581431767564803","potions_obtained":[{"floor":1,"key":"Regen Potion"},{"floor":6,"key":"DistilledChaos"},{"floor":14,"key":"SpeedPotion"}],"is_trial":false,"path_per_floor":["M","?","M","?","M","E","R","$","T","M","?","E","M","M","R","B",null,"M","M","M","M","$","E","R","E","T","M","M","?","R","$","R","B",null,"M","?","?","M","M","E","R","E","T","T","?","M","R","?","R","B",null,"R","$","E","B"],"character_chosen":"THE_SILENT","items_purchased":["Fluid Movement+1","Backstab","ClockworkSouvenir","Tough Bandages","Akabeko","Dagger Spray+1","Accuracy","Chemical X","Storm of Steel","Sundial"],"campfire_rested":3,"item_purchase_floors":[8,8,22,22,31,31,53,53,53,53],"current_hp_per_floor":[70,70,70,58,58,31,31,31,31,31,31,21,36,28,49,29,70,70,22,12,12,12,15,36,23,23,23,20,43,64,64,64,40,70,70,53,53,53,53,53,53,53,53,53,70,68,68,68,68,68,70,70,70,70,0,0],"gold":151,"neow_bonus":"BOSS_RELIC","is_daily":false,"chose_seed":false,"campfire_upgraded":5,"win_rate":0.0,"timestamp":1609882753,"path_taken":["M","?","M","?","M","E","R","?","T","M","?","E","M","M","R","BOSS","M","M","M","M","$","E","R","E","T","M","M","?","R","$","R","BOSS","M","?","?","M","?","E","R","E","T","?","?","M","R","?","R","BOSS","R","$","E","BOSS"],"items_purchased_type":["Card","Card","Relic","Relic","Relic","Card","Card","Relic","Card","Relic"],"build_version":"2020-12-22","purchased_purges":1,"victory":false,"max_hp_per_floor":[70,70,70,70,70,70,70,70,70,70,70,70,70,70,70,70,70,70,70,70,70,70,70,70,70,70,70,70,70,70,70,70,70,70,70,70,70,70,70,70,70,70,70,70,70,70,70,70,70,70,70,70,70,70,70,70],"card_choices":[{"not_picked":["ReplayTheSpireMod:Shiv Toss","hubris:SlightOfHand"],"picked":"Footwork","floor":1},{"not_picked":["conspire:DoublingDagger","Dagger Throw"],"picked":"Eviscerate","floor":3},{"not_picked":["Slice","Deflect"],"picked":"Leg Sweep","floor":5},{"not_picked":["Well Laid Plans","Backstab"],"picked":"Dash","floor":6},{"not_picked":["Predator","Slice"],"picked":"Blade Dance","floor":10},{"not_picked":["Underhanded Strike","Outmaneuver"],"picked":"Choke","floor":12},{"not_picked":["Prepared","Predator"],"picked":"Blade Dance","floor":13},{"not_picked":["Draining Mist","Bane"],"picked":"Leg Sweep","floor":14},{"not_picked":["Phantasmal Killer","Night Terror"],"picked":"Burst","floor":16},{"not_picked":["Cloak And Dagger","Caltrops"],"picked":"Acrobatics","floor":18},{"not_picked":["Acrobatics","Outmaneuver"],"picked":"conspire:DoublingDagger","floor":19},{"not_picked":["Heel Hook","Toxin Wave"],"picked":"Dagger Spray","floor":20},{"not_picked":["hubris:TrickCloak","Reflex"],"picked":"Dodge and Roll","floor":21},{"not_picked":["Well Laid Plans","Setup+1"],"picked":"Poisoned Stab+1","floor":23},{"not_picked":["conspire:PoisonWeapons","Hidden Blade"],"picked":"Replay:Bag of Tricks","floor":25},{"not_picked":["Sucker Punch","Outmaneuver+1","Fluid Movement"],"picked":"SKIP","floor":27},{"not_picked":["Dagger Throw","Quick Slash"],"picked":"Infinite Blades","floor":28},{"not_picked":["After Image","ReplayTheSpireMod:Necrosis"],"picked":"Replay:Bag of Tricks","floor":33},{"not_picked":["Underhanded Strike","conspire:DoublingDagger+1"],"picked":"Blade Dance+1","floor":35},{"not_picked":["ReplayTheSpireMod:The Works","Hidden Blade+1"],"picked":"Blade Dance+1","floor":36},{"not_picked":["Prepared+1","Venomology","hubris:TrickCloak"],"picked":"SKIP","floor":38},{"not_picked":["Deadly Poison+1","Bane+1"],"picked":"Die Die Die","floor":39},{"not_picked":["Distraction+1","Prepared+1"],"picked":"Tactician+1","floor":40},{"not_picked":["Quick Slash+1","Sucker Punch+1"],"picked":"Acrobatics+1","floor":42},{"not_picked":["Draining Mist+1","Flechettes+1"],"picked":"Accuracy+1","floor":46},{"not_picked":["Wraith Form v2","Catalyst","Glass Knife"],"picked":"SKIP","floor":54}],"player_experience":922940,"relics_obtained":[{"floor":6,"key":"Dota2Spire:HandOfMidas"},{"floor":9,"key":"Dota2Spire:DivineRapier"},{"floor":12,"key":"Dota2Spire:Satanic"},{"floor":23,"key":"hubris:MedicalManual"},{"floor":25,"key":"Dead Branch"},{"floor":26,"key":"hubris:PeanutButter"},{"floor":40,"key":"Bronze Scales"},{"floor":40,"key":"Snake Skull"},{"floor":42,"key":"Snack Pack"},{"floor":42,"key":"Dota2Spire:DrumOfEndurance"},{"floor":44,"key":"hubris:Zylophone"},{"floor":45,"key":"Dota2Spire:Butterfly"},{"floor":54,"key":"Dota2Spire:ArmletOfMordiggian"},{"floor":54,"key":"Kunai"}],"event_choices":[{"damage_healed":0,"gold_gain":0,"player_choice":"Relic ","damage_taken":12,"max_hp_gain":0,"max_hp_loss":0,"event_name":"betterThird:BetterScrap","floor":4,"gold_loss":0,"cards_obtained":["Burning Pact"]},{"damage_healed":0,"gold_gain":0,"player_choice":"Take Wound","damage_taken":0,"relics_obtained":["Golden Idol"],"max_hp_gain":0,"max_hp_loss":0,"event_name":"Golden Idol","floor":11,"gold_loss":0,"cards_obtained":["Injury"]},{"damage_healed":23,"gold_gain":0,"player_choice":"Heal","damage_taken":0,"max_hp_gain":0,"max_hp_loss":0,"event_name":"The Library","floor":29,"gold_loss":0},{"cards_removed":["Burst"],"damage_healed":0,"gold_gain":0,"player_choice":"Took Card","damage_taken":0,"max_hp_gain":0,"max_hp_loss":0,"event_name":"NoteForYourself","floor":37,"gold_loss":0,"cards_obtained":["Pot Of Greed"]},{"damage_healed":0,"gold_gain":0,"player_choice":"Fight","damage_taken":0,"max_hp_gain":0,"max_hp_loss":0,"event_name":"Mysterious Sphere","floor":45,"gold_loss":0},{"damage_healed":0,"gold_gain":0,"player_choice":"Ignored","damage_taken":0,"max_hp_gain":0,"max_hp_loss":0,"event_name":"The Moai Head","floor":48,"gold_loss":0}],"is_beta":false,"boss_relics":[{"not_picked":["Cursed Key","Snecko Scales"],"picked":"Sozu"},{"not_picked":["conspire:RunicOctahedron","Philosopher\u0027s Stone"],"picked":"Black Star"}],"items_purged_floors":[31],"is_endless":false,"potions_floor_spawned":[1,6,14,18,21,28,40,45,46],"killed_by":"The Heart","ascension_level":0}}