{"host":"Brown Brick","time":1609886454,"event":{"mods":["BaseMod","Melee Mod","Minty Spire (QoL Compilation)","Rare Cards Sparkle","Relic Stats","Robot Space Explorer","StSLib","The Marked","Unceasing Turn Reminder","everything is the same but u backflip on backflip"],"gold_per_floor":[117,195,214,232,155,172,172,172,172,200,200,226,191,191,191,288,288,303,303,316,326,35,35,65,65,65,82,115,115,65,75,75,172,172,172],"floor_reached":34,"playtime":2446,"items_purged":[],"score":438,"play_id":"15b1da03-8d0e-47c1-a8f6-c89bf7f9ec80","local_time":"20210105234054","is_ascension_mode":true,"campfire_choices":[{"data":"theMarked:MysticalArsenal","floor":7,"key":"SMITH"},{"floor":11,"key":"REST"},{"data":"1","floor":15,"key":"LIFT"},{"data":"2","floor":23,"key":"LIFT"},{"floor":32,"key":"REST"}],"circlet_count":0,"master_deck":["theMarked:Strike","theMarked:Strike","theMarked:Strike","theMarked:Strike","theMarked:Strike","theMarked:Defend","theMarked:Defend","theMarked:Defend","theMarked:Defend","theMarked:SoldierOfQuellstein","theMarked:BanishingStrike","theMarked:ElectricStrings","theMarked:Panic","theMarked:MysticalArsenal+1","theMarked:SelfDefenseTraining+1","theMarked:Defy","theMarked:WardOff","theMarked:SoldierOfQuellstein","theMarked:TwofoldDefense+1","theMarked:TwofoldDefense+1","theMarked:SummonStrength","CurseOfTheBell"],"relics":["theMarked:BronzeBlade","Potion Belt","Meat on the Bone","Pear","Girya","Calipers","StoneCalendar","MealTicket","theMarked:NailFile","Lizard Tail","Calling Bell","Regal Pillow","Shuriken","Bird Faced Urn"],"acts_visited":["Exordium","TheCity","TheBeyond"],"potions_floor_usage":[18,20,24],"damage_taken":[{"damage":1,"enemies":"Cultist","floor":1,"turns":3},{"damage":0,"enemies":"2 Louse","floor":3,"turns":3},{"damage":2,"enemies":"Jaw Worm","floor":4,"turns":3},{"damage":29,"enemies":"Large Slime","floor":6,"turns":7},{"damage":31,"enemies":"3 Sentries","floor":10,"turns":11},{"damage":21,"enemies":"Lagavulin","floor":12,"turns":4},{"damage":58,"enemies":"Hexaghost","floor":16,"turns":13},{"damage":0,"enemies":"Spheric Guardian","floor":18,"turns":3},{"damage":0,"enemies":"Chosen","floor":20,"turns":4},{"damage":24,"enemies":"Snake Plant","floor":21,"turns":2},{"damage":25,"enemies":"Slavers","floor":24,"turns":5},{"damage":14,"enemies":"Centurion and Healer","floor":27,"turns":7},{"damage":28,"enemies":"Book of Stabbing","floor":28,"turns":5},{"damage":2,"enemies":"Shelled Parasite and Fungi","floor":31,"turns":4},{"damage":54,"enemies":"Champ","floor":33,"turns":14}],"seed_played":"2734602088440693857","potions_obtained":[{"floor":4,"key":"Weak Potion"},{"floor":10,"key":"GamblersBrew"},{"floor":16,"key":"DistilledChaos"},{"floor":18,"key":"BlessingOfTheForge"},{"floor":21,"key":"theMarked:ChargePotion"},{"floor":24,"key":"BlessingOfTheForge"},{"floor":33,"key":"Dexterity Potion"}],"is_trial":false,"path_per_floor":["M","T","M","M","$","M","R","?","T","E","R","E","?","?","R","B",null,"M","?","M","M","$","R","E","$","T","M","E","?","?","M","R","B",null],"character_chosen":"THE_DEFAULT","items_purchased":["theMarked:Panic","StoneCalendar"],"campfire_rested":2,"item_purchase_floors":[5,22],"current_hp_per_floor":[69,69,69,67,67,38,38,38,48,29,53,44,64,64,64,18,80,80,80,80,56,56,56,43,58,58,54,38,22,22,32,56,14,80,80],"gold":172,"neow_bonus":"RANDOM_COMMON_RELIC","is_daily":false,"chose_seed":false,"campfire_upgraded":1,"win_rate":0.0,"timestamp":1609886454,"path_taken":["M","?","M","M","$","M","R","?","T","E","R","E","?","?","R","BOSS","M","?","M","?","$","R","E","?","T","M","E","?","?","M","R","BOSS"],"items_purchased_type":["Card","Relic"],"build_version":"2020-12-18","purchased_purges":0,"victory":false,"max_hp_per_floor":[70,70,70,70,70,70,70,70,80,80,80,80,80,80,80,80,80,80,80,80,80,80,80,80,80,80,80,80,80,80,80,80,80,80,80],"relic_stats":{"Lizard Tail":0,"Regal Pillow":0,"counters":[15,88],"Shuriken":[0],"Bird Faced Urn":[0],"StoneCalendar":[52],"MealTicket":15,"obtain_stats":[{"Potion Belt":0,"Girya":10,"theMarked:NailFile":26,"Regal Pillow":34,"Pear":9,"Calipers":12,"StoneCalendar":22,"Calling Bell":34,"theMarked:ArtifactOfAir":0,"Lizard Tail":28,"Shuriken":34,"Bird Faced Urn":34,"MealTicket":24,"theMarked:BronzeBlade":17,"Meat on the Bone":2},{"Potion Belt":0,"Girya":5,"theMarked:NailFile":11,"Regal Pillow":15,"Pear":4,"Calipers":6,"StoneCalendar":10,"Calling Bell":15,"theMarked:ArtifactOfAir":0,"Lizard Tail":13,"Shuriken":15,"Bird Faced Urn":15,"MealTicket":11,"theMarked:BronzeBlade":7,"Meat on the Bone":1},{"Potion Belt":0,"Girya":27,"theMarked:NailFile":58,"Regal Pillow":88,"Pear":16,"Calipers":31,"StoneCalendar":53,"Calling Bell":88,"theMarked:ArtifactOfAir":0,"Lizard Tail":70,"Shuriken":88,"Bird Faced Urn":88,"MealTicket":58,"theMarked:BronzeBlade":44,"Meat on the Bone":3}],"Meat on the Bone":84},"card_choices":[{"not_picked":["theMarked:EmpowerWeapon","theMarked:Frustration"],"picked":"theMarked:BanishingStrike","floor":1},{"not_picked":["theMarked:ReduceFriction","theMarked:HeightenedSenses"],"picked":"theMarked:ElectricStrings","floor":3},{"not_picked":["theMarked:WastefulDefense","theMarked:ElectricStrings","theMarked:ChainLightning"],"picked":"SKIP","floor":4},{"not_picked":["theMarked:MaelstromOfLightning","theMarked:HeightenedSenses"],"picked":"theMarked:MysticalArsenal","floor":6},{"not_picked":["theMarked:Snap","theMarked:Frustration"],"picked":"theMarked:SelfDefenseTraining","floor":10},{"not_picked":["theMarked:Electrify","theMarked:HeightenedSenses","theMarked:ChainLightning"],"picked":"SKIP","floor":12},{"not_picked":["theMarked:ChannelForce","theMarked:SoldierForm"],"picked":"theMarked:Defy","floor":16},{"not_picked":["theMarked:WastefulAttack","theMarked:TwofoldDefense"],"picked":"theMarked:WardOff","floor":18},{"not_picked":["theMarked:ElectricStrings","theMarked:RepellingDischarge+1","theMarked:WastefulAttack"],"picked":"SKIP","floor":20},{"not_picked":["theMarked:PowerFlow","theMarked:Frustration"],"picked":"theMarked:TwofoldDefense+1","floor":21},{"not_picked":["theMarked:Seal+1","theMarked:Parry"],"picked":"theMarked:TwofoldDefense+1","floor":24},{"not_picked":["theMarked:WastefulAttack","theMarked:HeightenedSenses","theMarked:Static+1"],"picked":"SKIP","floor":27},{"not_picked":["theMarked:Aftermath","theMarked:RepellingDischarge+1","theMarked:Overcharge"],"picked":"SKIP","floor":28},{"not_picked":["theMarked:RepellingDischarge","theMarked:EnhanceMovement+1","theMarked:WastefulDefense"],"picked":"SKIP","floor":31},{"not_picked":["theMarked:EternalStudent","theMarked:TurnInvisible"],"picked":"theMarked:SummonStrength","floor":33}],"player_experience":665046,"relics_obtained":[{"floor":2,"key":"Meat on the Bone"},{"floor":9,"key":"Pear"},{"floor":10,"key":"Girya"},{"floor":12,"key":"Calipers"},{"floor":24,"key":"MealTicket"},{"floor":26,"key":"theMarked:NailFile"},{"floor":28,"key":"Lizard Tail"},{"floor":34,"key":"Regal Pillow"},{"floor":34,"key":"Shuriken"},{"floor":34,"key":"Bird Faced Urn"}],"event_choices":[{"damage_healed":0,"gold_gain":0,"player_choice":"Ignored","damage_taken":0,"max_hp_gain":0,"max_hp_loss":0,"event_name":"Golden Wing","floor":8,"gold_loss":0},{"damage_healed":20,"gold_gain":0,"player_choice":"Healed","damage_taken":0,"max_hp_gain":0,"max_hp_loss":0,"event_name":"The Cleric","floor":13,"gold_loss":35},{"damage_healed":0,"gold_gain":0,"player_choice":"Grow","damage_taken":0,"max_hp_gain":0,"max_hp_loss":0,"event_name":"Living Wall","floor":14,"gold_loss":0,"cards_upgraded":["theMarked:SelfDefenseTraining"]},{"damage_healed":0,"gold_gain":0,"player_choice":"1 cards matched","damage_taken":0,"max_hp_gain":0,"max_hp_loss":0,"event_name":"Match and Keep!","floor":19,"gold_loss":0,"cards_obtained":["theMarked:SoldierOfQuellstein"]},{"damage_healed":0,"gold_gain":0,"player_choice":"Obtained Book","damage_taken":16,"max_hp_gain":0,"max_hp_loss":0,"event_name":"Cursed Tome","floor":29,"gold_loss":0},{"damage_healed":0,"gold_gain":0,"player_choice":"Bet on Murderer","damage_taken":0,"max_hp_gain":0,"max_hp_loss":0,"event_name":"The Joust","floor":30,"gold_loss":50}],"is_beta":true,"boss_relics":[{"not_picked":["Snecko Eye","Empty Cage"],"picked":"theMarked:BronzeBlade"},{"not_picked":["Astrolabe","theMarked:Eyepatch"],"picked":"Calling Bell"}],"items_purged_floors":[],"is_endless":false,"potions_floor_spawned":[4,10,16,18,21,24,33],"ascension_level":2}}