{"host":"qswkx8hggytna0kc","time":1609850957,"event":{"mods":["Aspiration","BaseMod","BetterRewards","Colored Map","Colored Powertips","Highlight Path","Hubris","Mimic Mod","Minty Spire (QoL Compilation)","Quick Restart","Replay The Spire","StSLib","SuperFastMode"],"gold_per_floor":[110,126,126,126,139,139,173,173,206,206,220,258,267,301,301,301,301],"floor_reached":16,"playtime":379,"items_purged":[],"score":153,"play_id":"8cc4f06f-c6cf-4373-af8e-3dff89fe5e6a","local_time":"20210105204917","is_ascension_mode":true,"campfire_choices":[{"data":"Crystallizer","floor":6,"key":"SMITH"},{"data":"Zap","floor":8,"key":"SMITH"},{"floor":10,"key":"REST"},{"floor":15,"key":"REST"}],"circlet_count":0,"master_deck":["Strike_B","Strike_B","Strike_B","Strike_B","Defend_B","Defend_B","Defend_B","Defend_B","Zap+1","Dualcast","Undo","Time Bomb","Crystallizer+1","Fusion","ReplaySolidLightProjector","Sweeping Beam","Pain","Panic Button"],"relics":["Cracked Core","NeowsBlessing","Blue Doll","hubris:Towel","Replay:Towering Pillar of Hats","Replay:Wax Seal","CeramicFish","hubris:Reverence","WarpedTongs","aspiration:FaultyCoupler"],"acts_visited":["Exordium"],"potions_floor_usage":[14,16],"damage_taken":[{"damage":0,"enemies":"Jaw Worm","floor":1,"turns":1},{"damage":0,"enemies":"Small Slimes","floor":2,"turns":1},{"damage":0,"enemies":"Cultist","floor":5,"turns":1},{"damage":33,"enemies":"Gremlin Nob","floor":7,"turns":4},{"damage":0,"enemies":"2 Fungi Beasts","floor":9,"turns":4},{"damage":7,"enemies":"2 Fungi Beasts","floor":11,"turns":5},{"damage":5,"enemies":"Lagavulin","floor":12,"turns":5},{"damage":16,"enemies":"Gremlin Nob","floor":14,"turns":5},{"damage":52,"enemies":"Fading Forest","floor":16,"turns":11}],"seed_played":"-5613775411899188414","potions_obtained":[{"floor":1,"key":"Elixir"},{"floor":11,"key":"Weak Potion"},{"floor":14,"key":"SkillPotion"}],"is_trial":false,"path_per_floor":["M","M","?","?","M","R","E","R","MIM","R","M","E","?","E","R","B"],"character_chosen":"DEFECT","items_purchased":[],"campfire_rested":2,"item_purchase_floors":[],"current_hp_per_floor":[68,68,61,61,61,61,28,28,28,50,43,38,38,22,44,0,0],"gold":301,"neow_bonus":"THREE_ENEMY_KILL","is_daily":false,"chose_seed":false,"campfire_upgraded":2,"win_rate":0.0,"timestamp":1609850957,"path_taken":["M","M","?","?","M","R","E","R","MIM","R","M","E","?","E","R","BOSS"],"items_purchased_type":[],"build_version":"2020-12-22","purchased_purges":0,"victory":false,"max_hp_per_floor":[75,75,75,75,75,75,75,75,75,75,75,75,75,75,75,75,75],"card_choices":[{"not_picked":["Redo","Rebound"],"picked":"Undo","floor":1},{"not_picked":["Doom and Gloom","BasicCrystalCard"],"picked":"Time Bomb","floor":2},{"not_picked":["Go for the Eyes","ReplayTheSpireMod:GoodbyeWorld"],"picked":"Crystallizer","floor":5},{"not_picked":["Go for the Eyes","Turbo"],"picked":"Fusion","floor":7},{"not_picked":["Sweeping Beam","Go for the Eyes"],"picked":"ReplaySolidLightProjector","floor":9},{"not_picked":["Go for the Eyes","Heatsinks","Compile Driver"],"picked":"SKIP","floor":11},{"not_picked":["ReplayTheSpireMod:GoodbyeWorld","Gash"],"picked":"Sweeping Beam","floor":12},{"not_picked":["Recycle","Compile Driver"],"picked":"Panic Button","floor":14}],"player_experience":231445,"relics_obtained":[{"floor":7,"key":"Replay:Towering Pillar of Hats"},{"floor":9,"key":"Replay:Wax Seal"},{"floor":9,"key":"CeramicFish"},{"floor":12,"key":"hubris:Reverence"},{"floor":14,"key":"aspiration:FaultyCoupler"}],"event_choices":[{"damage_healed":0,"gold_gain":0,"player_choice":"Success","damage_taken":7,"relics_obtained":["Blue Doll"],"max_hp_gain":0,"max_hp_loss":0,"event_name":"Scrap Ooze","floor":3,"gold_loss":0},{"damage_healed":0,"gold_gain":0,"player_choice":"Rummage","damage_taken":0,"relics_obtained":["WarpedTongs"],"max_hp_gain":0,"max_hp_loss":0,"event_name":"Accursed Blacksmith","floor":13,"gold_loss":0,"cards_obtained":["Pain"]}],"is_beta":false,"boss_relics":[],"items_purged_floors":[],"is_endless":false,"potions_floor_spawned":[1,11,14],"killed_by":"Fading Forest","ascension_level":6}}