{"host":"mg6qqnp83j5r6p2r","time":1609812699,"event":{"mods":["BaseMod","Colored Map","Colored Powertips","Highlight Path","Minty Spire (QoL Compilation)","Rare Cards Sparkle","Relic Sorter","Relic Stats","StSLib"],"gold_per_floor":[210,210,227,227,247,274,274,304,304,379,379,2,2,32,44,160,172,200,212,224,216,44,44,72,72,99,124,158,158,58,58,58],"floor_reached":31,"playtime":1281,"items_purged":["Defend_P","Writhe"],"score":326,"play_id":"aa706b3d-0689-4753-8ee2-7ab469243f6d","local_time":"20210104201139","is_ascension_mode":true,"campfire_choices":[{"data":"Eruption","floor":7.0,"key":"SMITH"},{"floor":13.0,"key":"REST"},{"floor":15.0,"key":"RECALL"},{"floor":23.0,"key":"REST"},{"floor":25,"key":"REST"},{"floor":29,"key":"REST"}],"circlet_count":0,"master_deck":["Eruption+1","Vigilance+1","Consecrate","TalkToTheHand","TalkToTheHand","DevaForm+1","EmptyBody","EmptyBody","Judgement","Judgement","Devotion","DevaForm","SashWhip","SashWhip","SpiritShield","Fasting2","ClearTheMind+1","Apotheosis","ClearTheMind","Wireheading"],"relics":["PureWater","NlothsMask","GoldenEye","WingedGreaves","ClockworkSouvenir","Bag of Preparation","MawBank","Pandora\u0027s Box","Girya","Enchiridion","Eternal Feather","Juzu Bracelet","War Paint"],"acts_visited":["Exordium","TheCity"],"potions_floor_usage":[],"damage_taken":[{"damage":0.0,"enemies":"Jaw Worm","floor":1.0,"turns":3.0},{"damage":0.0,"enemies":"Cultist","floor":3.0,"turns":2.0},{"damage":0.0,"enemies":"Small Slimes","floor":5.0,"turns":4.0},{"damage":0.0,"enemies":"Gremlin Nob","floor":6.0,"turns":5.0},{"damage":2.0,"enemies":"Lagavulin","floor":8.0,"turns":10.0},{"damage":14.0,"enemies":"Gremlin Nob","floor":14.0,"turns":6.0},{"damage":17.0,"enemies":"The Guardian","floor":16.0,"turns":17.0},{"damage":8.0,"enemies":"Chosen","floor":18.0,"turns":6.0},{"damage":26.0,"enemies":"2 Thieves","floor":21.0,"turns":4.0},{"damage":36,"enemies":"Slavers","floor":24,"turns":5},{"damage":18,"enemies":"Book of Stabbing","floor":28,"turns":9},{"damage":55,"enemies":"Slavers","floor":31,"turns":4}],"seed_played":"1288613098985221859","potions_obtained":[{"floor":1.0,"key":"GamblersBrew"},{"floor":3.0,"key":"Block Potion"},{"floor":5.0,"key":"Strength Potion"},{"floor":14.0,"key":"CultistPotion"},{"floor":16.0,"key":"Dexterity Potion"}],"is_trial":false,"path_per_floor":["M","?","M","?","M","E","R","E","T","?","?","$","R","E","R","B",null,"M","?","?","M","$","R","E","R","T","T","E","R","$","E"],"character_chosen":"WATCHER","items_purchased":["ClockworkSouvenir","Bag of Preparation","Apotheosis"],"campfire_rested":4,"item_purchase_floors":[12,12,22],"current_hp_per_floor":[72,72,72,72,72,72,72,70,70,59,45,45,66,52,52,35,72,64,64,48,22,22,43,7,40,40,40,22,55,55,0,0],"gold":58,"neow_bonus":"HUNDRED_GOLD","is_daily":false,"chose_seed":false,"campfire_upgraded":1,"win_rate":0.0,"timestamp":1609812699,"path_taken":["M","?","?","?","?","E","R","E","T","?","?","?","R","E","R","BOSS","M","?","?","M","$","R","E","R","T","?","E","R","$","E"],"items_purchased_type":["Relic","Relic","Card"],"build_version":"2020-12-22","purchased_purges":2,"victory":false,"max_hp_per_floor":[72,72,72,72,72,72,72,72,72,72,72,72,72,72,72,72,72,72,72,72,72,72,72,72,72,72,72,72,72,72,72,72],"relic_stats":{"counters":[12,75],"Pandora\u0027s Box":["Judgement","Devotion","DevaForm","SashWhip","SashWhip","SpiritShield"],"Eternal Feather":24,"Bag of Preparation":[14],"Juzu Bracelet":0,"War Paint":["ClearTheMind","Vigilance"],"GoldenEye":[0],"MawBank":96,"obtain_stats":[{"Girya":19,"Enchiridion":20,"Eternal Feather":24,"Bag of Preparation":12,"Juzu Bracelet":27,"War Paint":28,"GoldenEye":6,"MawBank":14,"ClockworkSouvenir":12,"Pandora\u0027s Box":17,"WingedGreaves":8,"PureWater":0,"NlothsMask":2},{"Girya":8,"Enchiridion":8,"Eternal Feather":10,"Bag of Preparation":5,"Juzu Bracelet":10,"War Paint":11,"GoldenEye":4,"MawBank":6,"ClockworkSouvenir":5,"Pandora\u0027s Box":7,"WingedGreaves":5,"PureWater":0,"NlothsMask":1},{"Girya":53,"Enchiridion":53,"Eternal Feather":62,"Bag of Preparation":24,"Juzu Bracelet":62,"War Paint":71,"GoldenEye":14,"MawBank":30,"ClockworkSouvenir":24,"Pandora\u0027s Box":47,"WingedGreaves":24,"PureWater":0,"NlothsMask":3}]},"card_choices":[{"not_picked":["Meditate","SashWhip"],"picked":"Consecrate","floor":1.0},{"not_picked":["ClearTheMind","CarveReality"],"picked":"TalkToTheHand","floor":3.0},{"not_picked":["Evaluate","Wireheading"],"picked":"TalkToTheHand","floor":5.0},{"not_picked":["Evaluate","SashWhip"],"picked":"DevaForm","floor":6.0},{"not_picked":["Brilliance","SignatureMove"],"picked":"EmptyBody","floor":8.0},{"not_picked":["Tantrum","Halt"],"picked":"EmptyBody","floor":14.0},{"not_picked":["ConjureBlade","Establishment"],"picked":"Judgement","floor":16.0},{"not_picked":["FollowUp+1","DeceiveReality"],"picked":"Fasting2","floor":18.0},{"not_picked":["ThirdEye","Pray"],"picked":"ClearTheMind","floor":21.0},{"not_picked":["JustLucky","BattleHymn"],"picked":"ClearTheMind","floor":24},{"not_picked":["ThirdEye+1","CutThroughFate+1"],"picked":"Wireheading","floor":28}],"player_experience":186076,"relics_obtained":[{"floor":6.0,"key":"GoldenEye"},{"floor":8.0,"key":"WingedGreaves"},{"floor":14.0,"key":"MawBank"},{"floor":20.0,"key":"Enchiridion"},{"floor":24,"key":"Eternal Feather"},{"floor":27,"key":"Juzu Bracelet"},{"floor":28,"key":"War Paint"}],"event_choices":[{"damage_healed":0.0,"max_hp_gain":0.0,"max_hp_loss":0.0,"gold_gain":0.0,"event_name":"FaceTrader","player_choice":"Trade","floor":2.0,"gold_loss":0.0,"damage_taken":0.0,"relics_obtained":["NlothsMask"]},{"cards_removed":["Strike_P"],"damage_healed":0.0,"max_hp_gain":0.0,"max_hp_loss":0.0,"gold_gain":0.0,"event_name":"Purifier","player_choice":"Purged","floor":4.0,"gold_loss":0.0,"damage_taken":0.0},{"damage_healed":0.0,"max_hp_gain":0.0,"max_hp_loss":0.0,"gold_gain":75.0,"event_name":"World of Goop","player_choice":"Gather Gold","floor":10.0,"gold_loss":0.0,"damage_taken":11.0},{"damage_healed":0.0,"max_hp_gain":0.0,"max_hp_loss":0.0,"gold_gain":0.0,"event_name":"Shining Light","player_choice":"Entered Light","floor":11.0,"gold_loss":0.0,"damage_taken":14.0,"cards_upgraded":["Defend_P","DevaForm"]},{"damage_healed":0.0,"max_hp_gain":0.0,"max_hp_loss":0.0,"gold_gain":0.0,"event_name":"The Mausoleum","player_choice":"Opened","floor":19.0,"gold_loss":0.0,"damage_taken":0.0,"relics_obtained":["Girya"],"cards_obtained":["Writhe"]},{"damage_healed":0.0,"max_hp_gain":0.0,"max_hp_loss":0.0,"gold_gain":0.0,"event_name":"Cursed Tome","player_choice":"Obtained Book","floor":20.0,"gold_loss":0.0,"damage_taken":16.0}],"is_beta":false,"boss_relics":[{"not_picked":["Cursed Key","Velvet Choker"],"picked":"Pandora\u0027s Box"}],"items_purged_floors":[12,30],"is_endless":false,"potions_floor_spawned":[1,3,5,14,16,18],"killed_by":"Slavers","ascension_level":1}}