{"host":"do2zfhcirec6ipe7","time":1609883172,"event":{"mods":["BaseMod","Better Third Choice","Better Vampires","Colored Map","Curses Come First","Downfall","GifTheSpireLib","Minty Spire (QoL Compilation)","Relic Stats","Replay The Spire","Robot Space Explorer","StSLib","The Servant 0.9.4"],"gold_per_floor":[118,68,68,18,30,30,50,77,126,138,168,192,204,227,239,353,365,393,405,417,447,459,506,518,530,542,573,585,614,626,657,669,681,681],"floor_reached":33,"playtime":2666,"items_purged":[],"score":267,"play_id":"c3a49488-f210-401c-9cb1-2b23f9452dce","local_time":"20210106084612","is_ascension_mode":false,"campfire_choices":[{"floor":6,"key":"RECALL"},{"floor":13,"key":"REST"},{"floor":15,"key":"DIG"},{"floor":25,"key":"REST"},{"floor":28,"key":"REST"},{"floor":32,"key":"REST"}],"circlet_count":0,"master_deck":["Defend_R+1","Defend_R+1","Defend_R+1","Defend_R+1","Bash+1","Burning Pact","Anger","Infernal Blade","Cleave","Pommel Strike+1","Voices","Cleave","Metallicize","Exhume","Flex+1","RitualDagger","Armaments","Bite","Bite","Bite","Impervious","Intimidate+1","Battle Trance"],"relics":["Burning Blood","ReplayTheSpireMod:Lightbulb","Whetstone","MawBank","Ring of Hypnosis","StoneCalendar","Red Skull","Shuriken"],"acts_visited":["Exordium","TheCity"],"potions_floor_usage":[8,16,16,23,23,31],"damage_taken":[{"damage":0,"enemies":"Small Slimes","floor":1,"turns":3},{"damage":1,"enemies":"2 Louse","floor":5,"turns":4},{"damage":11,"enemies":"Jaw Worm","floor":7,"turns":5},{"damage":32,"enemies":"Lagavulin","floor":8,"turns":6},{"damage":10,"enemies":"Blue Slaver","floor":11,"turns":3},{"damage":10,"enemies":"2 Fungi Beasts","floor":12,"turns":4},{"damage":0,"enemies":"Gremlin Gang","floor":14,"turns":2},{"damage":38,"enemies":"Slime Boss","floor":16,"turns":7},{"damage":28,"enemies":"Spheric Guardian","floor":18,"turns":6},{"damage":28,"enemies":"Shell Parasite","floor":21,"turns":7},{"damage":15,"enemies":"Replay:Snechameleon","floor":23,"turns":7},{"damage":39,"enemies":"Snake Plant","floor":27,"turns":6},{"damage":24,"enemies":"Chosen and Byrds","floor":29,"turns":7},{"damage":42,"enemies":"3 Cultists","floor":31,"turns":7},{"damage":34,"enemies":"Collector","floor":33,"turns":5}],"seed_played":"5435354083533566025","potions_obtained":[{"floor":1,"key":"Guardian:BlockOnCardUsePotion"},{"floor":8,"key":"Milkshake"},{"floor":14,"key":"Energy Potion"},{"floor":16,"key":"Reflective Coating"},{"floor":18,"key":"Guardian:BlockOnCardUsePotion"},{"floor":29,"key":"Swift Potion"}],"is_trial":false,"path_per_floor":["M","?","?","$","M","R","M","E","T","?","M","M","R","M","R_BF","B",null,"M","?","?","M","?","E","?","R","T","M","R","M","$","M","R","B"],"character_chosen":"IRONCLAD","items_purchased":["Anger"],"campfire_rested":4,"item_purchase_floors":[4],"current_hp_per_floor":[80,80,85,85,85,85,80,54,54,54,50,46,71,77,77,45,85,63,57,57,35,35,36,36,56,56,33,53,45,45,15,35,9,9],"gold":681,"neow_bonus":"RANDOM_COMMON_RELIC","is_daily":false,"chose_seed":false,"campfire_upgraded":0,"win_rate":0.0,"timestamp":1609883172,"path_taken":["M","?","?","?","M","R","?","E","T","?","M","M","R","M","R_BF","BOSS","M","?","?","?","?","E","?","R","T","M","R","M","?","M","R","BOSS"],"items_purchased_type":["Card"],"build_version":"2020-12-22","purchased_purges":0,"victory":false,"max_hp_per_floor":[80,80,85,85,85,85,85,85,85,85,85,85,85,85,85,85,85,85,85,85,85,69,69,69,69,69,69,69,69,69,69,69,69,69],"relic_stats":{"counters":[15,79],"Shuriken":[4],"StoneCalendar":[70],"Whetstone":["Pommel Strike","Bash"],"MawBank":288,"obtain_stats":[{"Ring of Hypnosis":10,"Shuriken":26,"StoneCalendar":15,"Whetstone":8,"ReplayTheSpireMod:Lightbulb":0,"MawBank":9,"Burning Blood":0,"Red Skull":23},{"Ring of Hypnosis":4,"Shuriken":11,"StoneCalendar":7,"Whetstone":4,"ReplayTheSpireMod:Lightbulb":0,"MawBank":4,"Burning Blood":0,"Red Skull":11},{"Ring of Hypnosis":18,"Shuriken":54,"StoneCalendar":27,"Whetstone":18,"ReplayTheSpireMod:Lightbulb":0,"MawBank":18,"Burning Blood":0,"Red Skull":54}],"Burning Blood":73},"card_choices":[{"not_picked":["Anger","Sword Boomerang"],"picked":"Burning Pact","floor":1},{"not_picked":["Perfected Strike","Iron Wave"],"picked":"Infernal Blade","floor":5},{"not_picked":["Twin Strike","Havoc"],"picked":"Cleave","floor":7},{"not_picked":["Juggernaut","Twin Strike"],"picked":"Pommel Strike","floor":8},{"not_picked":["ReplayTheSpireMod:Strike From Hell","Clothesline","Warcry"],"picked":"SKIP","floor":11},{"not_picked":["Thunderclap","Dark Embrace"],"picked":"Cleave","floor":12},{"not_picked":["Wild Strike","Sentinel"],"picked":"Metallicize","floor":14},{"not_picked":["Limit Break","Corruption"],"picked":"Exhume","floor":16},{"not_picked":["Clash","Pommel Strike"],"picked":"Flex+1","floor":18},{"not_picked":["Anger","Dual Wield"],"picked":"Armaments","floor":21},{"not_picked":["Twin Strike","Headbutt","Anger"],"picked":"SKIP","floor":23},{"not_picked":["Clothesline","Infernal Blade"],"picked":"Impervious","floor":27},{"not_picked":["Flex","Replay:Undeath\u0027s Touch"],"picked":"Intimidate+1","floor":29},{"not_picked":["Searing Blow+1","Heavy Blade"],"picked":"Battle Trance","floor":31}],"player_experience":488711,"relics_obtained":[{"floor":8,"key":"Whetstone"},{"floor":9,"key":"MawBank"},{"floor":10,"key":"Ring of Hypnosis"},{"floor":15,"key":"StoneCalendar"},{"floor":23,"key":"Red Skull"},{"floor":26,"key":"Shuriken"}],"event_choices":[{"cards_removed":["Strike_R"],"damage_healed":0,"gold_gain":0,"player_choice":"Card Removal","damage_taken":0,"max_hp_gain":0,"max_hp_loss":0,"event_name":"The Cleric","floor":2,"gold_loss":50},{"damage_healed":0,"gold_gain":0,"player_choice":"Donut","damage_taken":0,"max_hp_gain":5,"max_hp_loss":0,"event_name":"Big Fish","floor":3,"gold_loss":0},{"damage_healed":0,"gold_gain":0,"player_choice":"Dagger","damage_taken":6,"max_hp_gain":0,"max_hp_loss":0,"event_name":"betterThird:BetterNest","floor":19,"gold_loss":0,"cards_obtained":["RitualDagger"]},{"cards_removed":["Strike_R"],"damage_healed":0,"gold_gain":0,"player_choice":"Offered Basic","damage_taken":0,"max_hp_gain":0,"max_hp_loss":0,"event_name":"Bonfire Elementals","floor":20,"gold_loss":0},{"damage_healed":0,"gold_gain":0,"player_choice":"Became a vampire","damage_taken":0,"max_hp_gain":0,"max_hp_loss":16,"event_name":"Vampires","floor":22,"gold_loss":0,"cards_obtained":["Bite","Bite","Bite"]},{"damage_healed":0,"gold_gain":0,"player_choice":"Simplicity","damage_taken":0,"max_hp_gain":0,"max_hp_loss":4,"event_name":"betterThird:BetterWriting","floor":24,"gold_loss":0}],"is_beta":false,"boss_relics":[{"not_picked":["Abe\u0027s Treasure","Electric Blood","Honey Jar"]}],"items_purged_floors":[],"is_endless":false,"potions_floor_spawned":[1,8,14,16,18,29],"killed_by":"Collector","ascension_level":0}}