{"host":"i9477i93mjcyimye","time":1609812385,"event":{"mods":["Aspiration","BaseMod","Bestiary","Colored Powertips","Downfall","Ironclad Rager","Minty Spire (QoL Compilation)","Quick Restart","Relic Stats","Replay The Spire","Spicy Shops","StSLib","The Jungle","Wandering Minibosses"],"gold_per_floor":[111,123,123,198,212,212,227,255,307,39,50,84,102,114,114,213,213,224,241,0,13,13,13,13,13,59,59,59,73,84,99,99,99,99],"floor_reached":33,"playtime":3294,"items_purged":[],"score":274,"play_id":"10e644ec-62ab-41d6-92a0-bfe73e06f946","local_time":"20210105130625","is_ascension_mode":true,"campfire_choices":[{"data":"Infinite Blades","floor":6,"key":"SMITH"},{"floor":15,"key":"REST"},{"data":"A Thousand Cuts","floor":23,"key":"SMITH"},{"floor":28,"key":"REST"},{"floor":32,"key":"REST"}],"circlet_count":0,"master_deck":["Strike_G","Strike_G","Strike_G+1","Strike_G","Strike_G","Defend_G","Defend_G","Defend_G","Defend_G","Defend_G","Survivor","Neutralize","Infinite Blades+1","Hidden Blade","Flying Knee","Masterful Stab","Blade Dance","Regret","Chrysalis","Outmaneuver","Setup","Blade Dance","Backstab","A Thousand Cuts+1","Escape Plan","PiercingWail","Normality","Slice","RitualDagger","Choke","Dagger Spray","Doppelganger+1"],"relics":["Ring of the Snake","aspiration:Nostalgia","Sizzling Blood","Happy Flower","Replay:Wax Seal","Vampiric Spirits","SlaversCollar","Golden Egg","Medical Kit","Vajra","Enchiridion"],"acts_visited":["Exordium","TheCity"],"potions_floor_usage":[7,12,16,29,30,33],"damage_taken":[{"damage":0,"enemies":"Cultist","floor":1,"turns":4},{"damage":0,"enemies":"Small Slimes","floor":2,"turns":4},{"damage":3,"enemies":"Jaw Worm","floor":5,"turns":4},{"damage":0,"enemies":"Large Slime","floor":7,"turns":7},{"damage":15,"enemies":"Replay:BlueRogue","floor":8,"turns":7},{"damage":9,"enemies":"2 Fungi Beasts","floor":11,"turns":3},{"damage":16,"enemies":"Gremlin Nob","floor":12,"turns":5},{"damage":8,"enemies":"3 Louse","floor":13,"turns":3},{"damage":20,"enemies":"Looter","floor":14,"turns":5},{"damage":33,"enemies":"Hexaghost","floor":16,"turns":16},{"damage":5,"enemies":"3 Byrds","floor":18,"turns":3},{"damage":11,"enemies":"Spheric Guardian","floor":19,"turns":4},{"damage":40,"enemies":"Snake Plant","floor":21,"turns":7},{"damage":25,"enemies":"Centurion and Healer","floor":29,"turns":3},{"damage":20,"enemies":"Shelled Parasite and Fungi","floor":30,"turns":4},{"damage":0,"enemies":"Chosen and Byrds","floor":31,"turns":4},{"damage":33,"enemies":"Champ","floor":33,"turns":3}],"seed_played":"856222222629430477","potions_obtained":[{"floor":1,"key":"Guardian:BlockOnCardUsePotion"},{"floor":2,"key":"Toxic Potion"},{"floor":11,"key":"Flashbang"},{"floor":19,"key":"DistilledChaos"},{"floor":29,"key":"Energy Potion"},{"floor":30,"key":"LiquidBronze"}],"is_trial":false,"path_per_floor":["M","M","?","?","M","R","M","E","T","$","M","E","M","M","R","B",null,"M","M","$","M","?","R","?","?","T","?","R","M","M","M","R","B"],"character_chosen":"THE_SILENT","items_purchased":["Replay:Wax Seal","Chrysalis","Golden Egg","Medical Kit"],"campfire_rested":3,"item_purchase_floors":[10,10,20,20],"current_hp_per_floor":[74,74,74,63,64,64,68,57,57,57,52,40,38,22,44,20,74,73,66,66,37,31,31,31,31,31,15,37,16,5,14,36,12,12],"gold":99,"neow_bonus":"NOSTALGIA","is_daily":false,"chose_seed":false,"campfire_upgraded":2,"win_rate":0.0,"timestamp":1609812385,"path_taken":["M","?","?","?","M","R","M","E","T","$","M","E","M","M","R","BOSS","M","M","$","M","?","R","?","?","T","?","R","M","M","M","R","BOSS"],"items_purchased_type":["Relic","Card","Relic","Relic"],"build_version":"2020-12-22","purchased_purges":0,"victory":false,"max_hp_per_floor":[74,74,74,74,74,74,74,74,74,74,74,74,74,74,74,74,74,74,74,74,74,74,74,74,74,74,74,74,74,74,74,74,74,74],"relic_stats":{"Happy Flower":[20],"counters":[17,86],"Medical Kit":[0],"obtain_stats":[{"SlaversCollar":17,"Golden Egg":20,"Happy Flower":8,"aspiration:Nostalgia":0,"Vampiric Spirits":12,"Vajra":26,"Enchiridion":27,"Sizzling Blood":0,"Replay:Wax Seal":10,"Medical Kit":20,"Ring of the Snake":0},{"SlaversCollar":10,"Golden Egg":12,"Happy Flower":5,"aspiration:Nostalgia":0,"Vampiric Spirits":7,"Vajra":13,"Enchiridion":13,"Sizzling Blood":0,"Replay:Wax Seal":5,"Medical Kit":12,"Ring of the Snake":0},{"SlaversCollar":58,"Golden Egg":65,"Happy Flower":26,"aspiration:Nostalgia":0,"Vampiric Spirits":34,"Vajra":72,"Enchiridion":72,"Sizzling Blood":0,"Replay:Wax Seal":26,"Medical Kit":65,"Ring of the Snake":0}],"Ring of the Snake":[34]},"card_choices":[{"not_picked":["Caltrops","Acrobatics"],"picked":"Infinite Blades","floor":1},{"not_picked":["Poisoned Stab","Bouncing Flask"],"picked":"Hidden Blade","floor":2},{"not_picked":["Outmaneuver","Sucker Punch"],"picked":"Flying Knee","floor":5},{"not_picked":["Wraith Form v2","Calculated Gamble"],"picked":"Masterful Stab","floor":7},{"not_picked":["Sucker Punch","Dagger Throw"],"picked":"Blade Dance","floor":8},{"not_picked":["PiercingWail","Sneak Up"],"picked":"Outmaneuver","floor":11},{"not_picked":["Deflect","Bane"],"picked":"Setup","floor":12},{"not_picked":["Prepared","Setup"],"picked":"Blade Dance","floor":13},{"not_picked":["Outmaneuver","Endless Agony"],"picked":"Backstab","floor":14},{"not_picked":["Die Die Die","After Image"],"picked":"A Thousand Cuts","floor":16},{"not_picked":["Quick Slash+1","Hidden Blade"],"picked":"Escape Plan","floor":18},{"not_picked":["Setup","Quick Slash"],"picked":"PiercingWail","floor":19},{"not_picked":["Outmaneuver","Hidden Blade"],"picked":"Slice","floor":21},{"not_picked":["Setup","Blade Dance+1"],"picked":"Choke","floor":29},{"not_picked":["Sucker Punch","Quick Slash"],"picked":"Dagger Spray","floor":30},{"not_picked":["Dagger Throw","Blur"],"picked":"Doppelganger","floor":31}],"player_experience":243930,"relics_obtained":[{"floor":8,"key":"Happy Flower"},{"floor":12,"key":"Vampiric Spirits"},{"floor":26,"key":"Vajra"},{"floor":27,"key":"Enchiridion"}],"event_choices":[{"damage_healed":0,"gold_gain":75,"player_choice":"Gather Gold","damage_taken":11,"max_hp_gain":0,"max_hp_loss":0,"event_name":"World of Goop","floor":4,"gold_loss":0},{"damage_healed":0,"gold_gain":0,"player_choice":"Joined the Cult","damage_taken":6,"max_hp_gain":0,"max_hp_loss":0,"event_name":"Nest","floor":22,"gold_loss":0,"cards_obtained":["RitualDagger"]},{"damage_healed":0,"gold_gain":0,"player_choice":"Ignored","damage_taken":0,"max_hp_gain":0,"max_hp_loss":0,"event_name":"Ghosts","floor":24,"gold_loss":0},{"damage_healed":0,"gold_gain":0,"player_choice":"Obtained Book","damage_taken":16,"max_hp_gain":0,"max_hp_loss":0,"event_name":"Cursed Tome","floor":27,"gold_loss":0}],"is_beta":false,"boss_relics":[{"not_picked":["Replay:Ancient Bell","Busted Crown"],"picked":"SlaversCollar"}],"items_purged_floors":[],"is_endless":false,"potions_floor_spawned":[1,2,11,19,29,30],"killed_by":"Champ","ascension_level":1}}