{"host":"hszimsrtxxc2k25w","time":1609842872,"event":{"mods":["AchievementEnabler","BaseMod","Colored Map","DeckTracker","Minty Spire (QoL Compilation)","Rare Cards Sparkle","SuperFastMode"],"gold_per_floor":[114,114,114,114,189,233,383,416,416,178,78,78,93,117,117,213,213,232,232,268,284,284,284,209,229,254,204,204,204,204,223,223,223,223],"floor_reached":33,"playtime":885,"items_purged":["Doubt","Strike_R"],"score":623,"play_id":"dee316b8-6d4e-418b-9fcc-9542583c5a61","local_time":"20210105193432","is_ascension_mode":true,"campfire_choices":[{"data":"Carnage","floor":15,"key":"SMITH"},{"data":"Feed","floor":23,"key":"SMITH"},{"floor":29,"key":"REST"},{"data":"Entrench","floor":32,"key":"SMITH"}],"circlet_count":0,"master_deck":["AscendersBane","Strike_R","Defend_R","Defend_R","Defend_R","Defend_R+1","Bash+1","Headbutt","Shockwave","Carnage+1","Seeing Red","Feed+1","Entrench+1","Ghostly Armor","Battle Trance","Body Slam"],"relics":["Burning Blood","NeowsBlessing","Lizard Tail","Golden Idol","Pocketwatch","Pantograph","TheAbacus","Mark of Pain","Red Mask","Darkstone Periapt","Juzu Bracelet","Nilry\u0027s Codex"],"acts_visited":["Exordium","TheCity"],"potions_floor_usage":[16,31],"damage_taken":[{"damage":0,"enemies":"Jaw Worm","floor":1,"turns":1},{"damage":0,"enemies":"Gremlin Nob","floor":6,"turns":1},{"damage":0,"enemies":"3 Sentries","floor":8,"turns":2},{"damage":0,"enemies":"Small Slimes","floor":13,"turns":3},{"damage":5,"enemies":"2 Louse","floor":14,"turns":3},{"damage":28,"enemies":"Hexaghost","floor":16,"turns":7},{"damage":23,"enemies":"3 Byrds","floor":18,"turns":9},{"damage":24,"enemies":"Masked Bandits","floor":20,"turns":4},{"damage":9,"enemies":"Shell Parasite","floor":21,"turns":4},{"damage":8,"enemies":"Cultist and Chosen","floor":25,"turns":5},{"damage":13,"enemies":"Snecko","floor":31,"turns":4},{"damage":6,"enemies":"Automaton","floor":33,"turns":2}],"seed_played":"-6432440743852253437","potions_obtained":[{"floor":6,"key":"BloodPotion"},{"floor":13,"key":"CultistPotion"},{"floor":25,"key":"DistilledChaos"},{"floor":31,"key":"Block Potion"}],"is_trial":false,"path_per_floor":["M","?","?","?","?","E","?","E","T","$","$","?","M","M","R","B",null,"M","?","?","M","T","R","?","M","T","?","?","R","?","M","R","B"],"character_chosen":"IRONCLAD","items_purchased":["TheAbacus"],"campfire_rested":1,"item_purchase_floors":[10],"current_hp_per_floor":[74,51,46,46,35,41,41,47,47,47,47,47,53,54,54,46,63,49,49,34,31,31,31,31,33,33,33,12,35,35,43,43,62,62],"gold":223,"neow_bonus":"THREE_ENEMY_KILL","is_daily":false,"chose_seed":false,"campfire_upgraded":3,"win_rate":0.0,"timestamp":1609842872,"path_taken":["M","?","?","?","?","E","?","E","T","?","$","?","M","?","R","BOSS","M","?","?","M","?","R","?","M","T","?","?","R","?","M","R","BOSS"],"items_purchased_type":["Relic"],"build_version":"2020-12-22","purchased_purges":2,"victory":false,"max_hp_per_floor":[75,75,75,68,68,68,68,68,68,68,68,68,68,68,68,68,68,71,71,74,74,74,74,74,78,78,78,78,78,78,78,78,78,78],"card_choices":[{"not_picked":["Warcry","Flex"],"picked":"Headbutt","floor":1},{"not_picked":["Infernal Blade","Searing Blow"],"picked":"Shockwave","floor":6},{"not_picked":["Seeing Red","Heavy Blade"],"picked":"Carnage","floor":8},{"not_picked":["Rampage","Berserk"],"picked":"Seeing Red","floor":13},{"not_picked":["Headbutt","Clash","Perfected Strike"],"picked":"SKIP","floor":14},{"not_picked":["Juggernaut","Double Tap"],"picked":"Feed","floor":16},{"not_picked":["Perfected Strike+1","Uppercut"],"picked":"Entrench","floor":18},{"not_picked":["Armaments+1","Searing Blow"],"picked":"Battle Trance","floor":20},{"not_picked":["Iron Wave","Rupture","Blood for Blood"],"picked":"SKIP","floor":21},{"not_picked":["Hemokinesis","Dropkick","Clash"],"picked":"SKIP","floor":25},{"not_picked":["Disarm","Wild Strike"],"picked":"Body Slam","floor":31}],"player_experience":602480,"relics_obtained":[{"floor":6,"key":"Pocketwatch"},{"floor":9,"key":"Pantograph"},{"floor":20,"key":"Red Mask"},{"floor":22,"key":"Darkstone Periapt"},{"floor":26,"key":"Juzu Bracelet"},{"floor":28,"key":"Nilry\u0027s Codex"}],"event_choices":[{"damage_healed":0,"gold_gain":0,"player_choice":"Entered Light","damage_taken":23,"max_hp_gain":0,"max_hp_loss":0,"event_name":"Shining Light","floor":2,"gold_loss":0,"cards_upgraded":["Defend_R","Bash"]},{"damage_healed":0,"gold_gain":0,"player_choice":"Success","damage_taken":5,"relics_obtained":["Lizard Tail"],"max_hp_gain":0,"max_hp_loss":0,"event_name":"Scrap Ooze","floor":3,"gold_loss":0},{"damage_healed":0,"gold_gain":0,"player_choice":"Lose Max HP","damage_taken":0,"relics_obtained":["Golden Idol"],"max_hp_gain":0,"max_hp_loss":7,"event_name":"Golden Idol","floor":4,"gold_loss":0},{"damage_healed":0,"gold_gain":75,"player_choice":"Gather Gold","damage_taken":11,"max_hp_gain":0,"max_hp_loss":0,"event_name":"World of Goop","floor":5,"gold_loss":0},{"damage_healed":0,"gold_gain":150,"player_choice":"AGREE","damage_taken":0,"max_hp_gain":0,"max_hp_loss":0,"event_name":"Liars Game","floor":7,"gold_loss":0,"cards_obtained":["Doubt"]},{"cards_removed":["Strike_R"],"damage_healed":0,"gold_gain":0,"player_choice":"Forget","damage_taken":0,"max_hp_gain":0,"max_hp_loss":0,"event_name":"Living Wall","floor":12,"gold_loss":0},{"damage_healed":0,"gold_gain":0,"cards_transformed":["Strike_R","Strike_R"],"player_choice":"Became Test Subject","damage_taken":0,"max_hp_gain":0,"max_hp_loss":0,"event_name":"Drug Dealer","floor":19,"gold_loss":0,"cards_obtained":["Clash","Ghostly Armor"]},{"damage_healed":0,"gold_gain":0,"player_choice":"Fought Bandits","damage_taken":0,"max_hp_gain":0,"max_hp_loss":0,"event_name":"Masked Bandits","floor":20,"gold_loss":0},{"cards_removed":["Clash"],"damage_healed":0,"gold_gain":0,"player_choice":"Gave Gold","damage_taken":0,"max_hp_gain":0,"max_hp_loss":0,"event_name":"Beggar","floor":24,"gold_loss":75},{"damage_healed":0,"gold_gain":0,"player_choice":"Bet on Murderer","damage_taken":0,"max_hp_gain":0,"max_hp_loss":0,"event_name":"The Joust","floor":27,"gold_loss":50},{"damage_healed":0,"gold_gain":0,"player_choice":"Obtained Book","damage_taken":21,"max_hp_gain":0,"max_hp_loss":0,"event_name":"Cursed Tome","floor":28,"gold_loss":0},{"damage_healed":0,"gold_gain":0,"player_choice":"Ignored","damage_taken":0,"max_hp_gain":0,"max_hp_loss":0,"event_name":"Duplicator","floor":30,"gold_loss":0}],"is_beta":false,"boss_relics":[{"not_picked":["Runic Cube","Calling Bell"],"picked":"Mark of Pain"}],"items_purged_floors":[10,11],"is_endless":false,"potions_floor_spawned":[6,13,25,31],"killed_by":"Automaton","ascension_level":20}}