{"host":"egwexuw5uvnxf11j","time":1609818129,"event":{"mods":["2.2 Compatiblity","Aspiration","BaseMod","Better Altar","Better Note","Better Sensory Stone","Better Third Choice","Displayed Cursed Tome","Downfall","Hermit","Key Reminder","Koishi","Marisa????????","Minty Spire (QoL Compilation)","Quick Restart","Shade Mod","Spicy Shops","StSLib","The Construct","The Cursed","The Hierophant","The Runesmith","The Senshi","The Servant 0.9.4","Transform Curses"],"gold_per_floor":[117,117,67,80,80,116,116,37,37,58,76,76,76],"floor_reached":12,"playtime":257,"items_purged":[],"score":90,"play_id":"aac82fd2-027d-459e-a37b-c9a42c81149a","local_time":"20210104224209","is_ascension_mode":true,"campfire_choices":[{"floor":7,"key":"REST"}],"circlet_count":0,"master_deck":["Strike_B","Strike_B","Strike_B","Strike_B","Defend_B+1","Defend_B","Defend_B","Defend_B","Zap+1","Dualcast","Conserve Battery","Streamline","Sweeping Beam","Sunder","Darkness","Go for the Eyes","Beam Cell"],"relics":["Cracked Core","Golden Idol","War Paint","Bird Faced Urn"],"acts_visited":["Exordium"],"potions_floor_usage":[12],"damage_taken":[{"damage":10,"enemies":"Small Slimes","floor":1,"turns":3},{"damage":0,"enemies":"Cultist","floor":4,"turns":3},{"damage":54,"enemies":"Lagavulin","floor":6,"turns":7},{"damage":7,"enemies":"2 Louse","floor":10,"turns":2},{"damage":8,"enemies":"Blue Slaver","floor":11,"turns":3},{"damage":33,"enemies":"Gremlin Nob","floor":12,"turns":3}],"seed_played":"-6643550604926484889","potions_obtained":[{"floor":1,"key":"PotionOfCapacity"},{"floor":11,"key":"Strength Potion"}],"is_trial":false,"path_per_floor":["M","?","?","M","?","E","R","$","T","M","M","E"],"character_chosen":"DEFECT","items_purchased":["Darkness"],"campfire_rested":1,"item_purchase_floors":[8],"current_hp_per_floor":[65,65,65,65,73,19,41,41,41,34,26,0,0],"gold":76,"neow_bonus":"THREE_CARDS","is_daily":false,"chose_seed":false,"campfire_upgraded":0,"win_rate":0.0,"timestamp":1609818129,"path_taken":["M","?","?","M","?","E","R","$","T","M","M","E"],"items_purchased_type":["Card"],"build_version":"2020-12-22","purchased_purges":0,"victory":false,"max_hp_per_floor":[75,75,75,75,75,75,75,75,75,75,75,75,75],"card_choices":[{"not_picked":["Cold Snap","Sweeping Beam"],"picked":"Conserve Battery","floor":0},{"not_picked":["Auto Shields","Sweeping Beam"],"picked":"Streamline","floor":1},{"not_picked":["Redo","Barrage"],"picked":"Sweeping Beam","floor":4},{"not_picked":["Chill","White Noise"],"picked":"Sunder","floor":6},{"not_picked":["Ball Lightning","Compile Driver"],"picked":"Go for the Eyes","floor":10},{"not_picked":["Steam Power","Turbo"],"picked":"Beam Cell","floor":11}],"player_experience":2141179,"relics_obtained":[{"floor":6,"key":"War Paint"},{"floor":9,"key":"Bird Faced Urn"}],"event_choices":[{"damage_healed":0,"gold_gain":0,"player_choice":"Take Wound","damage_taken":0,"relics_obtained":["Golden Idol"],"max_hp_gain":0,"max_hp_loss":0,"event_name":"Golden Idol","floor":2,"gold_loss":0,"cards_obtained":["Injury"]},{"cards_removed":["Injury"],"damage_healed":0,"gold_gain":0,"player_choice":"Card Removal","damage_taken":0,"max_hp_gain":0,"max_hp_loss":0,"event_name":"The Cleric","floor":3,"gold_loss":50}],"is_beta":false,"boss_relics":[],"items_purged_floors":[],"is_endless":false,"potions_floor_spawned":[1,11],"killed_by":"Gremlin Nob","ascension_level":3}}