{"host":"cyiefo55v5hz1ih5","time":1609809895,"event":{"mods":["2.2 Compatiblity","AchievementEnabler","BaseMod","GifTheSpireLib","Hubris","Minty Spire (QoL Compilation)","Replay The Spire","Spicy Shops","StSLib","The Construct"],"gold_per_floor":[118,136,136,136,154,154,189,169,243,257,257,275,81,116,116,237,237,262,18,18,18,41,41,41],"floor_reached":23,"playtime":1994,"items_purged":["construct:Strike_Gold","construct:Defend_Gold"],"score":261,"play_id":"4a939449-7cd6-4220-9361-9e1e8d520b51","local_time":"20210104202455","is_ascension_mode":true,"campfire_choices":[{"data":"construct:PowerUp","floor":6,"key":"SMITH"},{"floor":11,"key":"REST"},{"floor":15,"key":"REST"}],"circlet_count":0,"master_deck":["construct:Strike_Gold","construct:Strike_Gold","construct:Strike_Gold","construct:Defend_Gold","construct:Defend_Gold","construct:Defend_Gold","construct:Defend_Gold","construct:AttackMode","construct:DefenseMode","construct:PowerUp+1","construct:ChargeShot","construct:FlameCore","construct:Antimatter+1","construct:Forcefield","construct:ClockworkEgg+1","construct:ModeShift+1"],"relics":["construct:Cogwheel","Thread and Needle","Golden Idol","Potion Belt","Molten Egg 2","Bag of Marbles","SlaversCollar","Omamori"],"acts_visited":["Exordium","TheCity"],"potions_floor_usage":[7,16,16,22,22],"damage_taken":[{"damage":0,"enemies":"2 Louse","floor":1,"turns":3},{"damage":0,"enemies":"Jaw Worm","floor":2,"turns":4},{"damage":0,"enemies":"Cultist","floor":5,"turns":3},{"damage":36,"enemies":"Gremlin Nob","floor":7,"turns":6},{"damage":0,"enemies":"Looter","floor":10,"turns":3},{"damage":0,"enemies":"3 Louse","floor":12,"turns":4},{"damage":4,"enemies":"Lagavulin","floor":14,"turns":6},{"damage":0,"enemies":"Fading Forest","floor":16,"turns":11},{"damage":9,"enemies":"Chosen","floor":18,"turns":5},{"damage":10,"enemies":"2 Thieves","floor":22,"turns":4},{"damage":10,"enemies":"Gremlin Leader","floor":23,"turns":7}],"seed_played":"-7794959639056960953","potions_obtained":[{"floor":2,"key":"LiquidBronze"},{"floor":8,"key":"Explosive Potion"},{"floor":12,"key":"Explosive Potion"},{"floor":14,"key":"SpeedPotion"},{"floor":16,"key":"Explosive Potion"}],"is_trial":false,"path_per_floor":["M","M","?","?","M","R","E","?","T","M","R","M","$","E","R","B",null,"M","$","?","?","M","E"],"character_chosen":"THE_CONSTRUCT_MOD","items_purchased":["construct:Antimatter+1","construct:Forcefield","Omamori"],"campfire_rested":2,"item_purchase_floors":[13,13,19],"current_hp_per_floor":[77,77,77,58,58,58,22,22,22,22,45,45,45,41,64,64,77,68,68,68,68,58,48,48],"gold":41,"neow_bonus":"ONE_RARE_RELIC","is_daily":false,"chose_seed":false,"campfire_upgraded":1,"win_rate":0.0,"timestamp":1609809895,"path_taken":["M","M","?","?","M","R","E","?","T","?","R","M","$","E","R","BOSS","M","$","?","?","M","E"],"items_purchased_type":["Card","Card","Relic"],"build_version":"2020-12-22","purchased_purges":2,"victory":false,"max_hp_per_floor":[77,77,77,77,77,77,77,77,77,77,77,77,77,77,77,77,77,77,77,77,77,77,77,77],"card_choices":[{"not_picked":["construct:Autoturret","construct:Analyze","construct:VentSteam"],"picked":"SKIP","floor":1},{"not_picked":["construct:ModeShift","construct:Backup"],"picked":"construct:PowerUp","floor":2},{"not_picked":["construct:ShiftStrike","construct:Missile","construct:HeavyBolt"],"picked":"SKIP","floor":5},{"not_picked":["construct:Anticipate","construct:SyphonStrike"],"picked":"construct:ChargeShot","floor":7},{"not_picked":["construct:Impenetrable","construct:Boost+1","construct:VentSteam"],"picked":"SKIP","floor":10},{"not_picked":["construct:Accumulate+1","construct:Forcefield"],"picked":"construct:FlameCore","floor":12},{"not_picked":["construct:Anticipate","construct:PanicFire","construct:HeavyBolt+1"],"picked":"SKIP","floor":14},{"not_picked":["construct:GoldenBullet+1","construct:ShieldGenerator"],"picked":"construct:ClockworkEgg","floor":16},{"not_picked":["construct:Analyze","construct:SaveState"],"picked":"construct:ModeShift+1","floor":18},{"not_picked":["construct:PointDefense+1","construct:Versatility+1","construct:SuppressiveFire+1"],"picked":"SKIP","floor":22}],"player_experience":586026,"relics_obtained":[{"floor":7,"key":"Potion Belt"},{"floor":9,"key":"Molten Egg 2"},{"floor":14,"key":"Bag of Marbles"}],"event_choices":[{"damage_healed":0,"gold_gain":0,"player_choice":"Take Damage","damage_taken":19,"relics_obtained":["Golden Idol"],"max_hp_gain":0,"max_hp_loss":0,"event_name":"Golden Idol","floor":4,"gold_loss":0},{"damage_healed":0,"gold_gain":0,"player_choice":"Bought 1 Potion","damage_taken":0,"max_hp_gain":0,"max_hp_loss":0,"event_name":"The Woman in Blue","floor":8,"gold_loss":0},{"damage_healed":0,"gold_gain":0,"player_choice":"Ignored","damage_taken":0,"max_hp_gain":0,"max_hp_loss":0,"event_name":"Vampires","floor":20,"gold_loss":0}],"is_beta":false,"boss_relics":[{"not_picked":["SacredBark","Replay:Bronze Core"],"picked":"SlaversCollar"}],"items_purged_floors":[13,19],"is_endless":false,"potions_floor_spawned":[2,12,14,16],"killed_by":"Gremlin Leader","ascension_level":1}}