{"host":"1u4zr9vl8my47i07","time":1609811685,"event":{"mods":["AchievementEnabler","BaseMod","DeckTracker","Highlight Path","Keyboard Shortcuts","Minty Spire (QoL Compilation)","Relic Stats","StSLib","SuperFastMode","The Animator","Uncapped","Waifu the Spire","everything is the same but u backflip on backflip"],"gold_per_floor":[17,17,17,30,45,45,79,79,79,29,43,43,60,95,95,191,191,204,119,119,138,149,149,165,264,264,110,140,40,40,57,57,152,152,162,162,162,262,278,278,291,291,317,364,380,397,416,446,446,446],"floor_reached":51,"playtime":3595,"items_purged":["Strike_G","Strike_G"],"score":1086,"play_id":"168b750e-62e6-4d37-9b2e-2a08499cccd7","local_time":"20210105105445","is_ascension_mode":true,"campfire_choices":[{"data":"Neutralize","floor":6.0,"key":"SMITH"},{"data":"Poisoned Stab","floor":8.0,"key":"SMITH"},{"data":"Well Laid Plans","floor":12.0,"key":"SMITH"},{"data":"Crippling Poison","floor":15.0,"key":"SMITH"},{"floor":23.0,"key":"REST"},{"data":"Adrenaline","floor":32,"key":"SMITH"},{"data":"Apotheosis","floor":40,"key":"SMITH"},{"data":"Malaise","floor":42,"key":"SMITH"},{"floor":49,"key":"REST"}],"circlet_count":0,"master_deck":["Strike_G","Defend_G","Defend_G","Defend_G","Defend_G","Defend_G","Survivor","Neutralize+1","Poisoned Stab+1","Dash","Well Laid Plans+1","Underhanded Strike","PiercingWail","Crippling Poison+1","Adrenaline+1","Backflip","Tactician+1","Dodge and Roll+1","Accuracy","Escape Plan+1","Outmaneuver+1","Malaise+1","Acrobatics","Apotheosis+1","Dark Shackles","Catalyst","Bouncing Flask+1","Deadly Poison","Deadly Poison"],"relics":["Ring of the Serpent","Bird Faced Urn","Mercury Hourglass","Pantograph","Letter Opener","Regal Pillow","Gremlin Horn","White Beast Statue","HoveringKite","Juzu Bracelet","TungstenRod","Smiling Mask"],"acts_visited":["Exordium","TheCity","TheBeyond"],"potions_floor_usage":[33,44,46,48,48,50],"damage_taken":[{"damage":3.0,"enemies":"Cultist","floor":1.0,"turns":5.0},{"damage":2.0,"enemies":"Small Slimes","floor":4.0,"turns":3.0},{"damage":3.0,"enemies":"2 Louse","floor":5.0,"turns":3.0},{"damage":12.0,"enemies":"3 Sentries","floor":7.0,"turns":13.0},{"damage":0.0,"enemies":"2 Fungi Beasts","floor":11.0,"turns":3.0},{"damage":3.0,"enemies":"3 Louse","floor":13.0,"turns":2.0},{"damage":5.0,"enemies":"Lagavulin","floor":14.0,"turns":6.0},{"damage":0.0,"enemies":"Hexaghost","floor":16.0,"turns":10.0},{"damage":10.0,"enemies":"Spheric Guardian","floor":18.0,"turns":4.0},{"damage":0.0,"enemies":"3 Byrds","floor":21.0,"turns":4.0},{"damage":14.0,"enemies":"Shelled Parasite and Fungi","floor":22.0,"turns":5.0},{"damage":4.0,"enemies":"Chosen and Byrds","floor":24.0,"turns":6.0},{"damage":15.0,"enemies":"Gremlin Leader","floor":28.0,"turns":11.0},{"damage":6,"enemies":"3 Cultists","floor":31,"turns":4},{"damage":47,"enemies":"Automaton","floor":33,"turns":15},{"damage":7,"enemies":"Orb Walker","floor":35,"turns":5},{"damage":3,"enemies":"3 Shapes","floor":39,"turns":2},{"damage":7,"enemies":"Sphere and 2 Shapes","floor":41,"turns":4},{"damage":38,"enemies":"2 Orb Walkers","floor":44,"turns":5},{"damage":5,"enemies":"3 Darklings","floor":45,"turns":4},{"damage":16,"enemies":"Transient","floor":46,"turns":5},{"damage":4,"enemies":"Writhing Mass","floor":47,"turns":5},{"damage":45,"enemies":"Reptomancer","floor":48,"turns":7},{"damage":55,"enemies":"Time Eater","floor":50,"turns":13}],"seed_played":"8852868040418694217","potions_obtained":[{"floor":1.0,"key":"FairyPotion"},{"floor":5.0,"key":"PowerPotion"},{"floor":11.0,"key":"FearPotion"},{"floor":16.0,"key":"Fruit Juice"},{"floor":21.0,"key":"AttackPotion"},{"floor":24.0,"key":"Energy Potion"},{"floor":31,"key":"BlessingOfTheForge"},{"floor":33,"key":"Regen Potion"},{"floor":44,"key":"SpeedPotion"},{"floor":45,"key":"Weak Potion"},{"floor":46,"key":"Energy Potion"},{"floor":48,"key":"BlessingOfTheForge"}],"is_trial":false,"path_per_floor":["M","?","?","M","M","R","E","R","T","?","M","R","M","E","R","B",null,"M","?","?","M","M","R","M","?","T","$","E","$","$","M","R","B",null,"M","?","?","?","M","R","M","R","T","?","M","M","M","E","R","B",null],"character_chosen":"THE_SILENT","items_purchased":["Accuracy"],"campfire_rested":2,"item_purchase_floors":[27],"current_hp_per_floor":[60,60,65,63,60,60,50,50,50,50,52,52,51,48,48,75,75,70,70,55,55,43,83,81,81,81,81,70,70,70,68,68,40,74,71,71,66,66,65,65,60,60,60,39,36,24,22,5,44,18],"gold":446,"neow_bonus":"ONE_RARE_RELIC","is_daily":false,"chose_seed":false,"campfire_upgraded":7,"win_rate":0.0,"timestamp":1609811685,"path_taken":["M","?","?","M","M","R","E","R","T","?","M","R","M","E","R","BOSS","M","?","?","M","M","R","M","?","T","$","E","$","?","M","R","BOSS","M","?","?","?","?","R","M","R","T","?","M","M","M","E","R","BOSS"],"items_purchased_type":["Card"],"build_version":"2020-12-22","purchased_purges":2,"victory":true,"max_hp_per_floor":[70,70,75,75,75,75,75,75,75,75,75,75,75,75,75,75,75,80,80,85,85,85,85,85,85,85,85,85,85,85,85,85,85,85,85,81,81,81,81,81,81,81,81,81,81,81,81,81,81,81],"relic_stats":{"Regal Pillow":30,"Gremlin Horn":[22,22],"counters":[24,143],"Bird Faced Urn":[50],"Pantograph":67,"HoveringKite":[18],"Juzu Bracelet":0,"Letter Opener":[365],"Smiling Mask":0,"obtain_stats":[{"Regal Pillow":19,"Gremlin Horn":26,"HoveringKite":34,"Juzu Bracelet":43,"Letter Opener":14,"Smiling Mask":48,"White Beast Statue":28,"Mercury Hourglass":7,"Bird Faced Urn":0,"Pantograph":9,"Ring of the Serpent":17,"TungstenRod":44,"Ring of the Snake":0},{"Regal Pillow":9,"Gremlin Horn":12,"HoveringKite":15,"Juzu Bracelet":18,"Letter Opener":7,"Smiling Mask":23,"White Beast Statue":13,"Mercury Hourglass":4,"Bird Faced Urn":0,"Pantograph":4,"Ring of the Serpent":8,"TungstenRod":19,"Ring of the Snake":0},{"Regal Pillow":49,"Gremlin Horn":64,"HoveringKite":94,"Juzu Bracelet":104,"Letter Opener":35,"Smiling Mask":130,"White Beast Statue":75,"Mercury Hourglass":24,"Bird Faced Urn":0,"Pantograph":24,"Ring of the Serpent":45,"TungstenRod":109,"Ring of the Snake":0}],"TungstenRod":25,"Mercury Hourglass":[487]},"card_choices":[{"not_picked":["Endless Agony","Concentrate"],"picked":"Poisoned Stab","floor":1.0},{"not_picked":["Flying Knee","Flechettes"],"picked":"Dash","floor":4.0},{"not_picked":["Acrobatics","Underhanded Strike"],"picked":"Well Laid Plans","floor":5.0},{"not_picked":["Choke","Outmaneuver"],"picked":"Underhanded Strike","floor":7.0},{"not_picked":["Prepared","Bane"],"picked":"PiercingWail","floor":11.0},{"not_picked":["Prepared","Flechettes","Flying Knee"],"picked":"SKIP","floor":13.0},{"not_picked":["Choke","Expertise"],"picked":"Crippling Poison","floor":14.0},{"not_picked":["Burst","A Thousand Cuts"],"picked":"Adrenaline","floor":16.0},{"not_picked":["Prepared","PiercingWail"],"picked":"Backflip","floor":18.0},{"not_picked":["Finisher+1","Leg Sweep","Slice"],"picked":"SKIP","floor":21.0},{"not_picked":["Dodge and Roll","Outmaneuver+1"],"picked":"Tactician+1","floor":22.0},{"not_picked":["Cloak And Dagger","PiercingWail+1"],"picked":"Dodge and Roll+1","floor":24.0},{"not_picked":["Prepared","Underhanded Strike+1"],"picked":"Escape Plan+1","floor":28.0},{"not_picked":["Phantasmal Killer","Backflip"],"picked":"Outmaneuver+1","floor":31},{"not_picked":["Die Die Die","Unload"],"picked":"Malaise","floor":33},{"not_picked":["Backflip+1","Bane+1"],"picked":"Acrobatics","floor":35},{"not_picked":["Trip","Jack Of All Trades"],"picked":"Apotheosis","floor":37},{"not_picked":["Good Instincts","Panache"],"picked":"Dark Shackles","floor":37},{"not_picked":["Poisoned Stab+1","Leg Sweep"],"picked":"Catalyst","floor":39},{"not_picked":["Acrobatics","Infinite Blades+1"],"picked":"Bouncing Flask+1","floor":41},{"not_picked":["Dash","Flechettes+1","PiercingWail"],"picked":"SKIP","floor":45},{"not_picked":["Deflect","PiercingWail"],"picked":"Deadly Poison","floor":46},{"not_picked":["Well Laid Plans","Bane"],"picked":"Deadly Poison","floor":47},{"not_picked":["Backflip+1","Accuracy+1","Riddle With Holes"],"picked":"SKIP","floor":48}],"player_experience":279267,"relics_obtained":[{"floor":7.0,"key":"Mercury Hourglass"},{"floor":9.0,"key":"Pantograph"},{"floor":14.0,"key":"Letter Opener"},{"floor":26.0,"key":"Gremlin Horn"},{"floor":28.0,"key":"White Beast Statue"},{"floor":43,"key":"Juzu Bracelet"},{"floor":44,"key":"TungstenRod"},{"floor":48,"key":"Smiling Mask"}],"event_choices":[{"cards_removed":["Strike_G"],"damage_healed":0.0,"max_hp_gain":0.0,"max_hp_loss":0.0,"gold_gain":0.0,"event_name":"Living Wall","player_choice":"Forget","floor":2.0,"gold_loss":0.0,"damage_taken":0.0},{"damage_healed":0.0,"max_hp_gain":5.0,"max_hp_loss":0.0,"gold_gain":0.0,"event_name":"Big Fish","player_choice":"Donut","floor":3.0,"gold_loss":0.0,"damage_taken":0.0},{"cards_removed":["Strike_G"],"damage_healed":0.0,"max_hp_gain":0.0,"max_hp_loss":0.0,"gold_gain":0.0,"event_name":"The Cleric","player_choice":"Card Removal","floor":10.0,"gold_loss":50.0,"damage_taken":0.0},{"damage_healed":0.0,"max_hp_gain":0.0,"max_hp_loss":0.0,"gold_gain":0.0,"event_name":"Addict","player_choice":"Obtained Relic","floor":19.0,"gold_loss":85.0,"damage_taken":0.0,"relics_obtained":["Regal Pillow"]},{"damage_healed":0.0,"max_hp_gain":5.0,"max_hp_loss":0.0,"gold_gain":0.0,"event_name":"Forgotten Altar","player_choice":"Shed Blood","floor":20.0,"gold_loss":0.0,"damage_taken":20.0},{"damage_healed":0.0,"max_hp_gain":0.0,"max_hp_loss":0.0,"gold_gain":99.0,"event_name":"Nest","player_choice":"Stole From Cult","floor":25.0,"gold_loss":0.0,"damage_taken":0.0},{"damage_healed":0,"gold_gain":0,"player_choice":"Max HP","damage_taken":0,"max_hp_gain":0,"max_hp_loss":4,"event_name":"Winding Halls","floor":36,"gold_loss":0},{"damage_healed":0,"gold_gain":0,"player_choice":"Memory 2","damage_taken":5,"max_hp_gain":0,"max_hp_loss":0,"event_name":"SensoryStone","floor":37,"gold_loss":0},{"damage_healed":0,"gold_gain":100,"player_choice":"Pray","damage_taken":0,"max_hp_gain":0,"max_hp_loss":0,"event_name":"Golden Shrine","floor":38,"gold_loss":0},{"damage_healed":0,"gold_gain":0,"player_choice":"Fight","damage_taken":0,"max_hp_gain":0,"max_hp_loss":0,"event_name":"Mysterious Sphere","floor":44,"gold_loss":0}],"is_beta":false,"boss_relics":[{"not_picked":["SlaversCollar","Pandora\u0027s Box"],"picked":"Ring of the Serpent"},{"not_picked":["Snecko Eye","Fusion Hammer"],"picked":"HoveringKite"}],"items_purged_floors":[27,29],"is_endless":false,"potions_floor_spawned":[1,5,11,16,21,24,31,33,35,39,41,44,45,46,47,48],"ascension_level":9}}