{"host":"mi0eibewekhugwl1","time":1609832043,"event":{"mods":["AchievementEnabler","BaseMod","Colored Map","Colored Powertips","DeckTracker","Keyboard Shortcuts","Minty Spire (QoL Compilation)","Quick Restart","Rare Cards Sparkle","Relic Stats","StSLib","SuperFastMode","everything is the same but u backflip on backflip"],"gold_per_floor":[110,127,138,154,174,174,139,139,166,166,193,203,257,267,267,344,344,355,76,76,351,368,368,142,142,167,197,214,227,227,240,240,311,311,327,379,429,444,142,167,167,185,211,226,6,21,21,40,40,40,40,40,40,12,44,44,44],"floor_reached":56,"playtime":1521,"items_purged":["Strike_R","Regret"],"score":1877,"play_id":"adbf2e4a-37dd-469c-9430-0467f18102bb","local_time":"20210105163403","is_ascension_mode":true,"campfire_choices":[{"data":"Body Slam","floor":6.0,"key":"SMITH"},{"data":"Bash","floor":8.0,"key":"SMITH"},{"data":"Rampage","floor":10.0,"key":"SMITH"},{"data":"Feed","floor":15.0,"key":"SMITH"},{"data":"Double Tap","floor":23,"key":"SMITH"},{"data":"Juggernaut","floor":25,"key":"SMITH"},{"floor":32,"key":"REST"},{"floor":41,"key":"REST"},{"data":"Purity","floor":47,"key":"SMITH"},{"floor":49,"key":"RECALL"},{"data":"Rage","floor":53,"key":"SMITH"}],"circlet_count":0,"master_deck":["AscendersBane","Strike_R","Defend_R","Defend_R","Defend_R","Defend_R","Bash+1","Flash of Steel","Ghostly Armor","Reckless Charge","Body Slam+1","Rampage+1","Rage+1","Feed+1","Double Tap+1","Offering+1","Second Wind+1","Uppercut+1","Necronomicurse","Battle Trance+1","Juggernaut+1","CurseOfTheBell","Pommel Strike","Burning Pact","Impervious","Purity+1","Shrug It Off"],"relics":["Burning Blood","Happy Flower","Red Skull","Astrolabe","Membership Card","Bronze Scales","Necronomicon","Pantograph","Oddly Smooth Stone","Toy Ornithopter","Calling Bell","Bag of Preparation","StrikeDummy","Pocketwatch","Charon\u0027s Ashes","Letter Opener","Pen Nib","Sundial","Kunai","Art of War"],"acts_visited":["Exordium","TheCity","TheBeyond","TheEnding"],"potions_floor_usage":[36,38,39,40,50,50,56,56],"damage_taken":[{"damage":3.0,"enemies":"2 Louse","floor":1.0,"turns":2.0},{"damage":11.0,"enemies":"Small Slimes","floor":2.0,"turns":5.0},{"damage":2.0,"enemies":"Jaw Worm","floor":3.0,"turns":3.0},{"damage":29.0,"enemies":"Lots of Slimes","floor":4.0,"turns":8.0},{"damage":24.0,"enemies":"Exordium Thugs","floor":5.0,"turns":5.0},{"damage":32.0,"enemies":"Gremlin Nob","floor":11.0,"turns":4.0},{"damage":11.0,"enemies":"Blue Slaver","floor":12.0,"turns":7.0},{"damage":0.0,"enemies":"3 Louse","floor":14.0,"turns":2.0},{"damage":10.0,"enemies":"Hexaghost","floor":16.0,"turns":7.0},{"damage":0.0,"enemies":"Chosen","floor":18.0,"turns":3.0},{"damage":6,"enemies":"Spheric Guardian","floor":22,"turns":1},{"damage":12,"enemies":"Book of Stabbing","floor":27,"turns":3},{"damage":6,"enemies":"Shelled Parasite and Fungi","floor":28,"turns":2},{"damage":7,"enemies":"Snake Plant","floor":29,"turns":2},{"damage":0,"enemies":"Snecko","floor":31,"turns":3},{"damage":68,"enemies":"Champ","floor":33,"turns":7},{"damage":10,"enemies":"Orb Walker","floor":35,"turns":4},{"damage":93,"enemies":"2 Orb Walkers","floor":36,"turns":4},{"damage":10,"enemies":"3 Darklings","floor":38,"turns":5},{"damage":5,"enemies":"Nemesis","floor":40,"turns":3},{"damage":12,"enemies":"4 Shapes","floor":42,"turns":3},{"damage":19,"enemies":"Spire Growth","floor":44,"turns":3},{"damage":6,"enemies":"Maw","floor":46,"turns":4},{"damage":6,"enemies":"Writhing Mass","floor":48,"turns":3},{"damage":46,"enemies":"Awakened One","floor":50,"turns":10},{"damage":51,"enemies":"Donu and Deca","floor":51,"turns":7},{"damage":64,"enemies":"Shield and Spear","floor":55,"turns":5},{"damage":75,"enemies":"The Heart","floor":56,"turns":5}],"seed_played":"-2240395635300768003","potions_obtained":[{"floor":3.0,"key":"FearPotion"},{"floor":5.0,"key":"SkillPotion"},{"floor":11.0,"key":"SteroidPotion"},{"floor":14.0,"key":"SteroidPotion"},{"floor":22,"key":"SpeedPotion"},{"floor":28,"key":"SpeedPotion"},{"floor":36,"key":"BlessingOfTheForge"},{"floor":40,"key":"EntropicBrew"},{"floor":44,"key":"Energy Potion"},{"floor":48,"key":"LiquidMemories"}],"is_trial":false,"path_per_floor":["M","M","M","M","M","R","?","R","T","R","E","M","?","M","R","B",null,"M","$","?","?","M","R","$","R","T","E","M","M","?","M","R","B",null,"M","?","?","M","$","E","R","M","T","M","$","M","R","M","R","B","B",null,"R","$","E","B"],"character_chosen":"IRONCLAD","items_purchased":["Membership Card","Bronze Scales","Pantograph","Juggernaut","Fruit Juice","Block Potion","Letter Opener","Pen Nib","Kunai","Impervious","Purity","Strength Potion"],"campfire_rested":2,"item_purchase_floors":[19,19,24,24,39,39,39,39,45,45,45,54],"current_hp_per_floor":[71,66,70,47,29,29,47,47,47,47,21,19,19,28,28,28,71,77,77,56,56,60,60,60,60,60,54,58,57,29,39,69,36,89,89,7,7,8,18,24,58,52,52,43,43,43,43,43,43,42,22,98,98,98,40,0,0],"gold":44,"neow_bonus":"RANDOM_COLORLESS","is_daily":false,"chose_seed":false,"campfire_upgraded":8,"win_rate":0.0,"timestamp":1609832043,"path_taken":["M","M","M","M","M","R","?","R","T","R","E","M","?","M","R","BOSS","M","$","?","?","?","R","?","R","T","E","M","M","?","M","R","BOSS","M","?","?","?","$","E","R","M","T","M","$","M","R","M","R","BOSS","BOSS","R","$","E","BOSS"],"items_purchased_type":["Relic","Relic","Relic","Card","Potion","Potion","Relic","Relic","Relic","Card","Card","Potion"],"build_version":"2020-12-22","purchased_purges":2,"victory":false,"max_hp_per_floor":[75,75,75,75,75,75,75,75,75,75,75,78,78,81,81,85,85,85,85,85,85,89,89,89,89,89,89,93,93,98,102,102,106,106,110,110,110,110,115,115,115,115,115,119,119,119,119,119,119,123,123,123,123,123,123,123,123],"relic_stats":{"Happy Flower":[32],"counters":[28,120],"Astrolabe":["Offering","Second Wind","Uppercut"],"Charon\u0027s Ashes":[223],"Pen Nib":[12],"Bag of Preparation":[24],"Letter Opener":[139],"Burning Blood":162,"Sundial":[6],"Bronze Scales":[274],"Pantograph":100,"Necronomicon":[38],"Art of War":[0],"Kunai":[21],"obtain_stats":[{"Happy Flower":9,"Astrolabe":17,"Oddly Smooth Stone":26,"Charon\u0027s Ashes":36,"Pen Nib":39,"Bag of Preparation":34,"Letter Opener":39,"Burning Blood":0,"Calling Bell":34,"Sundial":40,"Bronze Scales":19,"Pantograph":24,"Necronomicon":20,"Art of War":55,"Membership Card":19,"Kunai":45,"StrikeDummy":34,"Red Skull":11,"Toy Ornithopter":27,"Pocketwatch":34},{"Happy Flower":5,"Astrolabe":9,"Oddly Smooth Stone":11,"Charon\u0027s Ashes":18,"Pen Nib":19,"Bag of Preparation":16,"Letter Opener":19,"Burning Blood":0,"Calling Bell":16,"Sundial":20,"Bronze Scales":10,"Pantograph":11,"Necronomicon":10,"Art of War":27,"Membership Card":10,"Kunai":22,"StrikeDummy":16,"Red Skull":6,"Toy Ornithopter":12,"Pocketwatch":16},{"Happy Flower":23,"Astrolabe":43,"Oddly Smooth Stone":47,"Charon\u0027s Ashes":72,"Pen Nib":77,"Bag of Preparation":64,"Letter Opener":77,"Burning Blood":0,"Calling Bell":64,"Sundial":80,"Bronze Scales":46,"Pantograph":47,"Necronomicon":46,"Art of War":115,"Membership Card":46,"Kunai":86,"StrikeDummy":64,"Red Skull":27,"Toy Ornithopter":50,"Pocketwatch":64}],"Toy Ornithopter":40,"Pocketwatch":[39]},"card_choices":[{"not_picked":["Panacea","Forethought"],"picked":"Flash of Steel","floor":0.0},{"not_picked":["Headbutt","Body Slam"],"picked":"Ghostly Armor","floor":1.0},{"not_picked":["Armaments","Sword Boomerang"],"picked":"Reckless Charge","floor":2.0},{"not_picked":["Dropkick","Pummel"],"picked":"Body Slam","floor":3.0},{"not_picked":["Iron Wave","Thunderclap"],"picked":"Rampage","floor":4.0},{"not_picked":["Perfected Strike","Warcry"],"picked":"Rage","floor":5.0},{"not_picked":["Uppercut","Pommel Strike"],"picked":"Feed","floor":11.0},{"not_picked":["Twin Strike","Cleave","Dark Embrace"],"picked":"SKIP","floor":12.0},{"not_picked":["Bloodletting","Flex","Iron Wave"],"picked":"SKIP","floor":14.0},{"not_picked":["Limit Break","Brutality"],"picked":"Double Tap","floor":16.0},{"not_picked":["Sword Boomerang","Armaments","Spot Weakness"],"picked":"SKIP","floor":18.0},{"not_picked":["Iron Wave","Anger+1"],"picked":"Battle Trance+1","floor":22},{"not_picked":["Anger","Cleave","Hemokinesis"],"picked":"SKIP","floor":27},{"not_picked":["Rupture","Wild Strike","Havoc"],"picked":"SKIP","floor":28},{"not_picked":["Double Tap","Blood for Blood","Sentinel"],"picked":"SKIP","floor":29},{"not_picked":["Sentinel","Cleave","Thunderclap"],"picked":"SKIP","floor":31},{"not_picked":["Rampage","Rage+1"],"picked":"Pommel Strike","floor":35},{"not_picked":["Anger","Clothesline+1","Blood for Blood"],"picked":"SKIP","floor":38},{"not_picked":["Twin Strike","Havoc","Wild Strike"],"picked":"SKIP","floor":40},{"not_picked":["Armaments","True Grit+1"],"picked":"Burning Pact","floor":42},{"not_picked":["Rupture","Flex","Clash"],"picked":"SKIP","floor":44},{"not_picked":["Bludgeon","Body Slam+1","Cleave"],"picked":"SKIP","floor":46},{"not_picked":["Anger+1","Pummel","Flex"],"picked":"SKIP","floor":48},{"not_picked":["Heavy Blade","Sentinel"],"picked":"Shrug It Off","floor":55}],"player_experience":1730288,"relics_obtained":[{"floor":9.0,"key":"Happy Flower"},{"floor":11.0,"key":"Red Skull"},{"floor":20.0,"key":"Necronomicon"},{"floor":26,"key":"Oddly Smooth Stone"},{"floor":27,"key":"Toy Ornithopter"},{"floor":34,"key":"Bag of Preparation"},{"floor":34,"key":"StrikeDummy"},{"floor":34,"key":"Pocketwatch"},{"floor":36,"key":"Charon\u0027s Ashes"},{"floor":40,"key":"Sundial"},{"floor":55,"key":"Art of War"}],"event_choices":[{"damage_healed":18.0,"max_hp_gain":0.0,"max_hp_loss":0.0,"gold_gain":0.0,"event_name":"The Cleric","player_choice":"Healed","floor":7.0,"gold_loss":35.0,"damage_taken":0.0},{"damage_healed":0.0,"max_hp_gain":0.0,"max_hp_loss":0.0,"gold_gain":54.0,"event_name":"Golden Wing","player_choice":"Gained Gold","floor":13.0,"gold_loss":0.0,"damage_taken":0.0},{"damage_healed":0.0,"max_hp_gain":0.0,"max_hp_loss":0.0,"gold_gain":0.0,"event_name":"Cursed Tome","player_choice":"Obtained Book","floor":20.0,"gold_loss":0.0,"damage_taken":21.0},{"damage_healed":0.0,"max_hp_gain":0.0,"max_hp_loss":0.0,"gold_gain":275.0,"event_name":"Golden Shrine","player_choice":"Desecrate","floor":21.0,"gold_loss":0.0,"damage_taken":0.0,"cards_obtained":["Regret"]},{"damage_healed":0,"gold_gain":0,"player_choice":"Shed Blood","damage_taken":33,"max_hp_gain":5,"max_hp_loss":0,"event_name":"Forgotten Altar","floor":30,"gold_loss":0},{"damage_healed":0,"gold_gain":0,"player_choice":"Fight","damage_taken":0,"max_hp_gain":0,"max_hp_loss":0,"event_name":"Mysterious Sphere","floor":36,"gold_loss":0},{"damage_healed":0,"gold_gain":50,"player_choice":"Pray","damage_taken":0,"max_hp_gain":0,"max_hp_loss":0,"event_name":"Golden Shrine","floor":37,"gold_loss":0}],"is_beta":false,"boss_relics":[{"not_picked":["Runic Pyramid","SlaversCollar"],"picked":"Astrolabe"},{"not_picked":["Tiny House","Velvet Choker"],"picked":"Calling Bell"}],"items_purged_floors":[19,24],"is_endless":false,"potions_floor_spawned":[3,5,11,14,22,28,31,36,40,44,48],"killed_by":"The Heart","ascension_level":20}}