{"host":"owox7x4ngjt9htcc","time":1609827159,"event":{"mods":["BaseMod","Colored Map","DeckTracker","Keyboard Shortcuts","Minty Spire (QoL Compilation)","SuperFastMode"],"gold_per_floor":[114,114,133,152,152,190,40,78,78,78,97,116,191,210,210,335,335,354,373,373,381,103,103,122,122,197,216,254,85,85,104,104,229,229,248,74,123,142,161,199,169,188,238,276,276,314,345,376,388,400],"floor_reached":51,"playtime":1754,"items_purged":["ConjureBlade","Writhe"],"score":946,"play_id":"dc15c59d-c923-4d3d-8b57-e5bfdf9eb15a","local_time":"20210105151239","daily_mods":["Shiny","Red Cards","Night Terrors"],"is_ascension_mode":false,"campfire_choices":[{"data":"DevaForm","floor":10,"key":"SMITH"},{"data":"Omniscience","floor":15,"key":"SMITH"},{"data":"Wish","floor":23,"key":"SMITH"},{"floor":30,"key":"REST"},{"data":"Devotion","floor":32,"key":"SMITH"},{"data":"DevaForm","floor":45,"key":"SMITH"},{"floor":49,"key":"REST"}],"circlet_count":0,"master_deck":["Double Tap","Demon Form","Bludgeon","Feed","Limit Break","Corruption","Barricade","Fiend Fire","Berserk+1","Impervious","Juggernaut+1","Brutality","Reaper","Exhume","Offering","Immolate+1","Judgement","MasterReality","Brilliance","Devotion+1","Ragnarok","LessonLearned","Scrawl","Vault","Alpha","Wish+1","Omniscience+1","Establishment","SpiritShield","DevaForm+1","DeusExMachina","Armaments+1","Injury","Wallop","Disarm","Infernal Blade","DevaForm+1","TalkToTheHand+1","TalkToTheHand+1","Prostrate","Barricade","Rage+1","Disarm","Shrug It Off+1","Exhume","Havoc","Iron Wave+1","Shrug It Off","Pommel Strike+1","Juggernaut","Wish"],"relics":["PureWater","Golden Idol","MealTicket","Lee\u0027s Waffle","Kunai","Ornamental Fan","Molten Egg 2","Philosopher\u0027s Stone","Bag of Preparation","Red Mask","Medical Kit","Darkstone Periapt","Blood Vial","Black Star","Boot","Lantern","TeardropLocket","Ancient Tea Set","Bottled Tornado","Unceasing Top","MawBank","Singing Bowl"],"acts_visited":["Exordium","TheCity","TheBeyond"],"potions_floor_usage":[12,39,42,48,50,50,50],"damage_taken":[{"damage":6.0,"enemies":"Small Slimes","floor":1.0,"turns":1.0},{"damage":11.0,"enemies":"Jaw Worm","floor":3.0,"turns":2.0},{"damage":0,"enemies":"2 Louse","floor":4,"turns":1},{"damage":0,"enemies":"Gremlin Nob","floor":6,"turns":2},{"damage":27,"enemies":"3 Sentries","floor":8,"turns":4},{"damage":15,"enemies":"Exordium Wildlife","floor":11,"turns":4},{"damage":0,"enemies":"3 Louse","floor":12,"turns":2},{"damage":0,"enemies":"Gremlin Gang","floor":14,"turns":1},{"damage":28,"enemies":"Slime Boss","floor":16,"turns":6},{"damage":29,"enemies":"2 Thieves","floor":18,"turns":3},{"damage":24,"enemies":"Shell Parasite","floor":19,"turns":5},{"damage":0,"enemies":"Masked Bandits","floor":21,"turns":3},{"damage":20,"enemies":"Cultist and Chosen","floor":24,"turns":7},{"damage":0,"enemies":"Centurion and Healer","floor":27,"turns":2},{"damage":29,"enemies":"Book of Stabbing","floor":28,"turns":5},{"damage":4,"enemies":"Sentry and Sphere","floor":31,"turns":5},{"damage":32,"enemies":"Automaton","floor":33,"turns":7},{"damage":0,"enemies":"Orb Walker","floor":35,"turns":4},{"damage":26,"enemies":"3 Shapes","floor":37,"turns":4},{"damage":0,"enemies":"Spire Growth","floor":38,"turns":6},{"damage":10,"enemies":"3 Darklings","floor":39,"turns":5},{"damage":29,"enemies":"Reptomancer","floor":40,"turns":7},{"damage":9,"enemies":"Sphere and 2 Shapes","floor":42,"turns":4},{"damage":6,"enemies":"Giant Head","floor":44,"turns":7},{"damage":0,"enemies":"Nemesis","floor":46,"turns":6},{"damage":18,"enemies":"Writhing Mass","floor":47,"turns":5},{"damage":45,"enemies":"3 Darklings","floor":48,"turns":4},{"damage":32,"enemies":"Time Eater","floor":50,"turns":7}],"seed_played":"-8136925521176778862","potions_obtained":[{"floor":6,"key":"Fruit Juice"},{"floor":11,"key":"LiquidMemories"},{"floor":12,"key":"SteroidPotion"},{"floor":18,"key":"EntropicBrew"},{"floor":19,"key":"BottledMiracle"},{"floor":41,"key":"GamblersBrew"},{"floor":42,"key":"LiquidMemories"},{"floor":46,"key":"DistilledChaos"}],"is_trial":false,"path_per_floor":["M","?","M","M","?","E","$","E","T","R","M","M","T","M","R","B",null,"M","M","?","?","$","R","M","?","T","M","E","$","R","M","R","B",null,"M","$","M","M","M","E","?","M","T","E","R","E","M","M","R","B",null],"character_chosen":"WATCHER","items_purchased":["Lee\u0027s Waffle","Medical Kit","Prostrate","Disarm","Iron Wave+1","Boot"],"campfire_rested":2,"item_purchase_floors":[7,22,22,29,36,36],"current_hp_per_floor":[66,66,55,55,55,55,79,55,55,55,43,48,48,48,48,24,90,61,40,40,40,55,55,44,44,44,44,19,34,85,81,81,51,85,85,85,59,61,61,39,39,35,35,50,50,59,45,22,98,66],"gold":412,"neow_bonus":"","is_daily":true,"chose_seed":false,"campfire_upgraded":5,"win_rate":0.0,"timestamp":1609827159,"path_taken":["M","?","M","M","?","E","$","E","T","R","M","M","?","M","R","BOSS","M","M","?","?","?","R","M","?","T","?","E","$","R","M","R","BOSS","M","?","M","M","M","E","?","M","T","E","R","E","?","?","R","BOSS"],"items_purchased_type":["Relic","Relic","Card","Card","Card","Relic"],"build_version":"2020-12-22","purchased_purges":2,"victory":true,"max_hp_per_floor":[72,72,72,72,72,72,79,82,82,82,85,90,90,90,90,90,90,90,90,90,90,90,90,90,90,90,90,90,90,85,85,85,85,85,85,85,85,85,88,88,88,91,91,94,94,96,98,103,98,98],"card_choices":[{"not_picked":["Headbutt","Clothesline"],"picked":"Armaments","floor":1.0},{"not_picked":["Conclude","JustLucky","MasterReality"],"picked":"SKIP","floor":3.0},{"not_picked":["Evaluate","EmptyFist","Halt"],"picked":"SKIP","floor":4},{"not_picked":["WaveOfTheHand","Crescendo","Sword Boomerang"],"picked":"SKIP","floor":6},{"not_picked":["Indignation","FlyingSleeves","Whirlwind"],"picked":"SKIP","floor":8},{"not_picked":["Spot Weakness","Indignation"],"picked":"Wallop","floor":11},{"not_picked":["FollowUp","Intimidate"],"picked":"Disarm","floor":12},{"not_picked":["Halt","JustLucky+1"],"picked":"Infernal Blade","floor":14},{"not_picked":["Double Tap","Juggernaut"],"picked":"DevaForm","floor":16},{"not_picked":["EmptyFist+1","Clash+1"],"picked":"TalkToTheHand+1","floor":18},{"not_picked":["Hemokinesis+1","Halt+1"],"picked":"TalkToTheHand+1","floor":19},{"not_picked":["SashWhip+1","Blood for Blood+1","Prostrate"],"picked":"SKIP","floor":24},{"not_picked":["Worship","Conclude+1","Cleave+1"],"picked":"SKIP","floor":27},{"not_picked":["LikeWater","Sanctity"],"picked":"Rage+1","floor":28},{"not_picked":["CrushJoints+1","Consecrate+1"],"picked":"Shrug It Off","floor":31},{"not_picked":["Brutality","Demon Form"],"picked":"Exhume","floor":33},{"not_picked":["SandsOfTime+1","Heavy Blade+1"],"picked":"Havoc","floor":35},{"not_picked":["Rupture","Blood for Blood+1","Pommel Strike+1"],"picked":"SKIP","floor":37},{"not_picked":["Rampage+1","Iron Wave+1"],"picked":"Shrug It Off","floor":38},{"not_picked":["Wild Strike+1","Perfected Strike+1"],"picked":"Pommel Strike+1","floor":39},{"not_picked":["Exhume","Rampage+1"],"picked":"Juggernaut","floor":40},{"not_picked":["Anger+1","Flex","FollowUp+1"],"picked":"SKIP","floor":42},{"not_picked":["Perfected Strike+1","Crescendo+1"],"picked":"Wish","floor":44},{"not_picked":["Reckless Charge+1","BattleHymn+1","Bloodletting"],"picked":"Singing Bowl","floor":46},{"not_picked":["Anger+1","WheelKick+1","Whirlwind+1"],"picked":"Singing Bowl","floor":47},{"not_picked":["Collect+1","Entrench+1","SashWhip+1"],"picked":"Singing Bowl","floor":48}],"player_experience":873391,"relics_obtained":[{"floor":6,"key":"MealTicket"},{"floor":8,"key":"Kunai"},{"floor":9,"key":"Ornamental Fan"},{"floor":13,"key":"Molten Egg 2"},{"floor":21,"key":"Red Mask"},{"floor":26,"key":"Darkstone Periapt"},{"floor":28,"key":"Blood Vial"},{"floor":40,"key":"Lantern"},{"floor":40,"key":"TeardropLocket"},{"floor":43,"key":"Ancient Tea Set"},{"floor":44,"key":"Bottled Tornado"},{"floor":44,"key":"Unceasing Top"},{"floor":46,"key":"MawBank"},{"floor":46,"key":"Singing Bowl"}],"event_choices":[{"damage_healed":0.0,"max_hp_gain":0.0,"max_hp_loss":0.0,"gold_gain":0.0,"event_name":"Golden Idol","player_choice":"Take Wound","floor":2.0,"gold_loss":0.0,"damage_taken":0.0,"relics_obtained":["Golden Idol"],"cards_obtained":["Injury"]},{"damage_healed":0,"gold_gain":0,"player_choice":"Grow","damage_taken":0,"max_hp_gain":0,"max_hp_loss":0,"event_name":"Living Wall","floor":5,"gold_loss":0,"cards_upgraded":["Armaments"]},{"damage_healed":0,"gold_gain":0,"player_choice":"Opened","damage_taken":0,"relics_obtained":["Bag of Preparation"],"max_hp_gain":0,"max_hp_loss":0,"event_name":"The Mausoleum","floor":20,"gold_loss":0,"cards_obtained":["Writhe"]},{"damage_healed":0,"gold_gain":0,"player_choice":"Fought Bandits","damage_taken":0,"max_hp_gain":0,"max_hp_loss":0,"event_name":"Masked Bandits","floor":21,"gold_loss":0},{"damage_healed":0,"gold_gain":0,"cards_transformed":["Blasphemy"],"player_choice":"Transformed","damage_taken":0,"max_hp_gain":0,"max_hp_loss":0,"event_name":"Transmorgrifier","floor":25,"gold_loss":0,"cards_obtained":["Barricade"]},{"damage_healed":0,"gold_gain":0,"player_choice":"Bought 2 Potions","damage_taken":0,"max_hp_gain":0,"max_hp_loss":0,"event_name":"The Woman in Blue","floor":41,"gold_loss":0}],"is_beta":false,"boss_relics":[{"not_picked":["Astrolabe","Snecko Eye"],"picked":"Philosopher\u0027s Stone"},{"not_picked":["Runic Pyramid","Empty Cage"],"picked":"Black Star"}],"items_purged_floors":[22,29],"is_endless":false,"potions_floor_spawned":[6,11,12,18,19,31,35,42,44,46,47],"ascension_level":0}}