{"host":"wj90f2q0h2omert0","time":1609880749,"event":{"mods":["BaseMod","Beaked The Cultist","Better Third Choice","ChefMod","Clawfect","Colored Map","DeckTracker","Downfall","Gremlin Mod","Hubris","JesterMod","Minty Spire (QoL Compilation)","READ ME - Guardian Mod","Relic Stats","Robot Space Explorer","Shade Mod","StSLib","The Animator","The Blackbeard","The Bug Knight","The Caster","The Construct","The Dragon Tamer","The Druid","The Servant 0.9.4","TheLocksmith","TheSwordswoman"],"gold_per_floor":[99,99,99,99,155,172,222,240,340,340,353,378,392,100,117,219,219,219,233,233,508,165,165,165,182,182,2,2,2,13,23,35,137,137,137,157,167,167,35,35,35,48,48,5,5,53,53,53,70,70,70,70],"floor_reached":50,"playtime":4137,"items_purged":[],"score":538,"play_id":"b42a9503-3941-438d-8fe5-cbac184c9a1e","local_time":"20210105160549","is_ascension_mode":false,"campfire_choices":[{"data":"hexamod:Float","floor":1,"key":"SMITH"},{"floor":10,"key":"REST"},{"data":"hexamod:GhostflameInferno","floor":18,"key":"SMITH"},{"data":"Mayhem","floor":23,"key":"SMITH"},{"floor":29,"key":"REST"},{"data":"hexamod:RadiantFlame","floor":35,"key":"SMITH"},{"data":"hexamod:HeatCrush","floor":43,"key":"SMITH"},{"data":"hexamod:PhantomFireball","floor":45,"key":"SMITH"},{"floor":47,"key":"REST"}],"circlet_count":0,"master_deck":["hexamod:Strike+1","hexamod:Strike+1","hexamod:Strike+1","hexamod:Strike+1","hexamod:Defend","hexamod:Defend+1","hexamod:Defend","hexamod:Defend","hexamod:Sear+1","hexamod:Float+1","hexamod:RadiantFlame+1","hexamod:SpectersWail+1","hexamod:SpectersWail","hexamod:PhantomCloak","hexamod:EmpoweredFlame+1","hexamod:Hexaguard","hexamod:Hexaguard","hexamod:SpectersWail+1","hexamod:Hexaguard+1","expansioncontent:DecasProtection+1","Mayhem+1","hexamod:GhostOfSpireFuture","hexamod:GhostflameInferno+1","CurseOfTheBell","hexamod:RadiantFlame+1","hexamod:SixthSeal","Regret","hexamod:ExtraCrispy+1","hexamod:FastForward","hexamod:Hexaguard+1","hexamod:SoulSteal+1","hexamod:GhostOfSpirePresent+1","hexamod:Hexaguard","hexamod:GhostOfSpirePresent+1","hexamod:EmpoweringStance+1","hexamod:GhostOfSpirePresent+1","hexamod:PhantomFireball+1","hexamod:HeatCrush+1","expansioncontent:DefensiveStance+1","hexamod:RadiantFlame+1","hexamod:NightmareGuise","hexamod:GhostOfSpireFuture+1","hexamod:ThirdSeal","hexamod:Rewind+1","hexamod:SecondSeal","hexamod:Firestarter","hexamod:Firestarter+1"],"relics":["hexamod:SpiritBrand","downfall:HeartsMalice","Turnip","Regal Pillow","hubris:Reverence","Calling Bell","Anchor","The Courier","WingedGreaves","Frozen Egg 2","Oddly Smooth Stone","Pantograph","Vajra","hubris:GrandSneckoEye","hexamod:TheBrokenSeal","Membership Card","HornCleat","construct:BoolHorns"],"acts_visited":["Exordium","TheCity","TheBeyond"],"potions_floor_usage":[11,15,16,16,19,33,33,33,39,46,46],"damage_taken":[{"damage":0,"enemies":"2 Louse","floor":2,"turns":1},{"damage":0,"enemies":"Jaw Worm","floor":3,"turns":1},{"damage":0,"enemies":"Cultist","floor":4,"turns":1},{"damage":43,"enemies":"Lagavulin Event","floor":5,"turns":7},{"damage":10,"enemies":"Exordium Wildlife","floor":6,"turns":4},{"damage":10,"enemies":"Large Slime","floor":8,"turns":3},{"damage":0,"enemies":"2 Fungi Beasts","floor":11,"turns":5},{"damage":8,"enemies":"Lagavulin","floor":12,"turns":9},{"damage":1,"enemies":"Blue Slaver","floor":13,"turns":3},{"damage":0,"enemies":"downfall:FleeingMerchant","floor":14,"turns":4},{"damage":5,"enemies":"Gremlin Gang","floor":15,"turns":3},{"damage":7,"enemies":"downfall:Ironclad","floor":16,"turns":12},{"damage":14,"enemies":"3 Byrds","floor":19,"turns":5},{"damage":5,"enemies":"downfall:FleeingMerchant","floor":22,"turns":4},{"damage":24,"enemies":"Spheric Guardian","floor":25,"turns":7},{"damage":14,"enemies":"Snecko","floor":30,"turns":6},{"damage":20,"enemies":"Snake Plant","floor":31,"turns":5},{"damage":6,"enemies":"Cultist and Chosen","floor":32,"turns":5},{"damage":62,"enemies":"downfall:Defect","floor":33,"turns":12},{"damage":13,"enemies":"Orb Walker","floor":36,"turns":5},{"damage":11,"enemies":"3 Shapes","floor":37,"turns":5},{"damage":0,"enemies":"downfall:FleeingMerchant","floor":39,"turns":4},{"damage":2,"enemies":"Maw","floor":42,"turns":7},{"damage":0,"enemies":"downfall:FleeingMerchant","floor":44,"turns":4},{"damage":47,"enemies":"2 Orb Walkers","floor":46,"turns":6},{"damage":0,"enemies":"4 Shapes","floor":49,"turns":4},{"damage":101,"enemies":"downfall:Silent","floor":50,"turns":5}],"seed_played":"466984195929324620","potions_obtained":[{"floor":5,"key":"Weak Potion"},{"floor":6,"key":"Block Potion"},{"floor":11,"key":"GamblersBrew"},{"floor":12,"key":"LiquidMemories"},{"floor":15,"key":"Dexterity Potion"},{"floor":16,"key":"SpeedPotion"},{"floor":19,"key":"hexamod:DoubleChargePotion"},{"floor":30,"key":"CultistPotion"},{"floor":37,"key":"FearPotion"},{"floor":37,"key":"Block Potion"},{"floor":39,"key":"construct:ShiftPotion"},{"floor":49,"key":"SmokeBomb"}],"is_trial":false,"path_per_floor":["R","M","M","M","?","M","T","M","?","R","M","E","M","$","M","B",null,"R","M","?","?","$","R","T","M","?","?","T","R","M","M","M","B",null,"R","M","M","?","$","?","T","M","R","$","R","?","R","?","M","B"],"character_chosen":"THE_SPIRIT","items_purchased":["expansioncontent:DecasProtection","Mayhem","Frozen Egg 2","Oddly Smooth Stone","Membership Card","hexamod:ThirdSeal"],"campfire_rested":3,"item_purchase_floors":[14,14,22,22,39,44],"current_hp_per_floor":[70,70,70,70,27,17,17,7,7,43,43,35,34,34,29,22,70,70,56,49,49,51,51,51,34,57,57,57,70,63,50,51,15,70,70,57,46,46,80,80,80,78,78,78,78,31,70,70,70,0,0,0],"gold":70,"neow_bonus":"THREE_ENEMY_KILL","is_daily":false,"chose_seed":false,"campfire_upgraded":6,"win_rate":0.0,"timestamp":1609880749,"path_taken":["R","M","M","M","?","M","T","M","?","R","M","E","M","$","M","BOSS","R","M","?","?","$","R","T","?","?","?","?","R","M","M","M","BOSS","R","M","?","?","$","?","T","M","R","$","R","?","R","?","M","BOSS"],"items_purchased_type":["Card","Card","Relic","Relic","Relic","Card"],"build_version":"2020-12-22","purchased_purges":0,"victory":false,"max_hp_per_floor":[70,70,70,70,70,70,70,70,70,70,70,70,70,70,70,70,70,70,70,70,70,70,70,70,70,70,70,70,70,70,70,70,70,70,70,70,70,70,80,80,80,80,80,80,80,80,80,80,80,80,80,80],"relic_stats":{"Regal Pillow":30,"counters":[27,133],"Pantograph":29,"Turnip":[12],"obtain_stats":[{"construct:BoolHorns":46,"Regal Pillow":7,"Oddly Smooth Stone":22,"Vajra":28,"hexamod:TheBrokenSeal":39,"downfall:HeartsMalice":0,"The Courier":17,"Frozen Egg 2":22,"Calling Bell":17,"Anchor":17,"HornCleat":41,"Pantograph":24,"Turnip":5,"WingedGreaves":17,"hubris:GrandSneckoEye":34,"Membership Card":39,"hexamod:SpiritBrand":0,"hubris:Reverence":12},{"construct:BoolHorns":25,"Regal Pillow":5,"Oddly Smooth Stone":14,"Vajra":15,"hexamod:TheBrokenSeal":22,"downfall:HeartsMalice":0,"The Courier":12,"Frozen Egg 2":14,"Calling Bell":12,"Anchor":12,"HornCleat":22,"Pantograph":14,"Turnip":4,"WingedGreaves":12,"hubris:GrandSneckoEye":19,"Membership Card":22,"hexamod:SpiritBrand":0,"hubris:Reverence":8},{"construct:BoolHorns":125,"Regal Pillow":11,"Oddly Smooth Stone":59,"Vajra":66,"hexamod:TheBrokenSeal":108,"downfall:HeartsMalice":0,"The Courier":50,"Frozen Egg 2":59,"Calling Bell":50,"Anchor":50,"HornCleat":108,"Pantograph":59,"Turnip":7,"WingedGreaves":50,"hubris:GrandSneckoEye":94,"Membership Card":108,"hexamod:SpiritBrand":0,"hubris:Reverence":28}]},"card_choices":[{"not_picked":["hexamod:FastForward","hexamod:PhantomCloak"],"picked":"hexamod:RadiantFlame","floor":2},{"not_picked":["hexamod:Firestarter","hexamod:ShieldOfDarkness"],"picked":"hexamod:ThirdSeal","floor":3},{"not_picked":["hexamod:GhostLash","hexamod:NightmareStrike"],"picked":"hexamod:SpectersWail","floor":4},{"not_picked":["hexamod:GhostLash","hexamod:HauntingEcho"],"picked":"hexamod:SpectersWail","floor":5},{"not_picked":["hexamod:InspiringFlames","hexamod:SoulSteal"],"picked":"hexamod:PhantomCloak","floor":6},{"not_picked":["hexamod:SwordOfDarkness","hexamod:Again"],"picked":"hexamod:EmpoweredFlame","floor":6},{"not_picked":["hexamod:NightmareGuise","hexamod:NecessarySacrifice"],"picked":"hexamod:Hexaguard","floor":8},{"not_picked":["hexamod:AdvancingGuard","hexamod:PhantomFireball"],"picked":"hexamod:Hexaguard","floor":11},{"not_picked":["hexamod:BurningTouch","hexamod:ParanormalForm"],"picked":"hexamod:SpectersWail","floor":12},{"not_picked":["hexamod:RainOfEmbers","hexamod:HeatShield"],"picked":"hexamod:Hexaguard","floor":13},{"not_picked":["hexamod:AdvancingGuard","hexamod:PhantomFireball","hexamod:ThermalTransfer"],"picked":"SKIP","floor":13},{"not_picked":["hexamod:HeatCrush","hexamod:GhostOfSpirePast","hexamod:Again"],"picked":"SKIP","floor":14},{"not_picked":["hexamod:Firestarter","hexamod:RainOfEmbers"],"picked":"hexamod:GhostOfSpireFuture","floor":15},{"not_picked":["hexamod:Haunt","hexamod:RainOfEmbers","hexamod:SwordOfDarkness"],"picked":"SKIP","floor":15},{"not_picked":["hexamod:VolcanoVisage","hexamod:EmpoweringStance"],"picked":"hexamod:SixthSeal","floor":16},{"not_picked":["hexamod:SearingWound","hexamod:EmpoweringStance"],"picked":"hexamod:GhostflameInferno","floor":16},{"not_picked":["hexamod:ThermalTransfer","hexamod:InspiringFlames"],"picked":"hexamod:RadiantFlame","floor":19},{"not_picked":["hexamod:HauntingEcho","hexamod:RainOfEmbers"],"picked":"hexamod:SixthSeal","floor":19},{"not_picked":["hexamod:BurningTouch","hexamod:NightmareGuise+1","hexamod:Firestarter"],"picked":"SKIP","floor":22},{"not_picked":["hexamod:Firestarter","hexamod:RetreatToShadows"],"picked":"hexamod:ExtraCrispy+1","floor":25},{"not_picked":["hexamod:ThermalTransfer","hexamod:BurningTouch"],"picked":"hexamod:FastForward","floor":25},{"not_picked":["hexamod:HauntingEcho","hexamod:PhantomFireball+1"],"picked":"hexamod:Hexaguard","floor":30},{"not_picked":["hexamod:GhostOfSpirePast+1","hexamod:WildfireWeapon+1"],"picked":"hexamod:SoulSteal","floor":30},{"not_picked":["hexamod:RecurringNightmare","hexamod:PhantomCloak+1"],"picked":"hexamod:GhostOfSpirePresent+1","floor":31},{"not_picked":["hexamod:GhostLash","hexamod:Again"],"picked":"hexamod:Hexaguard","floor":31},{"not_picked":["hexamod:GhostShield+1","hexamod:DynamicBlow+1"],"picked":"hexamod:GhostOfSpirePresent+1","floor":32},{"not_picked":["hexamod:EtherealExpedition","hexamod:HeatShield+1","hexamod:GhostShield"],"picked":"SKIP","floor":32},{"not_picked":["hexamod:SixthSeal","hexamod:CrushingStance"],"picked":"hexamod:FifthSeal","floor":33},{"not_picked":["hexamod:TurnItUp","hexamod:UnleashSpirits"],"picked":"hexamod:EmpoweringStance+1","floor":33},{"not_picked":["hexamod:ThirdSeal","hexamod:SecondSeal"],"picked":"hexamod:FourthSeal","floor":36},{"not_picked":["hexamod:Haunt","hexamod:DynamicBlow"],"picked":"hexamod:GhostOfSpirePresent+1","floor":36},{"not_picked":["hexamod:ThermalTransfer","hexamod:Firestarter"],"picked":"hexamod:PhantomFireball","floor":37},{"not_picked":["hexamod:Incineration","hexamod:SkipABeat"],"picked":"hexamod:HeatCrush","floor":37},{"not_picked":["expansioncontent:SlimeTackle","expansioncontent:Flail"],"picked":"expansioncontent:DefensiveStance+1","floor":38},{"not_picked":["hexamod:SpectersWail","hexamod:GhostLash"],"picked":"hexamod:RadiantFlame+1","floor":39},{"not_picked":["hexamod:AdvancingGuard+1","hexamod:BacktrackSmack"],"picked":"hexamod:NightmareGuise","floor":42},{"not_picked":["hexamod:GhostOfSpirePast+1","hexamod:RainOfEmbers+1"],"picked":"hexamod:GhostOfSpireFuture+1","floor":44},{"not_picked":["hexamod:ThermalTransfer+1","hexamod:FastForward"],"picked":"hexamod:Rewind+1","floor":46},{"not_picked":["hexamod:SwordOfDarkness","hexamod:ShieldOfDarkness+1"],"picked":"hexamod:Firestarter","floor":49},{"not_picked":["hexamod:NightmareGuise+1","hexamod:FirstSeal"],"picked":"hexamod:Firestarter+1","floor":49}],"player_experience":699772,"relics_obtained":[{"floor":5,"key":"Turnip"},{"floor":7,"key":"Regal Pillow"},{"floor":12,"key":"hubris:Reverence"},{"floor":17,"key":"Anchor"},{"floor":17,"key":"The Courier"},{"floor":17,"key":"WingedGreaves"},{"floor":24,"key":"Pantograph"},{"floor":28,"key":"Vajra"},{"floor":41,"key":"HornCleat"},{"floor":46,"key":"construct:BoolHorns"}],"event_choices":[{"damage_healed":23,"gold_gain":0,"player_choice":"Heal","damage_taken":0,"max_hp_gain":0,"max_hp_loss":0,"event_name":"The Library","floor":26,"gold_loss":0},{"damage_healed":0,"gold_gain":0,"player_choice":"Fight","damage_taken":0,"max_hp_gain":0,"max_hp_loss":0,"event_name":"Mysterious Sphere","floor":46,"gold_loss":0}],"is_beta":false,"boss_relics":[{"not_picked":["Runic Dome","SlaversCollar"],"picked":"Calling Bell"},{"not_picked":["Velvet Choker","Runic Pyramid"],"picked":"hubris:GrandSneckoEye"}],"items_purged_floors":[],"is_endless":false,"potions_floor_spawned":[5,6,11,12,15,16,19,30,37,49],"killed_by":"downfall:Silent","ascension_level":0}}