{"host":"ikjt6v4q6zrcj3if","time":1609845773,"event":{"mods":["BaseMod","CapriCore","Colored Map","Downfall","Luminous","Minty Spire (QoL Compilation)","Permanent Neow","Quick Restart","Replay The Spire","Robot Space Explorer","Somnambulant","Spicy Shops","StSLib","SuperFastMode","The Exalted","The Marked","The Runesmith","TheSwordswoman","WarShipGirlsR/??è≠èóR mod"],"gold_per_floor":[116,41,41,54,54,54,54,67,67,67,67,96,112,122,122,218,218,228,117,134,59,69,104,104,116,143,143,143,174,174,190,190,294,294,294],"floor_reached":34,"playtime":4234,"items_purged":["Runesmith:Strike_RS"],"score":440,"play_id":"c6b5fe67-f72d-40de-9846-b766c1516ac5","local_time":"20210105202253","is_ascension_mode":false,"campfire_choices":[{"data":"Runesmith:MetallurgicalResearch","floor":6.0,"key":"SMITH"},{"data":"Runesmith:Augment","floor":10.0,"key":"SMITH"},{"data":"Runesmith:CreatorForm","floor":15.0,"key":"SMITH"},{"data":"Runesmith:CraftVitae","floor":24,"key":"SMITH"},{"data":"Runesmith:CreatorForm","floor":28,"key":"SMITH"},{"data":"Runesmith:Firestorm","floor":30,"key":"SMITH"},{"data":"Runesmith:ChaoticBlast","floor":32,"key":"SMITH"}],"circlet_count":0,"master_deck":["Runesmith:Strike_RS","Runesmith:Fortify","Runesmith:MetallurgicalResearch+1","Runesmith:Augment+1","Runesmith:CreatorForm+1","Runesmith:Firewall","Runesmith:DuctTape","Runesmith:CraftVitae+1","Runesmith:CreatorForm+1","Runesmith:Firestorm+1","Runesmith:ChaoticBlast+1"],"relics":["Runesmith:BrokenRuby","Replay:PocketPolymizer","Singing Bowl","Bromod:ArcaneFury","SlaversCollar","Bromod:ArcaneMomentum","Nunchaku","Replay:Towering Pillar of Hats","Kintsugi"],"acts_visited":["Exordium","TheCity"],"potions_floor_usage":[20,29,29,31],"damage_taken":[{"damage":0.0,"enemies":"Jaw Worm","floor":1.0,"turns":4.0},{"damage":0.0,"enemies":"Small Slimes","floor":4.0,"turns":4.0},{"damage":0.0,"enemies":"Cultist","floor":8.0,"turns":3.0},{"damage":10.0,"enemies":"3 Sentries","floor":12.0,"turns":10.0},{"damage":0.0,"enemies":"Exordium Wildlife","floor":13.0,"turns":6.0},{"damage":0.0,"enemies":"Large Slime","floor":14.0,"turns":6.0},{"damage":0,"enemies":"Fading Forest","floor":16,"turns":11},{"damage":0,"enemies":"Chosen","floor":18,"turns":8},{"damage":2,"enemies":"2 Thieves","floor":20,"turns":4},{"damage":7,"enemies":"Chosen and Byrds","floor":22,"turns":7},{"damage":3,"enemies":"Replay:Snechameleon","floor":23,"turns":6},{"damage":0,"enemies":"Snecko","floor":25,"turns":5},{"damage":25,"enemies":"Slavers","floor":29,"turns":7},{"damage":23,"enemies":"Cultist and Chosen","floor":31,"turns":8},{"damage":12,"enemies":"Pondfish","floor":33,"turns":10}],"seed_played":"-8564920106601971369","potions_obtained":[{"floor":1.0,"key":"SkillPotion"},{"floor":4.0,"key":"AttackPotion"},{"floor":8.0,"key":"Flashbang"},{"floor":20,"key":"Fire Potion"},{"floor":33,"key":"DistilledChaos"}],"is_trial":false,"path_per_floor":["M","$","?","M","?","R","?","M","T","R","T","E","M","M","R","B",null,"M","$","M","?","M","E","R","M","T","?","R","E","R","M","R","B",null],"character_chosen":"RUNESMITH_CLASS","items_purchased":["Runesmith:CraftSpiculum"],"campfire_rested":0,"item_purchase_floors":[19],"current_hp_per_floor":[63,63,68,68,68,68,68,68,68,68,68,58,58,60,60,60,70,72,72,72,72,67,64,64,66,66,66,66,41,41,20,20,10,10,10],"gold":294,"neow_bonus":"THREE_RARE_CARDS","is_daily":false,"chose_seed":false,"campfire_upgraded":7,"win_rate":0.0,"timestamp":1609845773,"path_taken":["M","$","?","M","?","R","?","?","T","R","?","E","M","M","R","BOSS","M","$","M","?","M","E","R","M","T","?","R","E","R","M","R","BOSS"],"items_purchased_type":["Card"],"build_version":"2020-12-22","purchased_purges":1,"victory":false,"max_hp_per_floor":[63,63,68,68,68,68,68,68,68,68,68,68,68,70,70,70,70,72,72,74,74,76,76,76,78,78,78,78,78,78,80,80,82,82,82],"card_choices":[{"not_picked":["Runesmith:LastStand","Runesmith:ReplicatingBarrier"],"picked":"Runesmith:MetallurgicalResearch","floor":0.0},{"not_picked":["Runesmith:Overpower","Runesmith:StaticCage"],"picked":"Runesmith:Refine","floor":1.0},{"not_picked":["Runesmith:HeatExchange","Runesmith:Overpower"],"picked":"Runesmith:GoWithTheFlow","floor":4.0},{"not_picked":["Runesmith:Terraform","Runesmith:Repurpose"],"picked":"Runesmith:Augment","floor":8.0},{"not_picked":["Runesmith:EnergizedChisel","Runesmith:EarthShield"],"picked":"Runesmith:CreatorForm","floor":12.0},{"not_picked":["Runesmith:Reinforce","Runesmith:RuneHurl"],"picked":"Runesmith:Firewall","floor":13.0},{"not_picked":["Runesmith:ShiftingStrike","Runesmith:Attraction","Runesmith:MakeshiftArmor"],"picked":"Singing Bowl","floor":14.0},{"not_picked":["Runesmith:CraftPrismatica","Runesmith:GrandSlam"],"picked":"Runesmith:DuctTape","floor":16},{"not_picked":["Runesmith:UnstableHammer+1","Runesmith:ShiftingStrike+1","Runesmith:Augment+1"],"picked":"Singing Bowl","floor":18},{"not_picked":["Runesmith:CraftReservo+1","Runesmith:EarthShield","Runesmith:Empowerment"],"picked":"Singing Bowl","floor":20},{"not_picked":["Runesmith:Discharge","Runesmith:HeatExchange","Runesmith:ChiselStab+1"],"picked":"Singing Bowl","floor":22},{"not_picked":["Runesmith:FieryHammer","Runesmith:LithiumIon"],"picked":"Runesmith:CraftVitae","floor":23},{"not_picked":["Runesmith:CraftReservo","Runesmith:HeatedChisel","Runesmith:Augment"],"picked":"Singing Bowl","floor":25},{"not_picked":["Runesmith:HammerThrow","Runesmith:ShiftingStrike"],"picked":"Runesmith:Firestorm","floor":29},{"not_picked":["Runesmith:Electrocute","Runesmith:CraftVitae","Runesmith:ShiftingStrike"],"picked":"Singing Bowl","floor":31},{"not_picked":["Runesmith:Duplicate","Runesmith:ReplicatingBarrier","Runesmith:ArcReactor"],"picked":"Singing Bowl","floor":33}],"player_experience":344143,"relics_obtained":[{"floor":9.0,"key":"Replay:PocketPolymizer"},{"floor":11.0,"key":"Singing Bowl"},{"floor":12.0,"key":"Bromod:ArcaneFury"},{"floor":23,"key":"Bromod:ArcaneMomentum"},{"floor":26,"key":"Nunchaku"},{"floor":29,"key":"Replay:Towering Pillar of Hats"}],"event_choices":[{"damage_healed":0.0,"max_hp_gain":5.0,"max_hp_loss":0.0,"gold_gain":0.0,"event_name":"Big Fish","player_choice":"Donut","floor":3.0,"gold_loss":0.0,"damage_taken":0.0},{"cards_removed":["Runesmith:Defend_RS"],"damage_healed":0.0,"max_hp_gain":0.0,"max_hp_loss":0.0,"gold_gain":0.0,"event_name":"Purifier","player_choice":"Purged","floor":7.0,"gold_loss":0.0,"damage_taken":0.0},{"cards_removed":["Runesmith:Defend_RS"],"damage_healed":0,"gold_gain":0,"player_choice":"Gave Gold","damage_taken":0,"max_hp_gain":0,"max_hp_loss":0,"event_name":"Beggar","floor":21,"gold_loss":75},{"damage_healed":0,"gold_gain":0,"player_choice":"Bought 0 Potions","damage_taken":0,"max_hp_gain":0,"max_hp_loss":0,"event_name":"The Woman in Blue","floor":27,"gold_loss":0}],"is_beta":false,"boss_relics":[{"not_picked":["Runic Dome","Replay:Wanted Poster"],"picked":"SlaversCollar"},{"not_picked":["Pandora\u0027s Box","SacredBark"],"picked":"Kintsugi"}],"items_purged_floors":[2],"is_endless":false,"potions_floor_spawned":[1,4,8,12,20,25,33],"ascension_level":0}}