{"host":"9w1j3v3kvq5208ps","time":1609846347,"event":{"mods":["2.2 Compatiblity","BaseMod","CapriCore","Colored Map","DeckTracker","Highlight Path","Keyboard Shortcuts","Minty Spire (QoL Compilation)","Permanent Neow","Quick Restart","StSLib","SuperFastMode","The Immortal","everything is the same but u backflip on backflip"],"gold_per_floor":[109,119,129,148,160,160,160,160,160,175,0,0,14,27,27,124,124,140,140,40,40,40,40,0,0,82,100,118,128,90,90,90],"floor_reached":31,"playtime":1770,"items_purged":["Strike_R","Defend_R"],"score":254,"play_id":"6ade9009-aef2-49f6-83cc-a8d2016d1f9c","local_time":"20210105203227","is_ascension_mode":true,"campfire_choices":[{"data":"Bloodletting","floor":6,"key":"SMITH"},{"data":"Bash","floor":8,"key":"SMITH"},{"floor":15,"key":"REST"},{"data":"Body Slam","floor":23,"key":"SMITH"}],"circlet_count":0,"master_deck":["Strike_R","Defend_R","Defend_R","Defend_R","Bash+1","Feel No Pain","Burning Pact","Shrug It Off","Bloodletting+1","Shrug It Off","Body Slam+1","Fire Breathing","Pommel Strike","Hemokinesis","Disarm","Offering","Warcry+1","Evolve","Clothesline","Clash+1","Armaments","Dark Embrace"],"relics":["Burning Blood","Kunai","Empty Cage","Eternal Feather"],"acts_visited":["Exordium","TheCity"],"potions_floor_usage":[5,7,18,29,31],"damage_taken":[{"damage":6,"enemies":"Cultist","floor":1,"turns":3},{"damage":13,"enemies":"Jaw Worm","floor":2,"turns":5},{"damage":11,"enemies":"Small Slimes","floor":3,"turns":4},{"damage":16,"enemies":"3 Louse","floor":4,"turns":5},{"damage":4,"enemies":"Looter","floor":5,"turns":3},{"damage":0,"enemies":"Exordium Thugs","floor":7,"turns":1},{"damage":16,"enemies":"Lots of Slimes","floor":10,"turns":9},{"damage":12,"enemies":"Gremlin Gang","floor":13,"turns":6},{"damage":9,"enemies":"Exordium Wildlife","floor":14,"turns":3},{"damage":61,"enemies":"Hexaghost","floor":16,"turns":14},{"damage":28,"enemies":"Chosen","floor":18,"turns":5},{"damage":14,"enemies":"Shell Parasite","floor":27,"turns":5},{"damage":18,"enemies":"Cultist and Chosen","floor":28,"turns":7},{"damage":12,"enemies":"Shelled Parasite and Fungi","floor":29,"turns":6},{"damage":0,"enemies":"Snecko","floor":31,"turns":2}],"seed_played":"-6541934569937579548","potions_obtained":[{"floor":1,"key":"SmokeBomb"},{"floor":3,"key":"SteroidPotion"},{"floor":14,"key":"BlessingOfTheForge"},{"floor":16,"key":"PowerPotion"},{"floor":28,"key":"SteroidPotion"},{"floor":29,"key":"PowerPotion"}],"is_trial":false,"path_per_floor":["M","M","M","M","M","R","M","R","T","M","$","?","M","M","R","B",null,"M","?","$","?","?","R","?","$","T","M","M","M","$","M"],"character_chosen":"IRONCLAD","items_purchased":["Fire Breathing","Pommel Strike","Dark Embrace"],"campfire_rested":1,"item_purchase_floors":[11,11,30],"current_hp_per_floor":[80,73,68,58,60,60,66,66,66,56,56,56,50,47,71,16,80,58,58,58,58,43,43,43,43,43,35,23,17,17,17,17],"gold":90,"neow_bonus":"THREE_CARDS","is_daily":false,"chose_seed":false,"campfire_upgraded":3,"win_rate":0.0,"timestamp":1609846347,"path_taken":["M","M","M","M","M","R","M","R","T","M","$","?","M","?","R","BOSS","M","?","$","?","?","R","?","?","T","M","M","?","$","M"],"items_purchased_type":["Card","Card","Card"],"build_version":"2020-12-22","purchased_purges":2,"victory":false,"max_hp_per_floor":[80,80,80,80,80,80,80,80,80,80,80,80,80,80,80,80,80,80,80,80,80,85,85,85,85,85,85,85,85,85,85,85],"card_choices":[{"not_picked":["Clash","Rupture"],"picked":"Feel No Pain","floor":0},{"not_picked":["Feel No Pain","Flame Barrier","Twin Strike"],"picked":"SKIP","floor":1},{"not_picked":["Heavy Blade","Havoc"],"picked":"Burning Pact","floor":2},{"not_picked":["Cleave","Infernal Blade"],"picked":"Shrug It Off","floor":3},{"not_picked":["Iron Wave","Thunderclap"],"picked":"Bloodletting","floor":4},{"not_picked":["Perfected Strike","Combust"],"picked":"Shrug It Off","floor":5},{"not_picked":["Iron Wave","Clash"],"picked":"Body Slam","floor":10},{"not_picked":["Rupture","Double Tap","Perfected Strike"],"picked":"SKIP","floor":13},{"not_picked":["Shrug It Off","True Grit"],"picked":"Disarm","floor":14},{"not_picked":["Reaper","Barricade"],"picked":"Offering","floor":16},{"not_picked":["Inflame","Anger"],"picked":"Warcry+1","floor":18},{"not_picked":["Twin Strike+1","Dual Wield"],"picked":"Clothesline","floor":27},{"not_picked":["Body Slam","Thunderclap"],"picked":"Clash+1","floor":28},{"not_picked":["Body Slam","Feel No Pain+1"],"picked":"Armaments","floor":29}],"player_experience":208357,"relics_obtained":[{"floor":9,"key":"Kunai"},{"floor":26,"key":"Eternal Feather"}],"event_choices":[{"damage_healed":0,"gold_gain":0,"player_choice":"1 cards matched","damage_taken":0,"max_hp_gain":0,"max_hp_loss":0,"event_name":"Match and Keep!","floor":12,"gold_loss":0,"cards_obtained":["Hemokinesis"]},{"cards_removed":["Strike_R"],"damage_healed":0,"gold_gain":0,"player_choice":"Elegance","damage_taken":0,"max_hp_gain":0,"max_hp_loss":0,"event_name":"Back to Basics","floor":19,"gold_loss":0},{"damage_healed":0,"gold_gain":0,"player_choice":"Read","damage_taken":0,"max_hp_gain":0,"max_hp_loss":0,"event_name":"The Library","floor":21,"gold_loss":0,"cards_obtained":["Evolve"]},{"damage_healed":0,"gold_gain":0,"player_choice":"Shed Blood","damage_taken":20,"max_hp_gain":5,"max_hp_loss":0,"event_name":"Forgotten Altar","floor":22,"gold_loss":0},{"damage_healed":0,"gold_gain":0,"player_choice":"Paid Fearfully","damage_taken":0,"max_hp_gain":0,"max_hp_loss":0,"event_name":"Masked Bandits","floor":24,"gold_loss":40}],"is_beta":false,"boss_relics":[{"not_picked":["SlaversCollar","Snecko Eye"],"picked":"Empty Cage"}],"items_purged_floors":[11,20],"is_endless":false,"potions_floor_spawned":[1,3,14,16,28,29],"killed_by":"Snecko","ascension_level":2}}