{"host":"8g198xe1n7br41jb","time":1609847649,"event":{"mods":["BaseMod","Downfall","Minty Spire (QoL Compilation)","StSLib","SuperFastMode"],"gold_per_floor":[99,109,20,20,170,170,243,260,185,214,227,241,255,255,266,362,362,362,372,383,400,400,420,420,430,430,430,2,20,20,34,51,155,155,80,95,106,122,134,186,186,186,198,198,232,244,244,302,321,321],"floor_reached":51,"playtime":3086,"items_purged":["Slimebound:Icky","Guardian:Strike_Guardian"],"score":776,"play_id":"bd00d657-d121-48fb-9ebf-c62baa47b56f","local_time":"20210105125409","is_ascension_mode":true,"campfire_choices":[{"data":"expansioncontent:HyperBeam","floor":1.0,"key":"SMITH"},{"floor":6.0,"key":"RECALL"},{"data":"Guardian:PrismaticBeam","floor":9.0,"key":"SMITH"},{"data":"Guardian:CurlUp","floor":18.0,"key":"SMITH"},{"floor":30.0,"key":"REST"},{"data":"Guardian:BaubleBeam","floor":35.0,"key":"SMITH"},{"floor":42.0,"key":"REST"},{"floor":44.0,"key":"REST"},{"floor":47,"key":"REST"}],"circlet_count":0,"master_deck":["Guardian:Strike_Guardian","Guardian:Strike_Guardian","Guardian:Strike_Guardian+1","Guardian:Defend_Guardian","Guardian:Defend_Guardian","Guardian:Defend_Guardian","Guardian:Defend_Guardian","Guardian:CurlUp+1","Guardian:TwinSlam","expansioncontent:HyperBeam+1","Guardian:PrimingBeam+1","Guardian:GemFinder","Guardian:PrismaticBeam+1","Guardian:PrimingBeam+1","Guardian:VentSteam+1","Guardian:CrystalBeam+1","Guardian:PrimingBeam+1","Guardian:BaubleBeam+1","Guardian:Suspension+1","Guardian:StasisField+1","Guardian:AncientConstruct","Guardian:PrismaticBarrier+1","Guardian:Planning+1"],"relics":["Guardian:ModeShifter","downfall:HeartBlessingRed","Toxic Egg 2","Velvet Choker","downfall:RedIOU","MutagenicStrength","Membership Card","Ancient Tea Set","Busted Crown","downfall:HeartBlessingBlue","Turnip","Whetstone","Potion Belt","Mercury Hourglass","HandDrill"],"acts_visited":["Exordium","TheCity","TheBeyond"],"potions_floor_usage":[45,50,50],"damage_taken":[{"damage":1.0,"enemies":"Jaw Worm","floor":2.0,"turns":2.0},{"damage":0.0,"enemies":"downfall:FleeingMerchant","floor":3.0,"turns":4.0},{"damage":0.0,"enemies":"Small Slimes","floor":8.0,"turns":3.0},{"damage":36.0,"enemies":"Lagavulin","floor":10.0,"turns":6.0},{"damage":2.0,"enemies":"2 Louse","floor":11.0,"turns":2.0},{"damage":12.0,"enemies":"Exordium Wildlife","floor":12.0,"turns":3.0},{"damage":5.0,"enemies":"Blue Slaver","floor":13.0,"turns":3.0},{"damage":1.0,"enemies":"3 Louse","floor":15.0,"turns":2.0},{"damage":10.0,"enemies":"downfall:Watcher","floor":16.0,"turns":7.0},{"damage":0.0,"enemies":"Spheric Guardian","floor":19.0,"turns":3.0},{"damage":5.0,"enemies":"Chosen and Byrds","floor":20.0,"turns":3.0},{"damage":7.0,"enemies":"Snecko","floor":21.0,"turns":3.0},{"damage":9.0,"enemies":"Centurion and Healer","floor":23.0,"turns":5.0},{"damage":4.0,"enemies":"Cultist and Chosen","floor":25.0,"turns":4.0},{"damage":2.0,"enemies":"downfall:FleeingMerchant","floor":28.0,"turns":4.0},{"damage":11.0,"enemies":"Snecko","floor":29.0,"turns":3.0},{"damage":0.0,"enemies":"Chosen and Byrds","floor":31.0,"turns":3.0},{"damage":0.0,"enemies":"Snake Plant","floor":32.0,"turns":2.0},{"damage":22.0,"enemies":"downfall:Ironclad","floor":33.0,"turns":6.0},{"damage":11.0,"enemies":"Orb Walker","floor":36.0,"turns":2.0},{"damage":6.0,"enemies":"3 Shapes","floor":37.0,"turns":2.0},{"damage":20.0,"enemies":"Transient","floor":38.0,"turns":5.0},{"damage":5.0,"enemies":"Spire Growth","floor":39.0,"turns":3.0},{"damage":26.0,"enemies":"2 Orb Walkers","floor":40.0,"turns":4.0},{"damage":0.0,"enemies":"Sphere and 2 Shapes","floor":43.0,"turns":1.0},{"damage":25,"enemies":"Giant Head","floor":45,"turns":6},{"damage":6,"enemies":"3 Darklings","floor":46,"turns":4},{"damage":0,"enemies":"downfall:FleeingMerchant","floor":48,"turns":4},{"damage":20,"enemies":"Maw","floor":49,"turns":5},{"damage":29,"enemies":"downfall:Silent","floor":50,"turns":5}],"seed_played":"-7407873923883970848","potions_obtained":[{"floor":10.0,"key":"PowerPotion"},{"floor":11.0,"key":"SpeedPotion"},{"floor":12.0,"key":"CultistPotion"},{"floor":21.0,"key":"champ:CounterPotion"},{"floor":23.0,"key":"Dexterity Potion"},{"floor":25.0,"key":"champ:CounterPotion"},{"floor":31.0,"key":"PowerPotion"},{"floor":33.0,"key":"Ancient Potion"},{"floor":37.0,"key":"DuplicationPotion"},{"floor":43.0,"key":"sneckomod:MuddlingPotion"},{"floor":45,"key":"SneckoOil"},{"floor":46,"key":"Strength Potion"},{"floor":49,"key":"Fire Potion"}],"is_trial":false,"path_per_floor":["R","M","$","?","?","R","T","M","R","E","M","M","M","?","M","B",null,"R","M","M","M","?","M","T","M","?","?","$","M","R","M","M","B",null,"R","M","M","M","M","?","T","R","M","R","E","M","R","$","M","B",null],"character_chosen":"GUARDIAN","items_purchased":["Guardian:PrismaticBeam","Membership Card","Guardian:StasisField+1","Guardian:AncientConstruct","Ancient Tea Set","Mercury Hourglass","HandDrill","Energy Potion"],"campfire_rested":4,"item_purchase_floors":[3,28,28,28,28,48,48,48],"current_hp_per_floor":[80,79,79,84,84,84,84,84,84,48,46,34,29,29,28,18,85,85,85,80,73,73,64,64,60,60,60,58,47,72,72,72,50,85,95,84,78,58,53,27,27,55,55,83,58,52,80,80,60,31],"gold":321,"neow_bonus":"RANDOM_COLORLESS","is_daily":false,"chose_seed":false,"campfire_upgraded":4,"win_rate":0.0,"timestamp":1609847649,"path_taken":["R","M","$","?","?","R","T","M","R","E","M","M","M","?","M","BOSS","R","M","M","M","?","M","T","M","?","?","$","M","R","?","M","BOSS","R","M","M","M","M","?","T","R","M","R","E","M","R","$","M","BOSS"],"items_purchased_type":["Card","Relic","Card","Card","Relic","Relic","Relic","Potion"],"build_version":"2020-12-22","purchased_purges":2,"victory":true,"max_hp_per_floor":[80,80,80,85,85,85,85,85,85,85,85,85,85,85,85,85,85,85,85,85,85,85,85,85,85,85,85,85,85,85,85,85,85,85,95,95,95,95,95,95,95,95,95,95,95,95,95,95,95,95],"card_choices":[{"not_picked":["Impatience","PanicButton"],"picked":"expansioncontent:HyperBeam","floor":0.0},{"not_picked":["Guardian:TemporalShield","Guardian:Gem_Lightblue"],"picked":"Guardian:PrimingBeam","floor":2.0},{"not_picked":["Guardian:Gem_Purple","Guardian:ChargeCore"],"picked":"Guardian:GemFinder","floor":3.0},{"not_picked":["Guardian:Gem_Red","Guardian:Gem_Green"],"picked":"Guardian:Gem_Cyan","floor":8.0},{"not_picked":["Guardian:WalkerClaw+1","Guardian:Planning","Guardian:RollAttack+1"],"picked":"SKIP","floor":8.0},{"not_picked":["Guardian:Gem_Lightblue","Guardian:Gem_Green"],"picked":"Guardian:Gem_Cyan","floor":10.0},{"not_picked":["Guardian:SphericShield+1","Guardian:Gem_Red"],"picked":"Guardian:Gem_Crimson","floor":10.0},{"not_picked":["Guardian:Gem_Lightblue","Guardian:Recover+1"],"picked":"Guardian:PrimingBeam+1","floor":11.0},{"not_picked":["Guardian:Gem_Cyan","Guardian:Gem_Green"],"picked":"Guardian:Gem_Red","floor":12.0},{"not_picked":["Guardian:ChargeCore+1","Guardian:Preprogram+1"],"picked":"Guardian:VentSteam+1","floor":12.0},{"not_picked":["Guardian:Gem_Green","Guardian:Gem_Lightblue"],"picked":"Guardian:Gem_Cyan","floor":13.0},{"not_picked":["Guardian:Clone+1","Guardian:VentSteam+1","Guardian:RevengeProtocol"],"picked":"SKIP","floor":13.0},{"not_picked":["Guardian:SpikerProtocol","Guardian:Gem_Red"],"picked":"Guardian:CrystalBeam+1","floor":15.0},{"not_picked":["Guardian:Gem_Lightblue","Guardian:Gem_Cyan"],"picked":"Guardian:Gem_Green","floor":16.0},{"not_picked":["Guardian:FierceBash+1","Guardian:AncientConstruct"],"picked":"Guardian:Gem_Orange","floor":16.0},{"not_picked":["Guardian:WalkerClaw+1","Guardian:Recover+1"],"picked":"Guardian:PrimingBeam+1","floor":19.0},{"not_picked":["Guardian:Gem_Cyan","Guardian:Gem_Lightblue"],"picked":"Guardian:Gem_Green","floor":20.0},{"not_picked":["Guardian:Gem_Cyan","Guardian:PiercingHide+1"],"picked":"Guardian:Gem_Fragmented","floor":20.0},{"not_picked":["Guardian:Preprogram+1","Guardian:Gem_Cyan","Guardian:TemporalShield+1"],"picked":"SKIP","floor":21.0},{"not_picked":["Guardian:Gem_Lightblue","Guardian:Gem_Green"],"picked":"Guardian:Gem_Red","floor":23.0},{"not_picked":["Guardian:SpikerProtocol","Guardian:Harden+1","Guardian:Gem_Cyan"],"picked":"SKIP","floor":23.0},{"not_picked":["Guardian:Incinerate","Guardian:RollAttack+1"],"picked":"Guardian:BaubleBeam","floor":25.0},{"not_picked":["Guardian:Gem_Lightblue","Guardian:Gem_Green"],"picked":"Guardian:Gem_Red","floor":25.0},{"not_picked":["Guardian:Gem_Yellow","Guardian:PiercingHide+1"],"picked":"Guardian:Gem_White","floor":28.0},{"not_picked":["Guardian:ChargeCore+1","Guardian:WalkerClaw","Guardian:Gem_Lightblue"],"picked":"SKIP","floor":29.0},{"not_picked":["Guardian:PiercingHide+1","Guardian:RollAttack+1"],"picked":"Guardian:PrismaticBarrier+1","floor":31.0},{"not_picked":["Guardian:VentSteam+1","Guardian:ChargeCore+1"],"picked":"Guardian:Planning+1","floor":32.0},{"not_picked":["Guardian:Gem_Lightblue","Guardian:Gem_Red"],"picked":"Guardian:Gem_Cyan","floor":33.0},{"not_picked":["Guardian:FierceBash","Guardian:StasisStrike"],"picked":"Guardian:Gem_Synthetic","floor":33.0},{"not_picked":["Guardian:TemporalShield+1"],"picked":"SKIP","floor":36.0},{"not_picked":["Guardian:TemporalStrike"],"picked":"SKIP","floor":37.0},{"not_picked":["Guardian:Gem_Red","Guardian:Gem_Lightblue"],"picked":"Guardian:Gem_Green","floor":38.0},{"not_picked":["Guardian:TimeBomb+1"],"picked":"SKIP","floor":38.0},{"not_picked":["Guardian:VentSteam+1"],"picked":"SKIP","floor":39.0},{"not_picked":["Guardian:MultiBeam+1"],"picked":"SKIP","floor":43.0},{"not_picked":["Guardian:Gem_Lightblue","Guardian:Gem_Red"],"picked":"Guardian:Gem_Cyan","floor":45},{"not_picked":[],"picked":"Guardian:Gem_Synthetic","floor":45},{"not_picked":["Guardian:VentSteam+1"],"picked":"SKIP","floor":46},{"not_picked":["Guardian:TemporalStrike+1"],"picked":"SKIP","floor":48},{"not_picked":["Guardian:Gem_Lightblue"],"picked":"SKIP","floor":49}],"player_experience":1207589,"relics_obtained":[{"floor":7.0,"key":"Molten Egg 2"},{"floor":10.0,"key":"Toxic Egg 2"},{"floor":40.0,"key":"Turnip"},{"floor":41.0,"key":"Whetstone"},{"floor":45,"key":"Potion Belt"}],"event_choices":[{"damage_healed":0.0,"max_hp_gain":5.0,"max_hp_loss":0.0,"gold_gain":0.0,"event_name":"Big Fish","player_choice":"Donut","floor":4.0,"gold_loss":0.0,"damage_taken":0.0},{"damage_healed":0.0,"max_hp_gain":0.0,"max_hp_loss":0.0,"gold_gain":0.0,"event_name":"Scrap Ooze","player_choice":"Fled","floor":14.0,"gold_loss":0.0,"damage_taken":0.0},{"damage_healed":0.0,"max_hp_gain":0.0,"max_hp_loss":0.0,"gold_gain":0.0,"event_name":"The Library","player_choice":"Read","floor":26.0,"gold_loss":0.0,"damage_taken":0.0,"cards_obtained":["Guardian:Suspension"]},{"damage_healed":0.0,"max_hp_gain":0.0,"max_hp_loss":0.0,"gold_gain":0.0,"event_name":"Drug Dealer","player_choice":"Inject Mutagens","floor":27.0,"gold_loss":0.0,"damage_taken":0.0,"relics_obtained":["MutagenicStrength"]},{"damage_healed":0.0,"max_hp_gain":0.0,"max_hp_loss":0.0,"gold_gain":0.0,"event_name":"Mysterious Sphere","player_choice":"Fight","floor":40.0,"gold_loss":0.0,"damage_taken":0.0}],"is_beta":false,"boss_relics":[{"not_picked":["SacredBark","Fusion Hammer"],"picked":"Velvet Choker"},{"not_picked":["Astrolabe","Calling Bell"],"picked":"Busted Crown"}],"items_purged_floors":[28,48],"is_endless":false,"potions_floor_spawned":[10,11,12,21,23,25,31,33,37,43,45,46,49],"ascension_level":2}}