{"host":"5dk97cf2ubw2v967","time":1609854461,"event":{"mods":["AlwaysNeverKeys","BaseMod","Better Altar","Better Vampires","Block Reminder","Colored Powertips","Downfall","Googly Eyes","Highlight Path","Minty Spire (QoL Compilation)","Permanent Neow","Potion Indicator Mod","Quick Restart","Relic Filter","Relic Stats","Say the Spire","Spicy Shops","StSLib","Waifu the Spire","everything is the same but u backflip on backflip"],"gold_per_floor":[99,117,117,135,155,155,155,172,204,204,504,522,548,38,57,57,57,57],"floor_reached":16,"playtime":1164,"items_purged":["Slimebound:Icky"],"score":274,"play_id":"0e188a5a-889d-4a9b-b4bf-24250c730c52","local_time":"20210105134741","is_ascension_mode":true,"campfire_choices":[{"data":"Guardian:TwinSlam","floor":1,"key":"SMITH"},{"floor":6,"key":"REST"},{"data":"Guardian:CurlUp","floor":10,"key":"SMITH"}],"circlet_count":0,"master_deck":["AscendersBane","Guardian:Strike_Guardian","Guardian:Strike_Guardian","Guardian:Strike_Guardian","Guardian:Strike_Guardian","Guardian:Defend_Guardian","Guardian:Defend_Guardian","Guardian:Defend_Guardian","Guardian:Defend_Guardian","Guardian:CurlUp+1","Guardian:TwinSlam+1","Guardian:SphericShield","Guardian:BronzeArmor","Guardian:Gem_Green","Guardian:Gem_Blue","Guardian:Incinerate","Guardian:Gem_Cyan","Guardian:Gem_White","Guardian:Gem_Blue","Guardian:Gem_Purple","Guardian:WalkerClaw","Guardian:DonusPower","Slimebound:Icky","Slimebound:Icky","Guardian:Orbwalk","Guardian:PrismaticBeam","Guardian:Repulse"],"relics":["Guardian:ModeShifter","Guardian:PickAxe","Guardian:SackOfGems","Gremlin Horn","Calipers","Guardian:StasisUpgradeRelic","Sling","Bag of Preparation"],"acts_visited":["Exordium"],"potions_floor_usage":[9,9,15,16],"damage_taken":[{"damage":0,"enemies":"Jaw Worm","floor":2,"turns":5},{"damage":21,"enemies":"Jaw Worm","floor":3,"turns":7},{"damage":0,"enemies":"Cultist","floor":4,"turns":5},{"damage":10,"enemies":"2 Louse","floor":5,"turns":3},{"damage":3,"enemies":"Red Slaver","floor":8,"turns":3},{"damage":0,"enemies":"Lagavulin","floor":9,"turns":7},{"damage":8,"enemies":"Large Slime","floor":12,"turns":7},{"damage":29,"enemies":"3 Sentries","floor":13,"turns":11},{"damage":0,"enemies":"downfall:FleeingMerchant","floor":14,"turns":4},{"damage":0,"enemies":"Exordium Wildlife","floor":15,"turns":3},{"damage":9,"enemies":"downfall:Watcher","floor":16,"turns":4}],"seed_played":"-1325705536455306075","potions_obtained":[{"floor":4,"key":"AttackPotion"},{"floor":8,"key":"DistilledChaos"},{"floor":13,"key":"champ:CounterPotion"},{"floor":15,"key":"SpeedPotion"}],"is_trial":false,"path_per_floor":["R","M","?","M","M","R","T","M","E","R","?","M","E","$","M","B"],"character_chosen":"GUARDIAN","items_purchased":["Guardian:StasisUpgradeRelic","Sling","Bag of Preparation"],"campfire_rested":1,"item_purchase_floors":[14,14,14],"current_hp_per_floor":[65,65,36,36,26,47,47,44,44,44,44,36,7,7,7,0,0,0],"gold":57,"neow_bonus":"ONE_RANDOM_RARE_CARD","is_daily":false,"chose_seed":false,"campfire_upgraded":2,"win_rate":0.0,"timestamp":1609854461,"path_taken":["R","M","?","M","M","R","T","M","E","R","?","?","E","?","M","BOSS"],"items_purchased_type":["Relic","Relic","Relic"],"build_version":"2020-12-22","purchased_purges":1,"victory":false,"max_hp_per_floor":[72,72,72,72,72,72,72,72,72,72,72,72,72,72,72,72,72,72],"relic_stats":{"Gremlin Horn":[4,4],"counters":[11,59],"Bag of Preparation":[4],"obtain_stats":[{"Guardian:PickAxe":3,"Guardian:StasisUpgradeRelic":14,"Calipers":13,"Gremlin Horn":9,"Guardian:ModeShifter":0,"Guardian:SackOfGems":7,"Bag of Preparation":14,"Sling":14},{"Guardian:PickAxe":2,"Guardian:StasisUpgradeRelic":9,"Calipers":8,"Gremlin Horn":6,"Guardian:ModeShifter":0,"Guardian:SackOfGems":4,"Bag of Preparation":9,"Sling":9},{"Guardian:PickAxe":12,"Guardian:StasisUpgradeRelic":52,"Calipers":48,"Gremlin Horn":30,"Guardian:ModeShifter":0,"Guardian:SackOfGems":20,"Bag of Preparation":52,"Sling":52}]},"card_choices":[{"not_picked":["Guardian:ChargeCore","Guardian:Gem_Green"],"picked":"Guardian:BronzeArmor","floor":2},{"not_picked":["Guardian:Gem_Cyan","Guardian:Emergency"],"picked":"Guardian:Gem_Blue","floor":4},{"not_picked":["Guardian:CrystalBeam","Guardian:TimeBomb"],"picked":"Guardian:Incinerate","floor":5},{"not_picked":["Guardian:CrystalBeam","Guardian:RefractedBeam"],"picked":"Guardian:WalkerClaw","floor":8},{"not_picked":["Guardian:CrystalBeam","Guardian:Planning"],"picked":"Guardian:DonusPower","floor":9},{"not_picked":["Guardian:ShieldSpikes","Guardian:WalkerClaw"],"picked":"Guardian:Orbwalk","floor":12},{"not_picked":["Guardian:RollAttack","Guardian:MultiBeam","Guardian:TemporalStrike"],"picked":"SKIP","floor":13},{"not_picked":["Guardian:Reroute","Guardian:TemporalStrike"],"picked":"Guardian:PrismaticBeam","floor":14},{"not_picked":["Guardian:Planning","Guardian:Gem_Cyan"],"picked":"Guardian:Repulse","floor":15}],"player_experience":1306222,"relics_obtained":[{"floor":7,"key":"Guardian:SackOfGems"},{"floor":9,"key":"Gremlin Horn"},{"floor":13,"key":"Calipers"}],"event_choices":[],"is_beta":false,"boss_relics":[],"items_purged_floors":[14],"is_endless":false,"potions_floor_spawned":[3,4,8,13,15],"killed_by":"downfall:Watcher","ascension_level":20}}