{"host":"ewfe3cr33ktd9xzj","time":1609806209,"event":{"mods":["AchievementEnabler","BaseMod","Colored Map","Custom Start","DeckTracker","Minty Spire (QoL Compilation)","Rare Cards Sparkle","StSLib","everything is the same but u backflip on backflip"],"gold_per_floor":[112,131,206,72,72,98,111,11,11,27,27,54,65,77,77,77,77],"floor_reached":16,"playtime":312,"items_purged":["Strike_B","Strike_B"],"score":274,"play_id":"29909152-1524-4758-8223-095347c2dd50","local_time":"20210105092329","is_ascension_mode":true,"campfire_choices":[{"data":"Seek","floor":15,"key":"SMITH"}],"circlet_count":0,"master_deck":["AscendersBane","Strike_B","Defend_B","Defend_B","Defend_B","Defend_B","Zap","Dualcast","Self Repair","Gash","Coolheaded","Go for the Eyes","Gash","Seek+1"],"relics":["Cracked Core","NeowsBlessing","Bottled Tornado","Unceasing Top","Pantograph"],"acts_visited":["Exordium"],"potions_floor_usage":[12],"damage_taken":[{"damage":0.0,"enemies":"2 Louse","floor":1.0,"turns":1.0},{"damage":0.0,"enemies":"Small Slimes","floor":2.0,"turns":2.0},{"damage":0.0,"enemies":"Gremlin Nob","floor":6.0,"turns":1.0},{"damage":12.0,"enemies":"Jaw Worm","floor":7.0,"turns":4.0},{"damage":13.0,"enemies":"3 Louse","floor":10.0,"turns":4.0},{"damage":13,"enemies":"Lagavulin","floor":12,"turns":6},{"damage":5,"enemies":"Blue Slaver","floor":13,"turns":4},{"damage":1,"enemies":"2 Fungi Beasts","floor":14,"turns":4},{"damage":19,"enemies":"Slime Boss","floor":16,"turns":4}],"seed_played":"-9120529509481839330","potions_obtained":[{"floor":7.0,"key":"SteroidPotion"},{"floor":10.0,"key":"FocusPotion"},{"floor":12,"key":"Block Potion"}],"is_trial":false,"path_per_floor":["M","M","?","$","?","E","M","$","T","M","?","E","M","M","R","B"],"character_chosen":"DEFECT","items_purchased":["Coolheaded"],"campfire_rested":0,"item_purchase_floors":[4],"current_hp_per_floor":[64,71,60,60,65,72,67,67,67,61,61,55,57,63,63,57,57],"gold":77,"neow_bonus":"THREE_ENEMY_KILL","is_daily":false,"chose_seed":false,"campfire_upgraded":1,"win_rate":0.0,"timestamp":1609806209,"path_taken":["M","M","?","$","?","E","M","$","T","M","?","E","M","?","R","BOSS"],"items_purchased_type":["Card"],"build_version":"2020-12-22","purchased_purges":2,"victory":false,"max_hp_per_floor":[71,71,71,71,76,76,76,76,76,76,76,76,76,76,76,76,76],"card_choices":[{"not_picked":["Conserve Battery","Redo"],"picked":"Self Repair","floor":1.0},{"not_picked":["Coolheaded","White Noise"],"picked":"Gash","floor":2.0},{"not_picked":["Reboot","Storm"],"picked":"Go for the Eyes","floor":6.0},{"not_picked":["Fusion","Storm","Static Discharge"],"picked":"SKIP","floor":7.0},{"not_picked":["Streamline","Steam"],"picked":"Gash","floor":10.0},{"not_picked":["Compile Driver","Recycle","Force Field"],"picked":"SKIP","floor":12},{"not_picked":["Leap","Lockon","Barrage"],"picked":"SKIP","floor":13},{"not_picked":["Cold Snap","Leap","Double Energy"],"picked":"SKIP","floor":14}],"player_experience":17015,"relics_obtained":[{"floor":6.0,"key":"Bottled Tornado"},{"floor":9.0,"key":"Unceasing Top"},{"floor":12,"key":"Pantograph"}],"event_choices":[{"damage_healed":0.0,"max_hp_gain":0.0,"max_hp_loss":0.0,"gold_gain":75.0,"event_name":"World of Goop","player_choice":"Gather Gold","floor":3.0,"gold_loss":0.0,"damage_taken":11.0},{"damage_healed":0.0,"max_hp_gain":5.0,"max_hp_loss":0.0,"gold_gain":0.0,"event_name":"Big Fish","player_choice":"Donut","floor":5.0,"gold_loss":0.0,"damage_taken":0.0},{"damage_healed":0,"gold_gain":0,"cards_transformed":["Strike_B"],"player_choice":"Change","damage_taken":0,"max_hp_gain":0,"max_hp_loss":0,"event_name":"Living Wall","floor":11,"gold_loss":0,"cards_obtained":["Seek"]}],"is_beta":false,"boss_relics":[],"items_purged_floors":[4,8],"is_endless":false,"potions_floor_spawned":[7,10,12],"killed_by":"Slime Boss","ascension_level":20}}