{"host":"6pgtslebjnyv5xmi","time":1609853460,"event":{"mods":["AchievementEnabler","BaseMod","Colored Map","Minty Spire (QoL Compilation)","Rare Cards Sparkle","StSLib","SuperFastMode","everything is the same but u backflip on backflip"],"gold_per_floor":[113,130,130,80,5,5,18,18,18,35,61,7,20,20,20,98,98,118,118,217,250,250,250,264,264,290,399,314,214,240,115,115,202,202,231,259,1276,1498,1498,1498],"floor_reached":39,"playtime":1604,"items_purged":["Strike_R","Strike_R","Strike_R"],"score":657,"play_id":"22412fd3-64a7-4d4a-b85a-9044a3f92df0","local_time":"20210105223100","is_ascension_mode":true,"campfire_choices":[{"data":"Body Slam","floor":6.0,"key":"SMITH"},{"data":"Spot Weakness","floor":8.0,"key":"SMITH"},{"data":"Body Slam","floor":15.0,"key":"SMITH"},{"floor":23.0,"key":"DIG"},{"data":"Heavy Blade","floor":25.0,"key":"SMITH"},{"data":"Ghostly Armor","floor":32,"key":"SMITH"}],"circlet_count":0,"master_deck":["AscendersBane","Strike_R","Defend_R+1","Defend_R+1","Defend_R+1","Defend_R","Bash+1","Body Slam+1","Spot Weakness+1","Ghostly Armor+1","Body Slam+1","Heavy Blade+1","Impervious","CurseOfTheBell","Battle Trance+1","Intimidate+1","Heavy Blade+1","Body Slam+1","Berserk","Heavy Blade+1","Ghostly Armor","Normality","Normality"],"relics":["Black Blood","War Paint","Bag of Preparation","Happy Flower","Calling Bell","Akabeko","Paper Frog","Shovel","Red Mask","Regal Pillow","CeramicFish","WingedGreaves","Bottled Flame","Tiny Chest","Bag of Marbles"],"acts_visited":["Exordium","TheCity","TheBeyond"],"potions_floor_usage":[39],"damage_taken":[{"damage":5.0,"enemies":"Cultist","floor":1.0,"turns":4.0},{"damage":7.0,"enemies":"Jaw Worm","floor":2.0,"turns":3.0},{"damage":0.0,"enemies":"2 Louse","floor":7.0,"turns":4.0},{"damage":26.0,"enemies":"Exordium Thugs","floor":10.0,"turns":7.0},{"damage":0.0,"enemies":"3 Louse","floor":13.0,"turns":3.0},{"damage":5.0,"enemies":"Hexaghost","floor":16.0,"turns":8.0},{"damage":0.0,"enemies":"Spheric Guardian","floor":18.0,"turns":4.0},{"damage":30.0,"enemies":"Masked Bandits","floor":21.0,"turns":5.0},{"damage":0.0,"enemies":"Chosen","floor":24.0,"turns":3.0},{"damage":6.0,"enemies":"Colosseum Slavers","floor":27.0,"turns":4.0},{"damage":7.0,"enemies":"Colosseum Nobs","floor":27.0,"turns":6.0},{"damage":9.0,"enemies":"Book of Stabbing","floor":30.0,"turns":4.0},{"damage":13,"enemies":"Champ","floor":33,"turns":8},{"damage":22,"enemies":"3 Shapes","floor":35,"turns":3},{"damage":76,"enemies":"3 Darklings","floor":36,"turns":6},{"damage":40,"enemies":"Spire Growth","floor":39,"turns":5}],"seed_played":"-1472608973692567459","potions_obtained":[{"floor":7.0,"key":"GamblersBrew"},{"floor":13.0,"key":"DistilledChaos"},{"floor":18.0,"key":"FairyPotion"},{"floor":27.0,"key":"LiquidMemories"},{"floor":36,"key":"SneckoOil"}],"is_trial":false,"path_per_floor":["M","M","$","?","$","R","M","R","T","M","T","?","M","?","R","B",null,"M","?","?","?","?","R","M","R","T","?","?","$","E","$","R","B",null,"M","M","?","?","M"],"character_chosen":"IRONCLAD","items_purchased":[],"campfire_rested":0,"item_purchase_floors":[],"current_hp_per_floor":[73,72,72,72,72,72,78,78,78,58,58,58,64,48,48,49,72,78,78,78,54,80,80,80,80,80,79,79,79,76,76,76,69,77,67,36,36,36,0,0],"gold":1498,"neow_bonus":"THREE_CARDS","is_daily":false,"chose_seed":false,"campfire_upgraded":5,"win_rate":0.0,"timestamp":1609853460,"path_taken":["M","M","$","?","$","R","M","R","T","M","?","?","?","?","R","BOSS","M","?","?","?","?","R","?","R","T","?","?","$","E","$","R","BOSS","M","M","?","?","M"],"items_purchased_type":[],"build_version":"2020-12-22","purchased_purges":3,"victory":false,"max_hp_per_floor":[80,80,80,80,80,80,80,80,80,80,80,80,80,80,80,80,80,80,80,80,80,80,80,80,80,80,80,80,80,80,80,80,80,80,80,80,80,80,80,80],"card_choices":[{"not_picked":["Sword Boomerang","Cleave"],"picked":"Body Slam","floor":0.0},{"not_picked":["Shrug It Off","Clash"],"picked":"Spot Weakness","floor":1.0},{"not_picked":["Dual Wield","Sever Soul"],"picked":"Ghostly Armor","floor":2.0},{"not_picked":["Armaments","Fire Breathing","Iron Wave"],"picked":"SKIP","floor":7.0},{"not_picked":["Clash","Blood for Blood"],"picked":"Body Slam","floor":10.0},{"not_picked":["Iron Wave","Twin Strike"],"picked":"Heavy Blade","floor":13.0},{"not_picked":["Exhume","Double Tap"],"picked":"Impervious","floor":16.0},{"not_picked":["Flex","Cleave"],"picked":"Battle Trance+1","floor":18.0},{"not_picked":["Battle Trance","Iron Wave"],"picked":"Intimidate+1","floor":21.0},{"not_picked":["Power Through","Spot Weakness"],"picked":"Heavy Blade+1","floor":24.0},{"not_picked":["Iron Wave+1","Shrug It Off"],"picked":"Body Slam+1","floor":27.0},{"not_picked":["Anger+1","Second Wind","Pummel"],"picked":"SKIP","floor":30.0},{"not_picked":["Fiend Fire","Corruption"],"picked":"Berserk","floor":33},{"not_picked":["Armaments","Wild Strike"],"picked":"Heavy Blade+1","floor":35},{"not_picked":["Anger","Rage"],"picked":"Ghostly Armor","floor":36}],"player_experience":732372,"relics_obtained":[{"floor":9.0,"key":"War Paint"},{"floor":11.0,"key":"Bag of Preparation"},{"floor":17.0,"key":"Akabeko"},{"floor":17.0,"key":"Paper Frog"},{"floor":17.0,"key":"Shovel"},{"floor":21.0,"key":"Red Mask"},{"floor":23.0,"key":"Regal Pillow"},{"floor":26.0,"key":"CeramicFish"},{"floor":27.0,"key":"WingedGreaves"},{"floor":27.0,"key":"Bottled Flame"},{"floor":30.0,"key":"Bag of Marbles"}],"event_choices":[{"cards_removed":["Strike_R"],"damage_healed":0.0,"max_hp_gain":0.0,"max_hp_loss":0.0,"gold_gain":0.0,"event_name":"The Cleric","player_choice":"Card Removal","floor":4.0,"gold_loss":50.0,"damage_taken":0.0},{"damage_healed":0.0,"max_hp_gain":0.0,"max_hp_loss":0.0,"gold_gain":0.0,"event_name":"WeMeetAgain","player_choice":"Paid Gold","floor":12.0,"gold_loss":54.0,"damage_taken":0.0,"relics_obtained":["Happy Flower"]},{"damage_healed":0.0,"max_hp_gain":0.0,"max_hp_loss":0.0,"gold_gain":0.0,"event_name":"Shining Light","player_choice":"Entered Light","floor":14.0,"gold_loss":0.0,"damage_taken":16.0,"cards_upgraded":["Bash","Defend_R"]},{"damage_healed":0.0,"max_hp_gain":0.0,"max_hp_loss":0.0,"gold_gain":0.0,"event_name":"Ghosts","player_choice":"Ignored","floor":19.0,"gold_loss":0.0,"damage_taken":0.0},{"damage_healed":0.0,"max_hp_gain":0.0,"max_hp_loss":0.0,"gold_gain":99.0,"event_name":"Nest","player_choice":"Stole From Cult","floor":20.0,"gold_loss":0.0,"damage_taken":0.0},{"damage_healed":0.0,"max_hp_gain":0.0,"max_hp_loss":0.0,"gold_gain":0.0,"event_name":"Masked Bandits","player_choice":"Fought Bandits","floor":21.0,"gold_loss":0.0,"damage_taken":0.0},{"damage_healed":26.0,"max_hp_gain":0.0,"max_hp_loss":0.0,"gold_gain":0.0,"event_name":"The Library","player_choice":"Heal","floor":22.0,"gold_loss":0.0,"damage_taken":0.0},{"damage_healed":0.0,"max_hp_gain":0.0,"max_hp_loss":0.0,"gold_gain":0.0,"event_name":"Colosseum","player_choice":"Fight","floor":27.0,"gold_loss":0.0,"damage_taken":0.0},{"damage_healed":0.0,"max_hp_gain":0.0,"max_hp_loss":0.0,"gold_gain":0.0,"event_name":"Colosseum","player_choice":"Fought Nobs","floor":27.0,"gold_loss":0.0,"damage_taken":0.0},{"damage_healed":0.0,"max_hp_gain":0.0,"max_hp_loss":0.0,"gold_gain":0.0,"event_name":"Addict","player_choice":"Obtained Relic","floor":28.0,"gold_loss":85.0,"damage_taken":0.0,"relics_obtained":["Tiny Chest"]},{"damage_healed":0,"gold_gain":999,"player_choice":"Gold","damage_taken":0,"max_hp_gain":0,"max_hp_loss":0,"event_name":"MindBloom","floor":37,"gold_loss":0,"cards_obtained":["Normality","Normality"]},{"damage_healed":0,"gold_gain":222,"player_choice":"Wore Mask","damage_taken":0,"max_hp_gain":0,"max_hp_loss":0,"event_name":"Tomb of Lord Red Mask","floor":38,"gold_loss":0}],"is_beta":false,"boss_relics":[{"not_picked":["Cursed Key","Tiny House"],"picked":"Calling Bell"},{"not_picked":["Sozu","Runic Dome"],"picked":"Black Blood"}],"items_purged_floors":[5,29,31],"is_endless":false,"potions_floor_spawned":[7,13,18,27,36],"killed_by":"Spire Growth","ascension_level":13}}