{"host":"5o2n8gt0sn3szjgb","time":1609821034,"event":{"mods":["BaseMod","BetterRewards","Library of Ruina","Library of Ruina Extra","Lobotomy","LobotomyExtend","Minty Spire (QoL Compilation)","StSLib"],"gold_per_floor":[113,132,132,152,27,39,69,69,69,69,82,113,127,153,153,232,232,251,261,281,131,131,131,142,169,169,169,20,20,37,367,367,441,441,460,460,460],"floor_reached":36,"playtime":2537,"items_purged":["Dodge","LightDefense","Decay","LightAttack"],"score":1230,"play_id":"1057a133-6aea-4765-a8c3-c12bc4209f48","local_time":"20210105123034","is_ascension_mode":true,"campfire_choices":[{"data":"UndertakePrescript","floor":10.0,"key":"SMITH"},{"data":"Punishment","floor":15.0,"key":"SMITH"},{"floor":23.0,"key":"RECALL"},{"data":"Observe","floor":27.0,"key":"SMITH"},{"data":"FocusedStrikes","floor":29.0,"key":"SMITH"},{"data":"ChargeAndCover","floor":32,"key":"SMITH"}],"circlet_count":0,"master_deck":["AscendersBane","LightAttack","LightDefense","LightDefense","LightDefense","ChargeAndCover+1","FocusedStrikes+1","UndertakePrescript+1","Execute_lor+1","Punishment+1","Observe+1","LeRegole+1","SomberProcuration+1","SmokingPipe+1","FleshFillet","InhaleSmoke+1"],"relics":["PageOfLibrarian","Singing Bowl","LetterFromLob","Question Card","Toxic Egg 2","Shuriken","Mummified Hand","Black Star","Torii","Ice Cream","Membership Card","Old Coin","PageOfDeadButterflies","Philosopher\u0027s Stone","MagicBullet_r"],"acts_visited":["Exordium","TheCity","TheBeyond"],"potions_floor_usage":[],"damage_taken":[{"damage":0.0,"enemies":"Jaw Worm","floor":1.0,"turns":1.0},{"damage":0.0,"enemies":"Cultist","floor":2.0,"turns":1.0},{"damage":0.0,"enemies":"Small Slimes","floor":4.0,"turns":2.0},{"damage":8.0,"enemies":"Exordium Wildlife","floor":6.0,"turns":2.0},{"damage":5.0,"enemies":"3 Sentries","floor":7.0,"turns":3.0},{"damage":0.0,"enemies":"Looter","floor":11.0,"turns":1.0},{"damage":0.0,"enemies":"Lagavulin","floor":12.0,"turns":4.0},{"damage":0.0,"enemies":"2 Fungi Beasts","floor":13.0,"turns":1.0},{"damage":0.0,"enemies":"3 Sentries","floor":14.0,"turns":3.0},{"damage":0.0,"enemies":"Slime Boss","floor":16.0,"turns":3.0},{"damage":0.0,"enemies":"Shell Parasite","floor":18.0,"turns":2.0},{"damage":4.0,"enemies":"2 Thieves","floor":19.0,"turns":3.0},{"damage":0.0,"enemies":"Chosen and Byrds","floor":20.0,"turns":1.0},{"damage":0.0,"enemies":"Snake Plant","floor":24.0,"turns":2.0},{"damage":21.0,"enemies":"Gremlin Leader","floor":25.0,"turns":6.0},{"damage":0,"enemies":"Cultist and Chosen","floor":30,"turns":4},{"damage":2,"enemies":"Slavers","floor":31,"turns":3},{"damage":12,"enemies":"Champ","floor":33,"turns":5},{"damage":0,"enemies":"Orb Walker","floor":35,"turns":2}],"seed_played":"8937845689974274883","potions_obtained":[{"floor":2.0,"key":"Fire Potion"},{"floor":6.0,"key":"Swift Potion"},{"floor":7.0,"key":"SpeedPotion"},{"floor":13.0,"key":"EssenceOfSteel"},{"floor":14.0,"key":"DistilledChaos"},{"floor":20.0,"key":"Ancient Potion"},{"floor":35,"key":"Weak Potion"}],"is_trial":false,"path_per_floor":["M","M","?","M","$","M","E","?","T","R","M","E","M","E","R","B",null,"M","M","M","$","?","R","M","E","T","R","$","R","M","E","R","B",null,"M","?"],"character_chosen":"Librarian","items_purchased":["Singing Bowl","UndertakePrescript","LiquidMemories","DuplicationPotion","Membership Card"],"campfire_rested":0,"item_purchase_floors":[0,0,0,0,28],"current_hp_per_floor":[33,33,33,35,35,29,24,24,24,24,26,28,30,32,32,32,76,78,74,76,76,76,76,78,59,59,59,59,59,59,59,59,47,213,67,0,0],"gold":460,"neow_bonus":"","is_daily":false,"chose_seed":false,"campfire_upgraded":5,"win_rate":0.0,"timestamp":1609821034,"path_taken":["M","M","?","M","$","?","E","?","T","R","M","E","M","E","R","BOSS","M","M","M","$","?","R","M","E","T","R","$","R","M","E","R","BOSS","M","?"],"items_purchased_type":["Relic","Card","Potion","Potion","Relic"],"build_version":"2020-12-22","purchased_purges":4,"victory":false,"max_hp_per_floor":[64,79,79,81,81,83,83,83,83,83,85,87,89,91,91,91,91,93,93,95,95,95,95,102,104,104,104,104,104,104,106,106,268,268,268,268,268],"card_choices":[{"not_picked":["SummaryJudgment","StructuralAnalysis","EnergyStrike"],"picked":"Singing Bowl","floor":1.0},{"not_picked":["StructuralAnalysis","EnergyStrike"],"picked":"Punishment","floor":2.0},{"not_picked":["StructuralAnalysis","GuidanceOfTheGears","Eliminate"],"picked":"Singing Bowl","floor":4.0},{"not_picked":["DarkCloud","BindingChains","SunsetBlade"],"picked":"Singing Bowl","floor":6.0},{"not_picked":["UnavoidableGaze","TraceOfFumes"],"picked":"Observe","floor":7.0},{"not_picked":["EnergyStrike","Execute_lor","SharpenedBlade","PinpointShot"],"picked":"Singing Bowl","floor":11.0},{"not_picked":["Bvapour","ShockRound","QuickSuppression","OpportunitySpotted"],"picked":"Singing Bowl","floor":12.0},{"not_picked":["Eliminate","DarkCloud","ForTheFamily","SavageMode"],"picked":"Singing Bowl","floor":13.0},{"not_picked":["SilentMist","ClassAndRespect","HiddenBlade","Multislash"],"picked":"Singing Bowl","floor":14.0},{"not_picked":["ChargeUp","Decapitation","Disposal"],"picked":"LeRegole+1","floor":16.0},{"not_picked":["ClassAndRespect","Zzzzzap+1","Execute_lor","Unlock1"],"picked":"Singing Bowl","floor":18.0},{"not_picked":["BattleCommand+1","SilentMist","Clone+1"],"picked":"SomberProcuration+1","floor":19.0},{"not_picked":["StructuralAnalysis+1","Castigation","YoureAHindrance","DarkCloud"],"picked":"Singing Bowl","floor":20.0},{"not_picked":["ShockRound","Faith+1","Eliminate","RhinoRam"],"picked":"Singing Bowl","floor":24.0},{"not_picked":["ClassAndRespect","Decapitation","HiddenBlade","GuardingStance+1"],"picked":"Singing Bowl","floor":25.0},{"not_picked":["BindingArms+1","SteelKnuckles","DefenseOrder+1"],"picked":"SmokingPipe+1","floor":30},{"not_picked":["Disposal","EnergyStrike","Observe+1","UnforgettableMelody"],"picked":"Singing Bowl","floor":31},{"not_picked":["SavageMode","UnforgettableMelody","Decapitation"],"picked":"FleshFillet","floor":33},{"not_picked":["Bvapour+1","Unlock1+1","PinpointShot"],"picked":"InhaleSmoke+1","floor":35}],"player_experience":446556,"relics_obtained":[{"floor":1.0,"key":"LetterFromLob"},{"floor":7.0,"key":"Question Card"},{"floor":9.0,"key":"Toxic Egg 2"},{"floor":12.0,"key":"Shuriken"},{"floor":14.0,"key":"Mummified Hand"},{"floor":25.0,"key":"Torii"},{"floor":25.0,"key":"Ice Cream"},{"floor":31,"key":"Old Coin"},{"floor":31,"key":"PageOfDeadButterflies"}],"event_choices":[{"damage_healed":0.0,"max_hp_gain":0.0,"max_hp_loss":0.0,"gold_gain":0.0,"event_name":"Wheel of Change","player_choice":"Cursed","floor":3.0,"gold_loss":0.0,"damage_taken":0.0,"cards_obtained":["Decay"]},{"damage_healed":0.0,"max_hp_gain":0.0,"max_hp_loss":0.0,"gold_gain":0.0,"event_name":"Liars Game","player_choice":"Ignored","floor":8.0,"gold_loss":0.0,"damage_taken":0.0},{"damage_healed":0.0,"max_hp_gain":0.0,"max_hp_loss":0.0,"gold_gain":0.0,"event_name":"Ghosts","player_choice":"Ignored","floor":22.0,"gold_loss":0.0,"damage_taken":0.0}],"is_beta":false,"boss_relics":[{"not_picked":["Fusion Hammer","Ectoplasm"],"picked":"Black Star"},{"not_picked":["Velvet Choker","Busted Crown"],"picked":"Philosopher\u0027s Stone"}],"items_purged_floors":[0,0,5,21],"is_endless":false,"potions_floor_spawned":[2,6,7,13,14,18,20,24,35],"ascension_level":15}}