{"host":"icrrc9b69c1a6188","time":1609831648,"event":{"mods":["Act Like it!","BaseMod","Bestiary","Better Altar","Better Match","Better Note","Better Sensory Stone","Better Skull","Better Third Choice","Block Reminder","Colored Map","Colored Powertips","Curses Come First","Displayed Cursed Tome","Faster Ascension Climbing","HexUI Lib","Jorbs\u0027s Wanderer Trilogy","Minty Spire (QoL Compilation)","Quick Restart","RNG Fix","Random Character Mod","Rare Cards Sparkle","Spicy Shops","StSLib","Unceasing Turn Reminder"],"gold_per_floor":[110,134,209,21,71,71,112,10,10,25,85,120,45,71,71,145,145,159,159,159,159,177,177,195,224,249,249,261,36,55,69,69,144,144,155,155,171,188,24,59,78,78,78,78,93,108,139,139,139],"floor_reached":48,"playtime":5667,"items_purged":["stsjorbsmod:Strike_Wanderer","stsjorbsmod:Strike_Wanderer","stsjorbsmod:Procrastination"],"score":1169,"play_id":"056fca5a-740f-4404-9686-11fd368ab84c","local_time":"20210105012728","is_ascension_mode":true,"campfire_choices":[{"data":"stsjorbsmod:ArcaneWeapon","floor":6,"key":"SMITH"},{"floor":15,"key":"REST"},{"data":"stsjorbsmod:Determination","floor":23,"key":"SMITH"},{"data":"stsjorbsmod:Aid","floor":27,"key":"SMITH"},{"floor":32,"key":"REST"},{"floor":44,"key":"RECALL"}],"circlet_count":0,"master_deck":["AscendersBane","stsjorbsmod:ForbiddenGrimoire+1","stsjorbsmod:Strike_Wanderer+1","stsjorbsmod:Defend_Wanderer+1","stsjorbsmod:Defend_Wanderer+1","stsjorbsmod:Defend_Wanderer+1","stsjorbsmod:Defend_Wanderer","stsjorbsmod:FreshAdventure+1","stsjorbsmod:EyeOfTheStorm","stsjorbsmod:WanderingMind+1","stsjorbsmod:MageArmor+1","stsjorbsmod:ArcaneWeapon+1","stsjorbsmod:Prestidigitation","stsjorbsmod:Message","stsjorbsmod:ColorSpray+1","stsjorbsmod:ColorSpray+1","stsjorbsmod:Aid+1","stsjorbsmod:Determination+1","stsjorbsmod:Counterspell+1","stsjorbsmod:HedgeWizard+1","stsjorbsmod:MageArmor+1","stsjorbsmod:FaerieFire+1","stsjorbsmod:ColorSpray","stsjorbsmod:MageArmor","stsjorbsmod:Rediscovery","stsjorbsmod:BookOfTongues","stsjorbsmod:Banish+1","Parasite","Writhe","Shame","stsjorbsmod:SmithingStrike+1","stsjorbsmod:Materialize+1"],"relics":["Cursed Key","Orichalcum","Bottled Lightning","CaptainsWheel","Whetstone","Runic Pyramid","Ornamental Fan","Coffee Dripper","OrangePellets","Lantern","HornCleat","Ancient Tea Set"],"acts_visited":["Exordium","TheCity","TheBeyond"],"potions_floor_usage":[11,12,14,24,25,25,35,45,48,48],"damage_taken":[{"damage":7,"enemies":"Jaw Worm","floor":1,"turns":5},{"damage":0,"enemies":"2 Louse","floor":2,"turns":7},{"damage":11,"enemies":"Lagavulin","floor":7,"turns":6},{"damage":0,"enemies":"Cultist","floor":10,"turns":3},{"damage":19,"enemies":"Lagavulin Event","floor":11,"turns":5},{"damage":0,"enemies":"Gremlin Nob","floor":12,"turns":2},{"damage":0,"enemies":"Blue Slaver","floor":14,"turns":3},{"damage":4,"enemies":"Slime Boss","floor":16,"turns":7},{"damage":4,"enemies":"Shell Parasite","floor":18,"turns":6},{"damage":0,"enemies":"Spheric Guardian","floor":22,"turns":5},{"damage":0,"enemies":"Cultist and Chosen","floor":24,"turns":5},{"damage":43,"enemies":"Slavers","floor":25,"turns":3},{"damage":0,"enemies":"Centurion and Healer","floor":28,"turns":7},{"damage":0,"enemies":"3 Cultists","floor":30,"turns":4},{"damage":0,"enemies":"Snecko","floor":31,"turns":7},{"damage":8,"enemies":"Collector","floor":33,"turns":9},{"damage":11,"enemies":"3 Shapes","floor":35,"turns":5},{"damage":10,"enemies":"Orb Walker","floor":37,"turns":7},{"damage":1,"enemies":"Spire Growth","floor":38,"turns":6},{"damage":14,"enemies":"Nemesis","floor":40,"turns":7},{"damage":0,"enemies":"Writhing Mass","floor":41,"turns":7},{"damage":3,"enemies":"Jaw Worm Horde","floor":45,"turns":5},{"damage":10,"enemies":"Spire Growth","floor":46,"turns":7},{"damage":0,"enemies":"Giant Head","floor":47,"turns":9},{"damage":35,"enemies":"Sphere and 2 Shapes","floor":48,"turns":4}],"seed_played":"4649410736807749917","potions_obtained":[{"floor":1,"key":"DuplicationPotion"},{"floor":11,"key":"LiquidMemories"},{"floor":12,"key":"SpeedPotion"},{"floor":21,"key":"ColorlessPotion"},{"floor":21,"key":"Strength Potion"},{"floor":24,"key":"Fruit Juice"},{"floor":31,"key":"EssenceOfSteel"},{"floor":40,"key":"stsjorbsmod:LiquidVirtue"},{"floor":41,"key":"Strength Potion"},{"floor":46,"key":"PowerPotion"},{"floor":47,"key":"Fruit Juice"}],"is_trial":false,"path_per_floor":["M","M","?","$","?","R","E","$","T","M","?","E","$","M","R","B",null,"M","?","?","?","M","R","M","E","T","R","M","$","M","M","R","B",null,"M","?","M","M","$","E","M","?","T","R","M","M","E","M"],"character_chosen":"WANDERER","items_purchased":["Orichalcum","stsjorbsmod:ArcaneWeapon","stsjorbsmod:Prestidigitation","stsjorbsmod:Message","OrangePellets"],"campfire_rested":2,"item_purchase_floors":[4,4,8,8,39],"current_hp_per_floor":[51,51,40,40,34,34,23,23,23,23,4,4,4,4,23,19,53,49,49,49,49,49,49,49,11,11,11,11,11,11,11,31,23,58,49,49,39,38,38,24,24,38,38,38,35,25,25,0,0],"gold":139,"neow_bonus":"BOSS_RELIC","is_daily":false,"chose_seed":false,"campfire_upgraded":3,"win_rate":0.0,"timestamp":1609831648,"path_taken":["M","M","?","?","?","R","E","$","T","M","?","E","?","?","R","BOSS","M","?","?","?","M","R","M","E","T","R","M","$","?","?","R","BOSS","M","?","?","M","$","E","M","?","T","R","M","M","E","?"],"items_purchased_type":["Relic","Card","Card","Card","Relic"],"build_version":"2020-12-22","purchased_purges":3,"victory":false,"max_hp_per_floor":[64,64,64,64,64,64,64,64,64,64,64,64,64,64,64,64,64,64,64,64,64,64,64,64,69,69,69,69,69,69,69,69,69,69,71,71,71,71,71,71,71,71,71,71,71,71,71,76,76],"card_choices":[{"not_picked":["stsjorbsmod:Index","stsjorbsmod:UnseenServant"],"picked":"stsjorbsmod:WanderingMind","floor":1},{"not_picked":["stsjorbsmod:ChatteringStrike","stsjorbsmod:Firebolt"],"picked":"stsjorbsmod:MageArmor","floor":2},{"not_picked":["stsjorbsmod:UnseenServant","stsjorbsmod:WeightOfMemory","stsjorbsmod:Index"],"picked":"SKIP","floor":7},{"not_picked":["stsjorbsmod:Message","stsjorbsmod:BlackTentacles"],"picked":"stsjorbsmod:ColorSpray","floor":10},{"not_picked":["stsjorbsmod:BookOfTongues","stsjorbsmod:ScorchingRay"],"picked":"stsjorbsmod:ColorSpray","floor":11},{"not_picked":["stsjorbsmod:UnseenServant","stsjorbsmod:Counterspell"],"picked":"stsjorbsmod:Aid","floor":12},{"not_picked":["stsjorbsmod:ArcaneForm","stsjorbsmod:Prestidigitation","stsjorbsmod:FracturedMind"],"picked":"SKIP","floor":14},{"not_picked":["stsjorbsmod:Feast","stsjorbsmod:CorrodingBarrier"],"picked":"stsjorbsmod:Determination","floor":16},{"not_picked":["stsjorbsmod:Firebolt","stsjorbsmod:Prepare"],"picked":"stsjorbsmod:Counterspell","floor":18},{"not_picked":["stsjorbsmod:Prestidigitation","stsjorbsmod:WanderingMind+1"],"picked":"stsjorbsmod:FaerieFire","floor":22},{"not_picked":["stsjorbsmod:Will","stsjorbsmod:FracturedMind","stsjorbsmod:Mindworm"],"picked":"SKIP","floor":24},{"not_picked":["stsjorbsmod:Introspection","stsjorbsmod:ChainLightning"],"picked":"stsjorbsmod:ColorSpray","floor":25},{"not_picked":["stsjorbsmod:TrueStrike","stsjorbsmod:Materialize","stsjorbsmod:ScorchingRay"],"picked":"SKIP","floor":28},{"not_picked":["stsjorbsmod:ColorSpray","stsjorbsmod:ParryingBlow","stsjorbsmod:Prepare+1"],"picked":"SKIP","floor":30},{"not_picked":["stsjorbsmod:ColorSpray+1","stsjorbsmod:FracturedMind"],"picked":"stsjorbsmod:MageArmor","floor":31},{"not_picked":["stsjorbsmod:HoldMonster","stsjorbsmod:Fear"],"picked":"stsjorbsmod:Rediscovery","floor":33},{"not_picked":["stsjorbsmod:MagicMirror","stsjorbsmod:TollTheDead+1"],"picked":"stsjorbsmod:BookOfTongues","floor":35},{"not_picked":["stsjorbsmod:LoseGrip","stsjorbsmod:Prepare","stsjorbsmod:Will+1"],"picked":"SKIP","floor":37},{"not_picked":["stsjorbsmod:BurningFlask","stsjorbsmod:Firebolt","stsjorbsmod:Channel"],"picked":"SKIP","floor":38},{"not_picked":["stsjorbsmod:Will","stsjorbsmod:Index","stsjorbsmod:Trauma"],"picked":"SKIP","floor":40},{"not_picked":["stsjorbsmod:Hibernate","stsjorbsmod:DoubleCheck","stsjorbsmod:BurningFlask"],"picked":"SKIP","floor":41},{"not_picked":["stsjorbsmod:TrueStrike","stsjorbsmod:DisguiseSelf","stsjorbsmod:LocateObject"],"picked":"SKIP","floor":45},{"not_picked":["stsjorbsmod:Patron","stsjorbsmod:Materialize+1"],"picked":"stsjorbsmod:SmithingStrike+1","floor":46},{"not_picked":["stsjorbsmod:ColorSpray","stsjorbsmod:Channel"],"picked":"stsjorbsmod:Materialize+1","floor":47}],"player_experience":731948,"relics_obtained":[{"floor":7,"key":"Bottled Lightning"},{"floor":11,"key":"CaptainsWheel"},{"floor":12,"key":"Whetstone"},{"floor":25,"key":"Ornamental Fan"},{"floor":40,"key":"Lantern"},{"floor":43,"key":"HornCleat"},{"floor":47,"key":"Ancient Tea Set"}],"event_choices":[{"damage_healed":0,"gold_gain":75,"player_choice":"Gold","damage_taken":11,"max_hp_gain":0,"max_hp_loss":0,"event_name":"betterThird:BetterGoop","floor":3,"gold_loss":0},{"damage_healed":0,"gold_gain":50,"player_choice":"Touch","damage_taken":6,"max_hp_gain":0,"max_hp_loss":0,"event_name":"FaceTrader","floor":5,"gold_loss":0},{"damage_healed":0,"gold_gain":0,"player_choice":"Searched \u00271\u0027 times","damage_taken":0,"max_hp_gain":0,"max_hp_loss":0,"event_name":"Dead Adventurer","floor":11,"gold_loss":0},{"damage_healed":0,"gold_gain":0,"cards_transformed":["stsjorbsmod:Strike_Wanderer"],"player_choice":"Transformed","damage_taken":0,"max_hp_gain":0,"max_hp_loss":0,"event_name":"Transmorgrifier","floor":19,"gold_loss":0,"cards_obtained":["stsjorbsmod:HedgeWizard"]},{"damage_healed":0,"gold_gain":0,"player_choice":"Copied","damage_taken":0,"max_hp_gain":0,"max_hp_loss":0,"event_name":"Duplicator","floor":20,"gold_loss":0,"cards_obtained":["stsjorbsmod:MageArmor"]},{"damage_healed":0,"gold_gain":0,"player_choice":"Got Potions","damage_taken":0,"max_hp_gain":0,"max_hp_loss":0,"event_name":"Lab","floor":21,"gold_loss":0},{"damage_healed":0,"gold_gain":3,"player_choice":"4","damage_taken":0,"max_hp_gain":0,"max_hp_loss":0,"event_name":"betterStone:BetterStone","floor":36,"gold_loss":0,"cards_obtained":["stsjorbsmod:Banish"]},{"damage_healed":14,"gold_gain":0,"player_choice":"Writhe","damage_taken":0,"max_hp_gain":0,"max_hp_loss":0,"event_name":"Winding Halls","floor":42,"gold_loss":0,"cards_obtained":["Writhe"]}],"is_beta":false,"boss_relics":[{"not_picked":["Tiny House","SlaversCollar"],"picked":"Runic Pyramid"},{"not_picked":["Astrolabe","Snecko Eye"],"picked":"Coffee Dripper"}],"items_purged_floors":[13,29,29],"is_endless":false,"potions_floor_spawned":[1,11,12,24,31,40,41,46,47],"killed_by":"Sphere and 2 Shapes","ascension_level":20}}