{"host":"ig7tc0uedzltt2sr","time":1609832939,"event":{"mods":["BaseMod","Better Twitch Integration","Block Reminder","Colored Map","Colored Powertips","Communication Mod","Current Relic Mod","GifTheSpireLib","HexUI Lib","Minty Spire (QoL Compilation)","Quick Restart","Random Character Button","Rare Cards Sparkle","Relic Sorter","Relic Stats","Slay the Relics Exporter","StSLib","SuperFastMode","Synergy Search","Twitch Decklist","Twitch Utils","everything is the same but u backflip on backflip","slay the spire mod where everything is the same but ironclad has a cowboy hat"],"gold_per_floor":[111,122,122,136,136,136,136],"floor_reached":6,"playtime":48,"items_purged":[],"score":36,"play_id":"09a4c47c-2120-4173-a53d-cb698be38735","local_time":"20210104234859","is_ascension_mode":false,"campfire_choices":[],"circlet_count":0,"master_deck":["Strike_R","Strike_R","Strike_R","Strike_R","Strike_R","Defend_R","Defend_R","Defend_R","Defend_R","Bash","Sever Soul","Armaments","Perfected Strike"],"relics":["Burning Blood"],"acts_visited":["Exordium"],"potions_floor_usage":[],"damage_taken":[{"damage":0,"enemies":"2 Louse","floor":1,"turns":2},{"damage":47,"enemies":"Jaw Worm","floor":2,"turns":9},{"damage":31,"enemies":"Cultist","floor":4,"turns":9},{"damage":17,"enemies":"3 Sentries","floor":6,"turns":2}],"seed_played":"3537216237167382261","potions_obtained":[{"floor":0,"key":"HeartOfIron"},{"floor":0,"key":"AttackPotion"},{"floor":0,"key":"LiquidMemories"}],"is_trial":false,"path_per_floor":["M","M","?","M","$","E"],"character_chosen":"IRONCLAD","items_purchased":[],"campfire_rested":0,"item_purchase_floors":[],"current_hp_per_floor":[80,39,39,14,14,0,0],"gold":136,"neow_bonus":"THREE_SMALL_POTIONS","is_daily":false,"chose_seed":false,"campfire_upgraded":0,"win_rate":0.0,"timestamp":1609832939,"path_taken":["M","M","?","M","$","E"],"items_purchased_type":[],"build_version":"2020-12-22","purchased_purges":0,"victory":false,"max_hp_per_floor":[80,80,80,80,80,80,80],"relic_stats":{"counters":[4,22],"obtain_stats":[{"Burning Blood":0},{"Burning Blood":0},{"Burning Blood":0}],"Burning Blood":12},"card_choices":[{"not_picked":["Flex","Battle Trance"],"picked":"Sever Soul","floor":1},{"not_picked":["Sword Boomerang","Wild Strike"],"picked":"Armaments","floor":2},{"not_picked":["Feel No Pain","Headbutt"],"picked":"Perfected Strike","floor":4}],"player_experience":1432283,"relics_obtained":[],"event_choices":[{"damage_healed":0,"gold_gain":0,"player_choice":"Ignored","damage_taken":0,"max_hp_gain":0,"max_hp_loss":0,"event_name":"Shining Light","floor":3,"gold_loss":0}],"is_beta":false,"boss_relics":[],"items_purged_floors":[],"is_endless":false,"potions_floor_spawned":[],"killed_by":"3 Sentries","ascension_level":0}}