{"host":"qpo5xxpqa3skbvfm","time":1609873189,"event":{"mods":["AchievementEnabler","BaseMod","Block Reminder","Colored Map","Colored Powertips","DeckTracker","Highlight Path","Minty Spire (QoL Compilation)","Quick Restart","Relic Sorter","StSLib","SuperFastMode"],"gold_per_floor":[118,129,149,166,166,200,200,231,309,321,333,284,284,284,284],"floor_reached":14,"playtime":674,"items_purged":[],"score":158,"play_id":"e2ed2174-ce6f-416a-98b8-683936d3a770","local_time":"20210105195949","is_ascension_mode":true,"campfire_choices":[{"data":"Static Discharge","floor":7,"key":"SMITH"}],"circlet_count":0,"master_deck":["AscendersBane","Strike_B","Strike_B","Strike_B","Strike_B","Defend_B","Defend_B","Defend_B","Defend_B","Zap","Dualcast","Ball Lightning","Cold Snap","Streamline","Leap","Static Discharge+1","Amplify","Coolheaded","Sweeping Beam"],"relics":["Cracked Core","Centennial Puzzle","InkBottle","Ginger","Bottled Flame"],"acts_visited":["Exordium"],"potions_floor_usage":[11,11,14,14],"damage_taken":[{"damage":2,"enemies":"Jaw Worm","floor":1,"turns":4},{"damage":13,"enemies":"Small Slimes","floor":2,"turns":3},{"damage":4,"enemies":"2 Louse","floor":3,"turns":3},{"damage":2,"enemies":"Blue Slaver","floor":4,"turns":5},{"damage":19,"enemies":"3 Sentries","floor":6,"turns":6},{"damage":22,"enemies":"Lagavulin","floor":8,"turns":5},{"damage":0,"enemies":"Exordium Wildlife","floor":10,"turns":2},{"damage":2,"enemies":"Looter","floor":11,"turns":2},{"damage":29,"enemies":"Gremlin Nob","floor":14,"turns":3}],"seed_played":"-2127821606843658205","potions_obtained":[{"floor":2,"key":"Fire Potion"},{"floor":8,"key":"EntropicBrew"}],"is_trial":false,"path_per_floor":["M","M","M","M","?","E","R","E","T","M","M","?","?","E"],"character_chosen":"DEFECT","items_purchased":[],"campfire_rested":0,"item_purchase_floors":[],"current_hp_per_floor":[66,53,49,47,47,28,28,6,6,6,4,4,1,0,0],"gold":284,"neow_bonus":"RANDOM_COMMON_RELIC","is_daily":false,"chose_seed":false,"campfire_upgraded":1,"win_rate":0.0,"timestamp":1609873189,"path_taken":["M","M","M","M","?","E","R","E","T","M","M","?","?","E"],"items_purchased_type":[],"build_version":"2020-12-22","purchased_purges":0,"victory":false,"max_hp_per_floor":[75,75,75,75,75,75,75,75,75,75,75,75,75,75,75],"card_choices":[{"not_picked":["Barrage","Hologram"],"picked":"Ball Lightning","floor":1},{"not_picked":["Leap","Barrage"],"picked":"Cold Snap","floor":2},{"not_picked":["Fusion","Stack"],"picked":"Streamline","floor":3},{"not_picked":["Sweeping Beam","Barrage"],"picked":"Leap","floor":4},{"not_picked":["Hologram","All For One"],"picked":"Static Discharge","floor":6},{"not_picked":["Ball Lightning","Reprogram"],"picked":"Amplify","floor":8},{"not_picked":["Consume","Turbo"],"picked":"Coolheaded","floor":10},{"not_picked":["Turbo","Beam Cell"],"picked":"Sweeping Beam","floor":11}],"player_experience":1248227,"relics_obtained":[{"floor":6,"key":"InkBottle"},{"floor":8,"key":"Ginger"},{"floor":9,"key":"Bottled Flame"}],"event_choices":[{"damage_healed":0,"gold_gain":0,"player_choice":"Ignored","damage_taken":0,"max_hp_gain":0,"max_hp_loss":0,"event_name":"Liars Game","floor":5,"gold_loss":0},{"damage_healed":0,"gold_gain":0,"player_choice":"Left Gold","damage_taken":0,"max_hp_gain":0,"max_hp_loss":0,"event_name":"World of Goop","floor":12,"gold_loss":49},{"damage_healed":0,"gold_gain":0,"player_choice":"Fled","damage_taken":3,"max_hp_gain":0,"max_hp_loss":0,"event_name":"Scrap Ooze","floor":13,"gold_loss":0}],"is_beta":false,"boss_relics":[],"items_purged_floors":[],"is_endless":false,"potions_floor_spawned":[2,8],"killed_by":"Gremlin Nob","ascension_level":11}}