{"host":"tw7a6rmo9h75ssrt","time":1609814637,"event":{"mods":["AchievementEnabler","Act Like it!","BaseMod","Colored Map","Highlight Path","Minty Spire (QoL Compilation)","Permanent Neow","Quick Restart","Relic Stats","SuperFastMode"],"gold_per_floor":[118,138,63,63,138,138,79,97,97,117,67,84,84,108,108,213,213,231,51,70,70,87,87,113,113,113,213,88,88,106,116,116,217,217,230,200,50,74,89,117,117,117,117,117,117,117,117],"floor_reached":46,"playtime":2709,"items_purged":["Strike_R","Strike_R","Strike_R","Defend_R"],"score":613,"play_id":"8b2b5f1c-425b-4e06-9c05-47f78dd9ad27","local_time":"20210105104357","is_ascension_mode":true,"campfire_choices":[{"data":"Bash","floor":6.0,"key":"SMITH"},{"floor":13.0,"key":"REST"},{"data":"Defend_R","floor":15.0,"key":"SMITH"},{"data":"Demon Form","floor":23.0,"key":"SMITH"},{"floor":29.0,"key":"REST"},{"floor":32.0,"key":"REST"},{"floor":42.0,"key":"REST"},{"data":"Brutality","floor":45.0,"key":"SMITH"}],"circlet_count":0,"master_deck":["Defend_R","Defend_R","Defend_R+1","Bash+1","Pommel Strike+1","Brutality+1","Sentinel+1","Demon Form+1","Flame Barrier+1","Battle Trance+1","Inflame+1","Rupture","Double Tap+1","Rage+1","Clumsy"],"relics":["Snecko Eye","Molten Egg 2","Ornamental Fan","Anchor","Runic Dome","Self Forming Clay","Kunai","Dead Branch","Toxic Egg 2","Cursed Key","Happy Flower","Ancient Tea Set"],"acts_visited":["Exordium","TheCity","TheBeyond"],"potions_floor_usage":[46,46],"damage_taken":[{"damage":1.0,"enemies":"Cultist","floor":1.0,"turns":3.0},{"damage":0.0,"enemies":"Small Slimes","floor":2.0,"turns":3.0},{"damage":8.0,"enemies":"2 Louse","floor":8.0,"turns":3.0},{"damage":0.0,"enemies":"Red Slaver","floor":10.0,"turns":3.0},{"damage":2.0,"enemies":"2 Fungi Beasts","floor":12.0,"turns":4.0},{"damage":68.0,"enemies":"Hexaghost","floor":16.0,"turns":10.0},{"damage":2.0,"enemies":"2 Thieves","floor":18.0,"turns":3.0},{"damage":8.0,"enemies":"Shell Parasite","floor":20.0,"turns":4.0},{"damage":3.0,"enemies":"Snecko","floor":22.0,"turns":4.0},{"damage":14.0,"enemies":"Slavers","floor":24.0,"turns":6.0},{"damage":3.0,"enemies":"Colosseum Slavers","floor":27.0,"turns":5.0},{"damage":11.0,"enemies":"Colosseum Nobs","floor":27.0,"turns":4.0},{"damage":7.0,"enemies":"Sentry and Sphere","floor":30.0,"turns":4.0},{"damage":11.0,"enemies":"Shelled Parasite and Fungi","floor":31.0,"turns":5.0},{"damage":18.0,"enemies":"Champ","floor":33.0,"turns":10.0},{"damage":9.0,"enemies":"Orb Walker","floor":35.0,"turns":3.0},{"damage":4.0,"enemies":"3 Darklings","floor":39.0,"turns":5.0},{"damage":18.0,"enemies":"Nemesis","floor":40.0,"turns":5.0},{"damage":64,"enemies":"Reptomancer","floor":46,"turns":2}],"seed_played":"-8063820927337262370","potions_obtained":[{"floor":8.0,"key":"CultistPotion"},{"floor":10.0,"key":"ColorlessPotion"},{"floor":18.0,"key":"Weak Potion"},{"floor":27.0,"key":"Dexterity Potion"},{"floor":30.0,"key":"EssenceOfSteel"},{"floor":31.0,"key":"SkillPotion"},{"floor":36.0,"key":"EssenceOfSteel"},{"floor":36.0,"key":"FearPotion"},{"floor":40.0,"key":"BlessingOfTheForge"}],"is_trial":false,"path_per_floor":["M","M","$","?","?","R","?","M","T","M","?","M","R","T","R","B",null,"M","$","M","?","M","R","E","$","T","?","$","R","M","M","R","B",null,"M","?","$","T","M","E","$","R","T","$","R","E"],"character_chosen":"IRONCLAD","items_purchased":["Demon Form"],"campfire_rested":4,"item_purchase_floors":[19],"current_hp_per_floor":[71,71,71,71,60,60,60,52,52,52,52,50,74,74,74,6,62,60,60,52,52,49,49,35,35,35,21,21,45,38,27,51,33,68,59,59,59,59,55,37,37,61,61,61,61,0,0],"gold":117,"neow_bonus":"BOSS_RELIC","is_daily":false,"chose_seed":false,"campfire_upgraded":4,"win_rate":0.0,"timestamp":1609814637,"path_taken":["M","M","$","?","?","R","?","M","T","?","?","M","R","?","R","BOSS","M","$","?","?","M","R","E","$","T","?","?","R","?","M","R","BOSS","M","?","?","?","M","E","$","R","T","$","R","E"],"items_purchased_type":["Card"],"build_version":"2020-12-22","purchased_purges":4,"victory":false,"max_hp_per_floor":[80,80,80,80,80,80,80,80,80,80,80,80,80,80,80,80,80,80,80,80,80,80,80,80,80,80,80,80,80,80,80,80,80,80,80,80,80,80,80,80,80,80,80,80,80,80,80],"relic_stats":{"Happy Flower":[4],"counters":[19,86],"Ornamental Fan":[68],"Self Forming Clay":[84],"Dead Branch":[14],"Snecko Eye":[183,177,190,201],"Kunai":[8],"Cursed Key":1,"obtain_stats":[{"Happy Flower":38,"Self Forming Clay":24,"Dead Branch":27,"Cursed Key":34,"Ancient Tea Set":40,"Burning Blood":0,"Runic Dome":17,"Anchor":14,"Ornamental Fan":9,"Snecko Eye":0,"Molten Egg 2":7,"Kunai":26,"Toxic Egg 2":27},{"Happy Flower":16,"Self Forming Clay":10,"Dead Branch":12,"Cursed Key":15,"Ancient Tea Set":18,"Burning Blood":0,"Runic Dome":6,"Anchor":5,"Ornamental Fan":3,"Snecko Eye":0,"Molten Egg 2":2,"Kunai":10,"Toxic Egg 2":12},{"Happy Flower":74,"Self Forming Clay":43,"Dead Branch":52,"Cursed Key":71,"Ancient Tea Set":84,"Burning Blood":0,"Runic Dome":26,"Anchor":16,"Ornamental Fan":9,"Snecko Eye":0,"Molten Egg 2":6,"Kunai":43,"Toxic Egg 2":52}]},"card_choices":[{"not_picked":["Twin Strike","Wild Strike","True Grit"],"picked":"SKIP","floor":1.0},{"not_picked":["Dual Wield","Cleave","Seeing Red"],"picked":"SKIP","floor":2.0},{"not_picked":["Ghostly Armor","Headbutt+1","Feel No Pain"],"picked":"SKIP","floor":8.0},{"not_picked":["Sword Boomerang+1","True Grit","Wild Strike+1"],"picked":"SKIP","floor":10.0},{"not_picked":["Flex","Dual Wield"],"picked":"Pommel Strike+1","floor":12.0},{"not_picked":["Impervious","Exhume"],"picked":"Brutality","floor":16.0},{"not_picked":["Entrench+1","Sword Boomerang+1"],"picked":"Sentinel+1","floor":18.0},{"not_picked":["Clash+1","Wild Strike+1"],"picked":"Flame Barrier+1","floor":20.0},{"not_picked":["Headbutt+1","Ghostly Armor"],"picked":"Battle Trance+1","floor":22.0},{"not_picked":["Perfected Strike+1","Fire Breathing"],"picked":"Inflame+1","floor":24.0},{"not_picked":["Shrug It Off+1","Flex+1"],"picked":"Rupture","floor":27.0},{"not_picked":["Warcry+1","Power Through+1","Combust"],"picked":"SKIP","floor":30.0},{"not_picked":["Sword Boomerang+1","Metallicize","Brutality"],"picked":"SKIP","floor":31.0},{"not_picked":["Juggernaut","Brutality"],"picked":"Double Tap+1","floor":33.0},{"not_picked":["Inflame+1","Evolve+1"],"picked":"Rage+1","floor":35.0},{"not_picked":["Spot Weakness+1","Hemokinesis+1","Uppercut+1"],"picked":"SKIP","floor":39.0},{"not_picked":["Hemokinesis+1","Headbutt+1","True Grit+1"],"picked":"SKIP","floor":40.0}],"player_experience":28476,"relics_obtained":[{"floor":9.0,"key":"Ornamental Fan"},{"floor":14.0,"key":"Anchor"},{"floor":24.0,"key":"Self Forming Clay"},{"floor":26.0,"key":"Kunai"},{"floor":27.0,"key":"Dead Branch"},{"floor":27.0,"key":"Toxic Egg 2"},{"floor":38.0,"key":"Happy Flower"},{"floor":40.0,"key":"Ancient Tea Set"}],"event_choices":[{"cards_removed":["Strike_R"],"damage_healed":0.0,"max_hp_gain":0.0,"max_hp_loss":0.0,"gold_gain":0.0,"event_name":"Living Wall","player_choice":"Forget","floor":4.0,"gold_loss":0.0,"damage_taken":0.0},{"damage_healed":0.0,"max_hp_gain":0.0,"max_hp_loss":0.0,"gold_gain":75.0,"event_name":"World of Goop","player_choice":"Gather Gold","floor":5.0,"gold_loss":0.0,"damage_taken":11.0},{"damage_healed":0.0,"max_hp_gain":0.0,"max_hp_loss":0.0,"gold_gain":0.0,"event_name":"WeMeetAgain","player_choice":"Paid Gold","floor":7.0,"gold_loss":59.0,"damage_taken":0.0,"relics_obtained":["Molten Egg 2"]},{"cards_removed":["Strike_R"],"damage_healed":0.0,"max_hp_gain":0.0,"max_hp_loss":0.0,"gold_gain":0.0,"event_name":"The Cleric","player_choice":"Card Removal","floor":11.0,"gold_loss":50.0,"damage_taken":0.0},{"damage_healed":0.0,"max_hp_gain":0.0,"max_hp_loss":0.0,"gold_gain":0.0,"event_name":"Cursed Tome","player_choice":"Ignored","floor":21.0,"gold_loss":0.0,"damage_taken":0.0},{"damage_healed":0.0,"max_hp_gain":0.0,"max_hp_loss":0.0,"gold_gain":0.0,"event_name":"Colosseum","player_choice":"Fight","floor":27.0,"gold_loss":0.0,"damage_taken":0.0},{"damage_healed":0.0,"max_hp_gain":0.0,"max_hp_loss":0.0,"gold_gain":0.0,"event_name":"Colosseum","player_choice":"Fought Nobs","floor":27.0,"gold_loss":0.0,"damage_taken":0.0},{"damage_healed":0.0,"max_hp_gain":0.0,"max_hp_loss":0.0,"gold_gain":0.0,"event_name":"The Woman in Blue","player_choice":"Bought 2 Potions","floor":36.0,"gold_loss":0.0,"damage_taken":0.0}],"is_beta":false,"boss_relics":[{"not_picked":["Black Star","Runic Cube"],"picked":"Runic Dome"},{"not_picked":["Velvet Choker","Tiny House"],"picked":"Cursed Key"}],"items_purged_floors":[3,19,28,37],"is_endless":false,"potions_floor_spawned":[8,10,18,27,27,30,31,40],"killed_by":"Reptomancer","ascension_level":7}}