{"host":"7qf1todfnxspvw7w","time":1609804829,"event":{"mods":["BaseMod","BetterRewards","Block Reminder","Colored Powertips","Disable Question Mark Monsters","Displayed Cursed Tome","Downfall","Gold Saver","Googly Eyes","Infinite Spire","Ironclad Rager","Lobotomy","Minty Spire (QoL Compilation)","Rare Cards Sparkle","Relic Stats","Reorder Act Four","Replay The Spire","SacredBarkPlus","Shop Mod","StSLib","Uncapped"],"gold_per_floor":[610,629,629,642,655,655,733,1183,1183,1183,1201,1234,655,655,655,706,725,825,825,825,844,711,729,835,835,835,835,858,858,546,563,563,586,609,715,715,715,736,738,756,781,781,781,631,631,376,408,430,355,376,392,394,394],"floor_reached":54,"playtime":4194,"items_purged":["Slimebound:Icky","Slimebound:Icky","Pot Of Greed","Slimebound:Icky"],"score":719,"play_id":"f0112857-6bf7-46f0-ac91-4c418ecbc966","local_time":"20210105030029","is_ascension_mode":false,"campfire_choices":[{"data":"hexamod:SkipABeat","floor":9,"key":"SMITH"},{"data":"hexamod:HexaLevel","floor":20,"key":"SMITH"},{"floor":27,"key":"REST"},{"floor":29,"key":"REST"},{"data":"Mayhem","floor":32,"key":"SMITH"},{"floor":37,"key":"RECALL"},{"floor":42,"key":"REST"},{"data":"hexamod:SearingWound","floor":44,"key":"SMITH"},{"floor":49,"key":"REST"}],"circlet_count":0,"master_deck":["hexamod:Strike+1","hexamod:Strike+1","hexamod:Strike+1","hexamod:Strike+1","hexamod:Defend","hexamod:Defend","hexamod:Defend","hexamod:Defend","hexamod:Sear+1","hexamod:Float","hexamod:HauntingEcho","hexamod:SkipABeat+1","hexamod:PhantomFireball","Pot Of Greed","hexamod:BurningTouch","hexamod:WildfireWeapon","hexamod:FirstSeal","Mayhem+1","hexamod:HexaLevel+1","CurseOfTheBell","hexamod:RadiantFlame","hexamod:Rewind+1","Pot Of Greed","hexamod:SearingWound+1","hexamod:Incineration","expansioncontent:StudyTheSpire","hexamod:EtherealExpedition","hexamod:StepThrough","hexamod:HeatShield","infinitespire:DeathsTouch","hexamod:BurningTouch+1","hexamod:GhostflameBarrier"],"relics":["hexamod:SpiritBrand","Grinning Jar","Replay:WaspNest","Replay:Wax Seal","Membership Card","infinitespire:WardingShard","Replay:Bottled Eggs","Blood Vial","Calling Bell","Happy Flower","infinitespire:Midas Blood","TungstenRod","Gambling Chip","infinitespire:ShieldingShard","infinitespire:Beetle Shell","Bag of Preparation","Nunchaku","Busted Crown","downfall:HeartBlessingRed","downfall:HeartBlessingBlue","Lantern","infinitespire:Satchel","BargainBundle","Ancient Tea Set","downfall:HeartBlessingGreen"],"acts_visited":["Exordium","TheCity","TheBeyond"],"potions_floor_usage":[18,24,28,31,31,41,47,52],"damage_taken":[{"damage":0,"enemies":"Cultist","floor":2,"turns":4},{"damage":5,"enemies":"Jaw Worm","floor":4,"turns":3},{"damage":1,"enemies":"2 Louse","floor":5,"turns":3},{"damage":7,"enemies":"Large Slime","floor":11,"turns":5},{"damage":17,"enemies":"Gremlin Nob","floor":12,"turns":4},{"damage":0,"enemies":"downfall:FleeingMerchant","floor":13,"turns":4},{"damage":18,"enemies":"3 Louse","floor":17,"turns":3},{"damage":7,"enemies":"downfall:Silent","floor":18,"turns":7},{"damage":23,"enemies":"Shell Parasite","floor":21,"turns":6},{"damage":5,"enemies":"downfall:FleeingMerchant","floor":22,"turns":4},{"damage":15,"enemies":"Spheric Guardian","floor":23,"turns":5},{"damage":30,"enemies":"Colosseum Nobs","floor":24,"turns":4},{"damage":36,"enemies":"3 Cultists","floor":28,"turns":6},{"damage":7,"enemies":"downfall:FleeingMerchant","floor":30,"turns":4},{"damage":4,"enemies":"Snecko","floor":31,"turns":4},{"damage":34,"enemies":"Chosen and Byrds","floor":33,"turns":7},{"damage":8,"enemies":"Snake Plant","floor":34,"turns":5},{"damage":22,"enemies":"downfall:Defect","floor":35,"turns":9},{"damage":27,"enemies":"3 Darklings","floor":38,"turns":4},{"damage":5,"enemies":"3 Shapes","floor":40,"turns":5},{"damage":29,"enemies":"Spire Growth","floor":41,"turns":5},{"damage":10,"enemies":"downfall:FleeingMerchant","floor":46,"turns":4},{"damage":39,"enemies":"Giant Head","floor":47,"turns":9},{"damage":16,"enemies":"3 Darklings","floor":48,"turns":3},{"damage":6,"enemies":"Maw","floor":50,"turns":6},{"damage":16,"enemies":"Jaw Worm Horde","floor":51,"turns":4},{"damage":14,"enemies":"downfall:Ironclad","floor":52,"turns":9}],"seed_played":"7960129890200448136","potions_obtained":[{"floor":2,"key":"Fire Potion"},{"floor":3,"key":"Flashbang"},{"floor":3,"key":"SneckoOil"},{"floor":11,"key":"LiquidMemories"},{"floor":18,"key":"Toxic Potion"},{"floor":28,"key":"PowerPotion"},{"floor":31,"key":"Guardian:BlockOnCardUsePotion"},{"floor":38,"key":"EssenceOfSteel"},{"floor":40,"key":"SpeedPotion"},{"floor":47,"key":"SteroidPotion"}],"is_trial":false,"path_per_floor":["R","M","?","M","M","?","T","?","R","?","M","E","$","PTL","PTL","T","M","B",null,"R","M","$","M","?","?","T","R","M","R","$","M","R","M","M","B",null,"R","M","?","M","M","R","T","R","?","$","E","M","R","M","M","B",null,null],"character_chosen":"THE_SPIRIT","items_purchased":["hexamod:FirstSeal","Membership Card","Mayhem","infinitespire:WardingShard","Replay:Bottled Eggs","hexamod:SearingWound","expansioncontent:StudyTheSpire","Bag of Preparation","Nunchaku","Lantern","infinitespire:Satchel","BargainBundle","Block Potion","hexamod:GhostflameBarrier","Fire Potion"],"campfire_rested":4,"item_purchase_floors":[13,13,13,13,13,22,30,30,30,46,46,46,46,46,46],"current_hp_per_floor":[70,70,70,65,64,57,57,57,57,57,50,33,33,33,33,33,24,19,70,70,54,58,52,31,31,31,52,25,46,48,53,53,28,29,16,70,70,50,35,39,19,40,40,50,50,49,19,5,29,32,18,13,13],"gold":394,"neow_bonus":"UPGRADE_CARD","is_daily":false,"chose_seed":false,"campfire_upgraded":4,"win_rate":0.0,"timestamp":1609804829,"path_taken":["R","M","?","?","M","?","T","?","R","?","M","E","$","PTL","PTL","?","M","BOSS","R","M","$","M","?","?","T","R","M","R","?","M","R","M","M","BOSS","R","M","?","M","M","R","T","R","?","$","E","M","R","M","M","BOSS"],"items_purchased_type":["Card","Relic","Card","Relic","Relic","Card","Card","Relic","Relic","Card","Relic","Relic","Potion","Card","Potion"],"build_version":"2020-12-22","purchased_purges":4,"victory":true,"max_hp_per_floor":[70,70,70,70,70,70,70,70,70,70,70,70,70,70,70,70,70,70,70,70,70,70,70,70,70,70,70,70,70,70,70,70,70,70,70,70,70,70,70,70,70,70,70,80,80,80,80,80,80,80,80,80,80],"relic_stats":{"Blood Vial":38,"Nunchaku":[10],"Busted Crown":20,"Happy Flower":[34],"counters":[27,136],"Gambling Chip":[28],"Bag of Preparation":[26],"obtain_stats":[{"Lantern":46,"downfall:HeartBlessingGreen":49,"Bag of Preparation":30,"Ancient Tea Set":47,"Blood Vial":16,"Nunchaku":30,"infinitespire:ShieldingShard":24,"downfall:HeartBlessingBlue":44,"Gambling Chip":24,"Replay:Wax Seal":12,"Replay:Bottled Eggs":13,"hexamod:SpiritBrand":0,"BargainBundle":46,"Happy Flower":19,"downfall:HeartBlessingRed":44,"Replay:WaspNest":7,"infinitespire:Beetle Shell":26,"Calling Bell":19,"Busted Crown":36,"infinitespire:WardingShard":13,"infinitespire:Satchel":46,"Membership Card":13,"Grinning Jar":6,"TungstenRod":19,"infinitespire:Midas Blood":19},{"Lantern":22,"downfall:HeartBlessingGreen":24,"Bag of Preparation":14,"Ancient Tea Set":23,"Blood Vial":6,"Nunchaku":14,"infinitespire:ShieldingShard":12,"downfall:HeartBlessingBlue":21,"Gambling Chip":12,"Replay:Wax Seal":5,"Replay:Bottled Eggs":6,"hexamod:SpiritBrand":0,"BargainBundle":22,"Happy Flower":8,"downfall:HeartBlessingRed":21,"Replay:WaspNest":3,"infinitespire:Beetle Shell":12,"Calling Bell":8,"Busted Crown":18,"infinitespire:WardingShard":6,"infinitespire:Satchel":22,"Membership Card":6,"Grinning Jar":3,"TungstenRod":8,"infinitespire:Midas Blood":8},{"Lantern":105,"downfall:HeartBlessingGreen":117,"Bag of Preparation":62,"Ancient Tea Set":114,"Blood Vial":23,"Nunchaku":62,"infinitespire:ShieldingShard":52,"downfall:HeartBlessingBlue":101,"Gambling Chip":52,"Replay:Wax Seal":19,"Replay:Bottled Eggs":23,"hexamod:SpiritBrand":0,"BargainBundle":105,"Happy Flower":33,"downfall:HeartBlessingRed":101,"Replay:WaspNest":10,"infinitespire:Beetle Shell":52,"Calling Bell":33,"Busted Crown":87,"infinitespire:WardingShard":23,"infinitespire:Satchel":105,"Membership Card":23,"Grinning Jar":10,"TungstenRod":33,"infinitespire:Midas Blood":33}],"TungstenRod":59},"card_choices":[{"not_picked":["hexamod:NightmareGuise","hexamod:SpectersWail"],"picked":"hexamod:HauntingEcho","floor":2},{"not_picked":["hexamod:Firestarter","hexamod:SoulSteal"],"picked":"hexamod:SkipABeat","floor":4},{"not_picked":["hexamod:BacktrackSmack","hexamod:ThermalTransfer"],"picked":"hexamod:PhantomFireball","floor":5},{"not_picked":["hexamod:CatchUp","hexamod:ThermalTransfer"],"picked":"hexamod:BurningTouch","floor":11},{"not_picked":["hexamod:BurningTouch","hexamod:PhantomFireball","hexamod:GhostLash"],"picked":"SKIP","floor":12},{"not_picked":["hexamod:SpectersWail","hexamod:HauntingEcho"],"picked":"hexamod:WildfireWeapon","floor":13},{"not_picked":["hexamod:RainOfEmbers","hexamod:FourthSeal","hexamod:Firestarter"],"picked":"SKIP","floor":17},{"not_picked":["hexamod:TimeOfNeed","hexamod:UnleashSpirits"],"picked":"hexamod:HexaLevel","floor":18},{"not_picked":["hexamod:RainOfEmbers+1","hexamod:SkipABeat+1"],"picked":"hexamod:RadiantFlame","floor":21},{"not_picked":["hexamod:HauntingEcho","hexamod:ShieldOfDarkness"],"picked":"hexamod:Rewind+1","floor":22},{"not_picked":["hexamod:BurningTouch","hexamod:SoulSteal","hexamod:RecurringNightmare+1"],"picked":"SKIP","floor":23},{"not_picked":["hexamod:NightmareGuise","hexamod:SpectersWail"],"picked":"hexamod:Incineration","floor":28},{"not_picked":["hexamod:NightmareGuise+1","hexamod:SwordOfDarkness","hexamod:GhostOfSpirePresent+1"],"picked":"SKIP","floor":30},{"not_picked":["hexamod:Firestarter+1","hexamod:Incineration+1"],"picked":"hexamod:EtherealExpedition","floor":31},{"not_picked":["hexamod:SkipABeat","hexamod:GhostOfSpirePast"],"picked":"hexamod:StepThrough","floor":33},{"not_picked":["hexamod:GhostOfSpirePresent+1","hexamod:GhostLash"],"picked":"hexamod:HeatShield","floor":34},{"not_picked":["hexamod:AdvancingGuard"],"picked":"SKIP","floor":38},{"not_picked":["infinitespire:SealOfDarkness+","ReplayTheSpireMod:Echoes of Time"],"picked":"infinitespire:DeathsTouch","floor":39},{"not_picked":["hexamod:ThermalTransfer"],"picked":"SKIP","floor":40},{"not_picked":[],"picked":"hexamod:BurningTouch+1","floor":41},{"not_picked":["hexamod:NightmareStrike+1"],"picked":"SKIP","floor":46},{"not_picked":["hexamod:SecondSeal"],"picked":"SKIP","floor":47},{"not_picked":["hexamod:SecondSeal"],"picked":"SKIP","floor":48},{"not_picked":["hexamod:FifthSeal"],"picked":"SKIP","floor":50},{"not_picked":["hexamod:ChargedBarrage"],"picked":"SKIP","floor":51}],"player_experience":506076,"relics_obtained":[{"floor":7,"key":"Replay:WaspNest"},{"floor":12,"key":"Replay:Wax Seal"},{"floor":16,"key":"Blood Vial"},{"floor":19,"key":"Happy Flower"},{"floor":19,"key":"infinitespire:Midas Blood"},{"floor":19,"key":"TungstenRod"},{"floor":24,"key":"Gambling Chip"},{"floor":24,"key":"infinitespire:ShieldingShard"},{"floor":26,"key":"infinitespire:Beetle Shell"},{"floor":47,"key":"Ancient Tea Set"}],"event_choices":[{"damage_healed":0,"gold_gain":0,"player_choice":"Got Potions","damage_taken":0,"max_hp_gain":0,"max_hp_loss":0,"event_name":"Lab","floor":3,"gold_loss":0},{"damage_healed":0,"gold_gain":0,"player_choice":"Success","damage_taken":7,"relics_obtained":["Grinning Jar"],"max_hp_gain":0,"max_hp_loss":0,"event_name":"Scrap Ooze","floor":6,"gold_loss":0}],"is_beta":false,"boss_relics":[{"not_picked":["downfall:Hecktoplasm","Replay:Bronze Core"],"picked":"Calling Bell"},{"not_picked":["Snecko Eye","Empty Cage"],"picked":"Busted Crown"}],"items_purged_floors":[13,22,30,46],"is_endless":false,"potions_floor_spawned":[2,11,18,21,23,28,31,38,40,47,48],"ascension_level":0}}