{"host":"6q94iy5iz6612v89","time":1609882382,"event":{"mods":["AchievementEnabler","BaseMod","Colored Map","DeckTracker","Keyboard Shortcuts","Minty Spire (QoL Compilation)","Permanent Neow","StSLib","SuperFastMode"],"gold_per_floor":[112,127,142,142,160,160,178,178,205,239,254,254,33,63,63,63,63],"floor_reached":16,"playtime":275,"items_purged":["Strike_R"],"score":224,"play_id":"0167d435-0e4d-4bbb-9f55-8e507d444352","local_time":"20210106063302","is_ascension_mode":true,"campfire_choices":[{"data":"Uppercut","floor":6.0,"key":"SMITH"},{"data":"Body Slam","floor":8.0,"key":"SMITH"},{"floor":12.0,"key":"REST"},{"data":"Carnage","floor":15.0,"key":"SMITH"}],"circlet_count":0,"master_deck":["AscendersBane","Strike_R","Defend_R","Defend_R","Defend_R","Defend_R","Bash","Combust","Burning Pact","Sword Boomerang","Uppercut+1","Body Slam+1","Shrug It Off","Feel No Pain","Carnage+1"],"relics":["Burning Blood","Bag of Marbles","Akabeko","Regal Pillow"],"acts_visited":["Exordium"],"potions_floor_usage":[16,16],"damage_taken":[{"damage":3.0,"enemies":"2 Louse","floor":1.0,"turns":5.0},{"damage":12.0,"enemies":"Jaw Worm","floor":2.0,"turns":4.0},{"damage":2.0,"enemies":"Small Slimes","floor":3.0,"turns":2.0},{"damage":19.0,"enemies":"3 Louse","floor":5.0,"turns":4.0},{"damage":11.0,"enemies":"Exordium Wildlife","floor":7.0,"turns":3.0},{"damage":19.0,"enemies":"Gremlin Nob","floor":10.0,"turns":4.0},{"damage":0.0,"enemies":"2 Fungi Beasts","floor":11.0,"turns":2.0},{"damage":19.0,"enemies":"Lagavulin","floor":14.0,"turns":5.0},{"damage":36,"enemies":"Slime Boss","floor":16,"turns":5}],"seed_played":"6550857282015062543","potions_obtained":[{"floor":5.0,"key":"SkillPotion"},{"floor":10.0,"key":"Explosive Potion"},{"floor":14.0,"key":"FearPotion"}],"is_trial":false,"path_per_floor":["M","M","M","?","M","R","M","R","T","E","M","R","$","E","R","B"],"character_chosen":"IRONCLAD","items_purchased":["Shrug It Off","Feel No Pain"],"campfire_rested":1,"item_purchase_floors":[13,13],"current_hp_per_floor":[53,47,51,44,31,31,26,26,26,13,19,41,41,28,28,0,0],"gold":63,"neow_bonus":"TRANSFORM_TWO_CARDS","is_daily":false,"chose_seed":false,"campfire_upgraded":3,"win_rate":0.0,"timestamp":1609882382,"path_taken":["M","M","M","?","M","R","M","R","T","E","M","R","$","E","R","BOSS"],"items_purchased_type":["Card","Card"],"build_version":"2020-12-22","purchased_purges":1,"victory":false,"max_hp_per_floor":[75,75,75,75,75,75,75,75,75,75,75,75,75,75,75,75,75],"card_choices":[{"not_picked":["Flex","Power Through"],"picked":"Sword Boomerang","floor":1.0},{"not_picked":["Headbutt","True Grit"],"picked":"Uppercut","floor":2.0},{"not_picked":["Anger","Perfected Strike","Warcry"],"picked":"SKIP","floor":3.0},{"not_picked":["Cleave","Exhume"],"picked":"Body Slam","floor":5.0},{"not_picked":["Armaments","Cleave","Reckless Charge"],"picked":"SKIP","floor":7.0},{"not_picked":["Thunderclap","Combust","Cleave"],"picked":"SKIP","floor":10.0},{"not_picked":["True Grit","Whirlwind","Headbutt"],"picked":"SKIP","floor":11.0},{"not_picked":["Flame Barrier","Iron Wave"],"picked":"Carnage","floor":14.0}],"player_experience":1432180,"relics_obtained":[{"floor":9.0,"key":"Bag of Marbles"},{"floor":10.0,"key":"Akabeko"},{"floor":14.0,"key":"Regal Pillow"}],"event_choices":[{"cards_removed":["Strike_R"],"damage_healed":0.0,"max_hp_gain":0.0,"max_hp_loss":0.0,"gold_gain":0.0,"event_name":"Golden Wing","player_choice":"Card Removal","floor":4.0,"gold_loss":0.0,"damage_taken":7.0}],"is_beta":false,"boss_relics":[],"items_purged_floors":[13],"is_endless":false,"potions_floor_spawned":[5,10,14],"killed_by":"Slime Boss","ascension_level":20}}