{"host":"ig7tc0uedzltt2sr","time":1609820735,"event":{"mods":["BaseMod","Better Twitch Integration","Block Reminder","Colored Map","Colored Powertips","Communication Mod","Current Relic Mod","GifTheSpireLib","HexUI Lib","Minty Spire (QoL Compilation)","Quick Restart","Random Character Button","Rare Cards Sparkle","Relic Sorter","Relic Stats","Slay the Relics Exporter","StSLib","SuperFastMode","Synergy Search","Twitch Decklist","Twitch Utils","everything is the same but u backflip on backflip","slay the spire mod where everything is the same but ironclad has a cowboy hat"],"gold_per_floor":[116,131,131,151,121,121,134,134,216,226,237,237,237],"floor_reached":12,"playtime":129,"items_purged":[],"score":72,"play_id":"e57f3e61-fe2e-4958-a168-e9bbd17d0b42","local_time":"20210104202535","is_ascension_mode":false,"campfire_choices":[{"floor":6,"key":"REST"},{"data":"Strike_R","floor":8,"key":"SMITH"}],"circlet_count":0,"master_deck":["Strike_R+1","Strike_R","Strike_R","Strike_R","Strike_R","Defend_R","Defend_R","Defend_R","Defend_R","Bash","Battle Trance","Fiend Fire","Entrench","Sword Boomerang","Reckless Charge","Rage","Power Through"],"relics":["Burning Blood"],"acts_visited":["Exordium"],"potions_floor_usage":[],"damage_taken":[{"damage":26,"enemies":"Jaw Worm","floor":1,"turns":8},{"damage":36,"enemies":"Cultist","floor":2,"turns":8},{"damage":5,"enemies":"Small Slimes","floor":4,"turns":4},{"damage":5,"enemies":"Looter","floor":5,"turns":4},{"damage":13,"enemies":"2 Fungi Beasts","floor":7,"turns":8},{"damage":42,"enemies":"Exordium Thugs","floor":10,"turns":8},{"damage":0,"enemies":"Exordium Wildlife","floor":11,"turns":2},{"damage":40,"enemies":"Lagavulin","floor":12,"turns":9}],"seed_played":"-7542559771070531515","potions_obtained":[{"floor":2,"key":"AttackPotion"},{"floor":7,"key":"SteroidPotion"},{"floor":10,"key":"Fire Potion"},{"floor":11,"key":"ColorlessPotion"}],"is_trial":false,"path_per_floor":["M","M","$","M","M","R","M","R","T","M","M","E"],"character_chosen":"IRONCLAD","items_purchased":[],"campfire_rested":1,"item_purchase_floors":[],"current_hp_per_floor":[68,38,38,39,40,66,59,59,59,23,29,0,0],"gold":237,"neow_bonus":"TEN_PERCENT_HP_BONUS","is_daily":false,"chose_seed":false,"campfire_upgraded":1,"win_rate":0.0,"timestamp":1609820735,"path_taken":["M","M","$","M","M","R","M","R","T","M","M","E"],"items_purchased_type":[],"build_version":"2020-12-22","purchased_purges":0,"victory":false,"max_hp_per_floor":[88,88,88,88,88,88,88,88,88,88,88,88,88],"relic_stats":{"counters":[8,51],"obtain_stats":[{"Burning Blood":0},{"Burning Blood":0},{"Burning Blood":0}],"Burning Blood":42},"card_choices":[{"not_picked":["Anger","Twin Strike"],"picked":"Battle Trance","floor":1},{"not_picked":["Body Slam","Pummel"],"picked":"Fiend Fire","floor":2},{"not_picked":["Clash","Intimidate"],"picked":"Entrench","floor":4},{"not_picked":["Havoc","Headbutt"],"picked":"Sword Boomerang","floor":5},{"not_picked":["Wild Strike","Anger"],"picked":"Reckless Charge","floor":7},{"not_picked":["Clash","Dark Embrace"],"picked":"Rage","floor":10},{"not_picked":["Heavy Blade","Warcry"],"picked":"Power Through","floor":11}],"player_experience":1421926,"relics_obtained":[],"event_choices":[],"is_beta":false,"boss_relics":[],"items_purged_floors":[],"is_endless":false,"potions_floor_spawned":[2,7,10,11],"killed_by":"Lagavulin","ascension_level":0}}