{"host":"zjc1tzo4ovig5lll","time":1609866960,"event":{"mods":["AchievementEnabler","Aspiration","BaseMod","Beaked The Cultist","Better Altar","Better Match","Better Note","Better Sensory Stone","Colored Map","Colored Powertips","Conspire","Energized Spire","Friendly Minions","GifTheSpireLib","Halation","Hermit","Hubris","Minty Spire (QoL Compilation)","Rare Cards Sparkle","Replay The Spire","StSLib","The Blue Laboratory","The Bug Knight","The Construct","The Jungle","everything is the same but u backflip on backflip","vexMod"],"gold_per_floor":[113,79,125,125,200,200,226,236,259,259,276,286,204,229,229,229,229],"floor_reached":16,"playtime":510,"items_purged":[],"score":153,"play_id":"1ffbed6e-9ae1-4087-9c8a-2b85211a57cc","local_time":"20210105191600","is_ascension_mode":true,"campfire_choices":[{"data":"Fusion","floor":6,"key":"SMITH"},{"data":"ReplayRNGCard","floor":10,"key":"SMITH"},{"floor":15,"key":"REST"}],"circlet_count":0,"master_deck":["Strike_B","Strike_B","Defend_B","Defend_B","Defend_B","Defend_B","Zap","Dualcast","Fusion+1","ReplayTheSpireMod:Calculation Training","ReplayTheSpireMod:GoodbyeWorld","ReplayRNGCard+1","Defragment","Hologram"],"relics":["Cracked Core","NeowsBlessing","halation:EternalFortune","Replay:PocketPolymizer","halation:PrussianBluePaint","hubris:BottledRain"],"acts_visited":["Exordium"],"potions_floor_usage":[],"damage_taken":[{"damage":0,"enemies":"Cultist","floor":1,"turns":1},{"damage":0,"enemies":"Gremlin Nob","floor":7,"turns":1},{"damage":0,"enemies":"Jaw Worm","floor":8,"turns":1},{"damage":0,"enemies":"Small Slimes","floor":11,"turns":3},{"damage":28,"enemies":"Exordium Thugs","floor":12,"turns":6},{"damage":25,"enemies":"3 Sentries","floor":14,"turns":4},{"damage":50,"enemies":"Slime Boss","floor":16,"turns":6}],"seed_played":"8728968838430609314","potions_obtained":[],"is_trial":false,"path_per_floor":["M","$","T","?","?","R","E","M","T","R","M","M","$","E","R","B"],"character_chosen":"DEFECT","items_purchased":["ReplayTheSpireMod:Calculation Training","Defragment"],"campfire_rested":1,"item_purchase_floors":[2,13],"current_hp_per_floor":[75,75,75,78,71,71,71,71,71,71,71,43,43,18,41,0,0],"gold":229,"neow_bonus":"THREE_ENEMY_KILL","is_daily":false,"chose_seed":false,"campfire_upgraded":2,"win_rate":0.0,"timestamp":1609866960,"path_taken":["M","$","?","?","?","R","E","M","T","R","?","M","?","E","R","BOSS"],"items_purchased_type":["Card","Card"],"build_version":"2020-12-22","purchased_purges":0,"victory":false,"max_hp_per_floor":[75,75,75,78,78,78,78,78,78,78,78,78,78,78,78,78,78],"card_choices":[{"not_picked":["Aggregate","Panic Button"],"picked":"Fusion","floor":1},{"not_picked":["Skim","Steam","Stack"],"picked":"SKIP","floor":7},{"not_picked":["Compile Driver","Steam"],"picked":"ReplayTheSpireMod:GoodbyeWorld","floor":8},{"not_picked":["Ball Lightning","conspire:Rain","Panic Button"],"picked":"SKIP","floor":11},{"not_picked":["Ball Lightning","Rebound","Scrape"],"picked":"SKIP","floor":12},{"not_picked":["Go for the Eyes","Reprogram","Fusion"],"picked":"SKIP","floor":14}],"player_experience":611442,"relics_obtained":[{"floor":7,"key":"Replay:PocketPolymizer"},{"floor":9,"key":"halation:PrussianBluePaint"},{"floor":14,"key":"hubris:BottledRain"}],"event_choices":[{"damage_healed":0,"gold_gain":75,"player_choice":"Touch","damage_taken":7,"max_hp_gain":0,"max_hp_loss":0,"event_name":"FaceTrader","floor":5,"gold_loss":0}],"is_beta":false,"boss_relics":[],"items_purged_floors":[],"is_endless":false,"potions_floor_spawned":[1,11],"killed_by":"Slime Boss","ascension_level":3}}