{"host":"mydft8i2zzydgggw","time":1609858551,"event":{"mods":["AchievementEnabler","BaseMod","Colored Map","Colored Powertips","DeckTracker","Keyboard Shortcuts","Minty Spire (QoL Compilation)","Quick Restart","Rare Cards Sparkle","StSLib","SuperFastMode","The Poker Player","everything is the same but u backflip on backflip"],"gold_per_floor":[110,6,6,81,95,128,128,169,221,246,246,0,73,86,86,212,212,235,235,235,150,75,108,108,144,144,185,185,185,185],"floor_reached":29,"playtime":824,"items_purged":["Strike_B"],"score":372,"play_id":"1536f586-4fb7-465f-a0f0-6f837d8c2036","local_time":"20210105235551","is_ascension_mode":true,"campfire_choices":[{"data":"Fusion","floor":7,"key":"SMITH"},{"floor":11,"key":"REST"},{"floor":15,"key":"REST"},{"floor":24,"key":"REST"},{"floor":28,"key":"REST"}],"circlet_count":2,"master_deck":["Strike_B","Strike_B","Defend_B","Defend_B","Defend_B","Zap","Dualcast","Fusion+1","Compile Driver","Core Surge","Reinforced Body","Electrodynamics","Fission","Reboot","Undo"],"relics":["Cracked Core","NeowsBlessing","Golden Idol","Circlet","PreservedInsect","Ancient Tea Set","Gremlin Horn","WingedGreaves","Nuclear Battery","TungstenRod","Eternal Feather","Sundial"],"acts_visited":["Exordium","TheCity"],"potions_floor_usage":[8,16,16,16,16,27],"damage_taken":[{"damage":0,"enemies":"Jaw Worm","floor":1,"turns":1},{"damage":0,"enemies":"Small Slimes","floor":5,"turns":1},{"damage":0,"enemies":"Lagavulin","floor":6,"turns":1},{"damage":30,"enemies":"3 Sentries","floor":8,"turns":6},{"damage":1,"enemies":"2 Louse","floor":10,"turns":2},{"damage":4,"enemies":"Gremlin Nob","floor":13,"turns":3},{"damage":7,"enemies":"Looter","floor":14,"turns":3},{"damage":46,"enemies":"The Guardian","floor":16,"turns":11},{"damage":12,"enemies":"Chosen","floor":18,"turns":5},{"damage":64,"enemies":"Book of Stabbing","floor":23,"turns":8},{"damage":17,"enemies":"Slavers","floor":25,"turns":3},{"damage":20,"enemies":"Gremlin Leader","floor":27,"turns":6},{"damage":41,"enemies":"Book of Stabbing","floor":29,"turns":4}],"seed_played":"2682458753659934048","potions_obtained":[{"floor":1,"key":"AttackPotion"},{"floor":13,"key":"EntropicBrew"},{"floor":14,"key":"AttackPotion"},{"floor":23,"key":"PotionOfCapacity"},{"floor":25,"key":"SpeedPotion"}],"is_trial":false,"path_per_floor":["M","$","?","?","M","E","R","E","T","M","R","$","?","M","R","B",null,"M","?","?","?","$","E","R","E","T","E","R","E"],"character_chosen":"DEFECT","items_purchased":["FairyPotion","Gremlin Horn"],"campfire_rested":4,"item_purchase_floors":[2,12],"current_hp_per_floor":[75,75,57,46,46,46,46,16,16,15,37,37,33,26,48,2,75,63,63,63,63,63,22,44,27,27,7,38,0,0],"gold":185,"neow_bonus":"THREE_ENEMY_KILL","is_daily":false,"chose_seed":false,"campfire_upgraded":1,"win_rate":0.0,"timestamp":1609858551,"path_taken":["M","$","?","?","M","E","R","E","T","?","R","$","?","M","R","BOSS","M","?","?","?","?","E","R","E","T","E","R","E"],"items_purchased_type":["Potion","Relic"],"build_version":"2020-12-22","purchased_purges":1,"victory":false,"max_hp_per_floor":[75,75,75,75,75,75,75,75,75,75,75,75,75,75,75,75,75,75,75,75,75,75,75,75,75,75,75,75,75,75],"card_choices":[{"not_picked":["Redo","Turbo","Hologram"],"picked":"SKIP","floor":1},{"not_picked":["Rip and Tear","Stack"],"picked":"Fusion","floor":5},{"not_picked":["Beam Cell","Rebound","Chill"],"picked":"SKIP","floor":6},{"not_picked":["Melter","Steam","Capacitor"],"picked":"SKIP","floor":8},{"not_picked":["Steam Power","Turbo"],"picked":"Compile Driver","floor":10},{"not_picked":["Rip and Tear","Steam","White Noise"],"picked":"SKIP","floor":14},{"not_picked":["All For One","Thunder Strike"],"picked":"Core Surge","floor":16},{"not_picked":["Hologram","Go for the Eyes"],"picked":"Reinforced Body","floor":18},{"not_picked":["Auto Shields+1","Compile Driver"],"picked":"Reboot","floor":23},{"not_picked":["Compile Driver+1","Blizzard","Redo"],"picked":"SKIP","floor":25},{"not_picked":["Redo","Force Field+1"],"picked":"Undo","floor":27}],"player_experience":104423,"relics_obtained":[{"floor":6,"key":"Circlet"},{"floor":8,"key":"PreservedInsect"},{"floor":9,"key":"Ancient Tea Set"},{"floor":13,"key":"WingedGreaves"},{"floor":23,"key":"TungstenRod"},{"floor":25,"key":"Eternal Feather"},{"floor":27,"key":"Sundial"}],"event_choices":[{"damage_healed":0,"gold_gain":0,"player_choice":"Take Damage","damage_taken":18,"relics_obtained":["Golden Idol"],"max_hp_gain":0,"max_hp_loss":0,"event_name":"Golden Idol","floor":3,"gold_loss":0},{"damage_healed":0,"gold_gain":75,"player_choice":"Gather Gold","damage_taken":11,"max_hp_gain":0,"max_hp_loss":0,"event_name":"World of Goop","floor":4,"gold_loss":0},{"damage_healed":0,"gold_gain":0,"player_choice":"Searched \u00271\u0027 times","damage_taken":0,"max_hp_gain":0,"max_hp_loss":0,"event_name":"Dead Adventurer","floor":13,"gold_loss":0},{"damage_healed":0,"gold_gain":0,"cards_transformed":["Defend_B","Strike_B"],"player_choice":"Became Test Subject","damage_taken":0,"max_hp_gain":0,"max_hp_loss":0,"event_name":"Drug Dealer","floor":19,"gold_loss":0,"cards_obtained":["Electrodynamics","Fission"]},{"damage_healed":0,"gold_gain":0,"player_choice":"Ignored","damage_taken":0,"max_hp_gain":0,"max_hp_loss":0,"event_name":"Vampires","floor":20,"gold_loss":0},{"damage_healed":0,"gold_gain":0,"player_choice":"Obtained Relic","damage_taken":0,"relics_obtained":["Circlet"],"max_hp_gain":0,"max_hp_loss":0,"event_name":"Addict","floor":21,"gold_loss":85}],"is_beta":false,"boss_relics":[{"not_picked":["Cursed Key","SacredBark"],"picked":"Nuclear Battery"}],"items_purged_floors":[22],"is_endless":false,"potions_floor_spawned":[1,13,14,23,25],"killed_by":"Book of Stabbing","ascension_level":4}}