{"host":"szhlby826bwwvape","time":1609873388,"event":{"mods":["Act Like it!","BaseMod","Colored Map","Colored Powertips","Downfall","Hallownest","Minty Spire (QoL Compilation)","Rare Cards Sparkle","Replay The Spire","StSLib","The Bug Knight"],"gold_per_floor":[99,115,129,158,18,18,18,33,33,18,18,49,66,66,82,177,177,177,197,215,234,119,145,145,157,157,172,5,25,25,37,49,144,144,238,248,268,45,62,96,96,107,107,136,136,170,170,183,197,197],"floor_reached":51,"playtime":8142,"items_purged":["Guardian:Strike_Guardian","Guardian:Strike_Guardian"],"score":863,"play_id":"aa20f044-56b4-4899-b045-34d8b31cc814","local_time":"20210106030308","is_ascension_mode":false,"campfire_choices":[{"data":"Guardian:TwinSlam","floor":1,"key":"SMITH"},{"data":"Guardian:BronzeArmor","floor":6,"key":"SMITH"},{"data":"Guardian:TemporalShield","floor":9,"key":"SMITH"},{"floor":11,"key":"REST"},{"data":"Guardian:StasisStrike","floor":18,"key":"SMITH"},{"data":"Guardian:SentryBeam","floor":26,"key":"SMITH"},{"data":"Guardian:TimeCapacitor","floor":30,"key":"SMITH"},{"floor":43,"key":"RECALL"},{"data":"Guardian:RevengeProtocol","floor":45,"key":"SMITH"}],"circlet_count":0,"master_deck":["Guardian:Strike_Guardian","Guardian:Strike_Guardian","Guardian:Defend_Guardian","Guardian:Defend_Guardian","Guardian:Defend_Guardian","Guardian:Defend_Guardian","Guardian:CurlUp","Guardian:TwinSlam+1","Guardian:Reroute","Guardian:BronzeArmor+1","Guardian:TemporalShield+1","Guardian:ChargeCore","Guardian:ChargeCore","Guardian:Reroute","Guardian:SentryBeam+1","Guardian:EvasiveProtocol","Guardian:StasisStrike+1","Guardian:SpikerProtocol+1","Guardian:TimeSifter","Guardian:Repulse+1","Guardian:CrystalBeam+1","Guardian:TimeCapacitor+1","Guardian:TimeBomb","expansioncontent:Flail","Guardian:ChargeUp","Guardian:RevengeProtocol+1","Guardian:ChargeCore+1","Guardian:Reroute+1","Guardian:AncientConstruct","Guardian:VentSteam+1","Parasite","Guardian:Clone","Guardian:Gem_Crimson","Guardian:ExploitGems","expansioncontent:Torchfire","Guardian:FloatingOrbs+1"],"relics":["Guardian:ModeShifter","Replay:Kaleidoscope","Mirror","ChewingGum","Replay:Wax Seal","ReplayTheSpireMod:Shallot","TungstenRod","Philosopher\u0027s Stone","Replay:Rubber Ducky","Bag of Preparation","Unceasing Top","Oddly Smooth Stone","Guardian:PickAxe"],"acts_visited":["Exordium","TheCity","TheBeyond"],"potions_floor_usage":[16,16,21,33,33,36,40,44,46,50],"damage_taken":[{"damage":0,"enemies":"2 Louse","floor":2,"turns":2},{"damage":0,"enemies":"Small Slimes","floor":3,"turns":3},{"damage":0,"enemies":"downfall:FleeingMerchant","floor":5,"turns":4},{"damage":0,"enemies":"Cultist","floor":8,"turns":2},{"damage":2,"enemies":"downfall:FleeingMerchant","floor":10,"turns":4},{"damage":8,"enemies":"3 Sentries","floor":12,"turns":8},{"damage":6,"enemies":"Exordium Thugs","floor":13,"turns":4},{"damage":3,"enemies":"Blue Slaver","floor":15,"turns":3},{"damage":16,"enemies":"downfall:Silent","floor":16,"turns":7},{"damage":1,"enemies":"Spheric Guardian","floor":19,"turns":3},{"damage":0,"enemies":"Chosen","floor":20,"turns":4},{"damage":10,"enemies":"Snecko","floor":21,"turns":5},{"damage":0,"enemies":"downfall:FleeingMerchant","floor":22,"turns":4},{"damage":0,"enemies":"HollowMod:Nosk","floor":23,"turns":7},{"damage":0,"enemies":"Centurion and Healer","floor":25,"turns":6},{"damage":0,"enemies":"3 Cultists","floor":27,"turns":4},{"damage":0,"enemies":"downfall:FleeingMerchant","floor":28,"turns":4},{"damage":0,"enemies":"Snake Plant","floor":29,"turns":4},{"damage":0,"enemies":"Cultist and Chosen","floor":31,"turns":4},{"damage":0,"enemies":"Centurion and Healer","floor":32,"turns":6},{"damage":16,"enemies":"downfall:Ironclad","floor":33,"turns":7},{"damage":2,"enemies":"3 Shapes","floor":36,"turns":4},{"damage":10,"enemies":"3 Darklings","floor":37,"turns":3},{"damage":0,"enemies":"Spire Growth","floor":39,"turns":4},{"damage":0,"enemies":"Giant Head","floor":40,"turns":8},{"damage":0,"enemies":"Writhing Mass","floor":42,"turns":5},{"damage":6,"enemies":"Nemesis","floor":44,"turns":5},{"damage":14,"enemies":"Reptomancer","floor":46,"turns":5},{"damage":4,"enemies":"Spire Growth","floor":48,"turns":4},{"damage":13,"enemies":"Sphere and 2 Shapes","floor":49,"turns":4},{"damage":0,"enemies":"downfall:Watcher","floor":50,"turns":6}],"seed_played":"339813724215724064","potions_obtained":[{"floor":8,"key":"Weak Potion"},{"floor":12,"key":"Adrenaline Potion"},{"floor":13,"key":"SkillPotion"},{"floor":15,"key":"FairyPotion"},{"floor":16,"key":"Languid Potion"},{"floor":19,"key":"SkillPotion"},{"floor":25,"key":"Block Potion"},{"floor":27,"key":"SkillPotion"},{"floor":33,"key":"Block Potion"},{"floor":36,"key":"AttackPotion"},{"floor":40,"key":"SteroidPotion"},{"floor":44,"key":"sneckomod:MuddlingPotion"},{"floor":49,"key":"SteroidPotion"}],"is_trial":false,"path_per_floor":["R","M","M","?","$","R","T","M","R","$","R","E","M","?","M","B",null,"R","M","M","M","$","E","T","M","R","M","$","M","R","M","M","B",null,"R_BF","M","M","$","M","E","T","M","R","E","R","E","?","M","M","B",null],"character_chosen":"GUARDIAN","items_purchased":["Guardian:ChargeCore","TungstenRod","Guardian:TimeCapacitor","Guardian:TimeBomb","expansioncontent:Flail","Replay:Rubber Ducky","DistilledChaos"],"campfire_rested":1,"item_purchase_floors":[5,28,28,28,28,38,38],"current_hp_per_floor":[88,88,88,53,53,53,53,53,53,51,77,69,63,63,60,44,88,88,87,87,77,77,77,77,77,77,77,77,77,77,77,77,61,88,88,86,76,76,76,76,76,76,76,70,70,56,56,52,39,39],"gold":197,"neow_bonus":"TEN_PERCENT_HP_BONUS","is_daily":false,"chose_seed":false,"campfire_upgraded":7,"win_rate":0.0,"timestamp":1609873388,"path_taken":["R","M","M","?","$","R","T","M","R","?","R","E","?","?","M","BOSS","R","M","M","M","$","E","T","M","R","?","$","M","R","?","M","BOSS","R_BF","M","M","$","M","E","T","M","R","E","R","E","?","?","M","BOSS"],"items_purchased_type":["Card","Relic","Card","Card","Card","Relic","Potion"],"build_version":"2020-12-22","purchased_purges":2,"victory":true,"max_hp_per_floor":[88,88,88,88,88,88,88,88,88,88,88,88,88,88,88,88,88,88,88,88,88,88,88,88,88,88,88,88,88,88,88,88,88,88,88,88,88,88,88,88,88,88,88,88,88,88,88,88,88,88],"card_choices":[{"not_picked":["Guardian:Planning","Guardian:PiercingHide"],"picked":"Guardian:Reroute","floor":2},{"not_picked":["Guardian:Harden","Guardian:Gem_Lightblue"],"picked":"Guardian:Gem_White","floor":3},{"not_picked":["Guardian:Planning","Guardian:PolyBeam"],"picked":"Guardian:BronzeArmor","floor":4},{"not_picked":["Guardian:Incinerate","Guardian:Repulse"],"picked":"Guardian:TemporalShield","floor":5},{"not_picked":["Guardian:Suspension","Guardian:RollAttack"],"picked":"Guardian:ChargeCore","floor":8},{"not_picked":["Guardian:PrimingBeam","Guardian:Suspension"],"picked":"Guardian:Reroute","floor":10},{"not_picked":["Guardian:WalkerClaw","Guardian:TimeSifter"],"picked":"Guardian:SentryBeam","floor":12},{"not_picked":["Guardian:SentryBeam","Guardian:VentSteam"],"picked":"Guardian:EvasiveProtocol","floor":13},{"not_picked":["Guardian:Incinerate","Guardian:Gem_Cyan"],"picked":"Guardian:Gem_Red","floor":15},{"not_picked":["Guardian:Gem_Synthetic","Guardian:HyperBeam_Guardian"],"picked":"Guardian:StasisStrike","floor":16},{"not_picked":["Guardian:WalkerClaw","Guardian:VentSteam"],"picked":"Guardian:Gem_Crimson","floor":19},{"not_picked":["Guardian:VentSteam","Guardian:ShieldCharger+1","Guardian:ChargeCore"],"picked":"SKIP","floor":20},{"not_picked":["Guardian:Harden","Guardian:PrismaticBeam"],"picked":"Guardian:Gem_Lightblue","floor":21},{"not_picked":["Guardian:ChargeCore","Guardian:PolyBeam"],"picked":"Guardian:SpikerProtocol+1","floor":22},{"not_picked":["Guardian:Reroute","Guardian:Gem_Red"],"picked":"Guardian:TimeSifter","floor":23},{"not_picked":["Guardian:Gem_Red","Guardian:Planning"],"picked":"Guardian:Repulse+1","floor":25},{"not_picked":["Guardian:ChargeUp","Guardian:Incinerate+1"],"picked":"Guardian:CrystalBeam+1","floor":27},{"not_picked":["Guardian:Suspension","Guardian:Emergency","Guardian:SpikerProtocol"],"picked":"SKIP","floor":28},{"not_picked":["Guardian:Harden","Guardian:Recover"],"picked":"Guardian:ChargeUp","floor":29},{"not_picked":["Guardian:CrystalBeam","Guardian:ChargeUp+1"],"picked":"Guardian:Gem_Lightblue","floor":31},{"not_picked":["Guardian:BronzeArmor","Guardian:VentSteam"],"picked":"Guardian:Gem_White","floor":32},{"not_picked":["Guardian:AncientConstruct","Guardian:TimeSifter"],"picked":"Guardian:RevengeProtocol","floor":33},{"not_picked":["Guardian:ShieldCharger","Guardian:Planning"],"picked":"Guardian:ChargeCore+1","floor":36},{"not_picked":["Guardian:Suspension+1","Guardian:VentSteam+1"],"picked":"Guardian:Reroute+1","floor":37},{"not_picked":["Guardian:Gem_Cyan","Guardian:Reroute"],"picked":"Guardian:AncientConstruct","floor":39},{"not_picked":["Guardian:ArmoredProtocol","Guardian:PiercingHide"],"picked":"Guardian:VentSteam+1","floor":40},{"not_picked":["Guardian:Incinerate","Guardian:TemporalStrike"],"picked":"Guardian:Gem_Cyan","floor":42},{"not_picked":["Guardian:Incinerate","Guardian:VentSteam"],"picked":"Guardian:Clone","floor":44},{"not_picked":["Guardian:TemporalStrike","Guardian:HyperBeam_Guardian"],"picked":"Guardian:Gem_Crimson","floor":46},{"not_picked":["Guardian:ShieldSpikes+1","Guardian:ArmoredProtocol","Guardian:Incinerate"],"picked":"SKIP","floor":48},{"not_picked":["Guardian:Preprogram+1","Guardian:GuardianWhirl+1"],"picked":"Guardian:FloatingOrbs+1","floor":49}],"player_experience":153634,"relics_obtained":[{"floor":4,"key":"Replay:Kaleidoscope"},{"floor":12,"key":"Mirror"},{"floor":23,"key":"Replay:Wax Seal"},{"floor":24,"key":"ReplayTheSpireMod:Shallot"},{"floor":40,"key":"Bag of Preparation"},{"floor":41,"key":"Unceasing Top"},{"floor":44,"key":"Oddly Smooth Stone"},{"floor":46,"key":"Guardian:PickAxe"}],"event_choices":[{"damage_healed":0,"gold_gain":0,"player_choice":"Ignored","damage_taken":0,"max_hp_gain":0,"max_hp_loss":0,"event_name":"NoteForYourself","floor":14,"gold_loss":0}],"is_beta":false,"boss_relics":[{"not_picked":["Honey Jar","Snecko Eye"],"picked":"ChewingGum"},{"not_picked":["Tiny House","Coffee Dripper"],"picked":"Philosopher\u0027s Stone"}],"items_purged_floors":[5,22],"is_endless":false,"potions_floor_spawned":[8,12,13,15,16,19,25,27,31,32,33,36,40,44,49],"ascension_level":0}}