{"host":"ynimr9ugvc6f046i","time":1609860169,"event":{"mods":["2.2 Compatiblity","BaseMod","Colored Map","DeckTracker","Highlight Path","Keyboard Shortcuts","Minty Spire (QoL Compilation)","Permanent Neow","Quick Restart","StSLib","SuperFastMode"],"gold_per_floor":[118,118,43,43,62,93,93,93,93,18,18,32,49,61,61,132,132,150,150,50,50,50,50,63,81,152,27,27,27,27,57,57,131,131,144,144,158,176,192,192,217,32,32,32,43,56,69,80,80,80,80,80,80,11,37,37],"floor_reached":57,"playtime":1705,"items_purged":["Defend_P","Strike_P","Strike_P","Defend_P"],"score":3179,"play_id":"8a0d3cda-bab0-4554-ad39-13709434437a","local_time":"20210106002249","is_ascension_mode":true,"campfire_choices":[{"data":"Eruption","floor":7.0,"key":"SMITH"},{"data":"EmptyFist","floor":15.0,"key":"SMITH"},{"data":"Scrawl","floor":23.0,"key":"SMITH"},{"data":"MentalFortress","floor":29.0,"key":"SMITH"},{"floor":32.0,"key":"RECALL"},{"data":"Ragnarok","floor":40.0,"key":"SMITH"},{"data":"Vault","floor":44.0,"key":"SMITH"},{"data":"TalkToTheHand","floor":49.0,"key":"SMITH"},{"data":"Vigilance","floor":53.0,"key":"SMITH"}],"circlet_count":0,"master_deck":["AscendersBane","Defend_P","Eruption+1","Vigilance+1","FlurryOfBlows","FlurryOfBlows","Scrawl+1","MentalFortress+1","EmptyFist","Ragnarok+1","TalkToTheHand+1","InnerPeace+1","Vault+1","Adaptation"],"relics":["Runic Pyramid","Ornamental Fan","Lantern","Mummified Hand","Coffee Dripper","Akabeko","Bottled Tornado","The Courier","Bronze Scales","VioletLotus","Yang","Happy Flower"],"acts_visited":["Exordium","TheCity","TheBeyond","TheEnding"],"potions_floor_usage":[56],"damage_taken":[{"damage":24.0,"enemies":"Small Slimes","floor":1.0,"turns":2.0},{"damage":0.0,"enemies":"2 Louse","floor":5.0,"turns":2.0},{"damage":0.0,"enemies":"Gremlin Nob","floor":6.0,"turns":1.0},{"damage":0.0,"enemies":"Jaw Worm","floor":12.0,"turns":1.0},{"damage":20.0,"enemies":"Gremlin Gang","floor":13.0,"turns":4.0},{"damage":3.0,"enemies":"3 Louse","floor":14.0,"turns":3.0},{"damage":0.0,"enemies":"Slime Boss","floor":16.0,"turns":4.0},{"damage":0.0,"enemies":"Chosen","floor":18.0,"turns":3.0},{"damage":0.0,"enemies":"Spheric Guardian","floor":24.0,"turns":2.0},{"damage":1.0,"enemies":"Centurion and Healer","floor":25.0,"turns":2.0},{"damage":0.0,"enemies":"Gremlin Leader","floor":31.0,"turns":5.0},{"damage":0.0,"enemies":"Automaton","floor":33.0,"turns":8.0},{"damage":0.0,"enemies":"3 Darklings","floor":35.0,"turns":2.0},{"damage":20.0,"enemies":"3 Shapes","floor":37.0,"turns":2.0},{"damage":3.0,"enemies":"Jaw Worm Horde","floor":38.0,"turns":3.0},{"damage":0.0,"enemies":"Sphere and 2 Shapes","floor":39.0,"turns":5.0},{"damage":0.0,"enemies":"Giant Head","floor":41.0,"turns":4.0},{"damage":0.0,"enemies":"Writhing Mass","floor":45.0,"turns":4.0},{"damage":0.0,"enemies":"Maw","floor":46.0,"turns":6.0},{"damage":0.0,"enemies":"3 Darklings","floor":47.0,"turns":3.0},{"damage":0.0,"enemies":"Sphere and 2 Shapes","floor":48.0,"turns":4.0},{"damage":0.0,"enemies":"Donu and Deca","floor":50.0,"turns":6.0},{"damage":21.0,"enemies":"Awakened One","floor":51.0,"turns":10.0},{"damage":49.0,"enemies":"Shield and Spear","floor":55.0,"turns":6.0},{"damage":4,"enemies":"The Heart","floor":56,"turns":7}],"seed_played":"8430749236219708445","potions_obtained":[{"floor":6.0,"key":"CultistPotion"},{"floor":13.0,"key":"Weak Potion"},{"floor":24.0,"key":"Fruit Juice"},{"floor":31.0,"key":"DuplicationPotion"},{"floor":35.0,"key":"SkillPotion"},{"floor":39.0,"key":"Regen Potion"},{"floor":48.0,"key":"StancePotion"},{"floor":55.0,"key":"AttackPotion"}],"is_trial":false,"path_per_floor":["M","?","?","$","M","E","R","?","T","$","?","M","M","M","R","B",null,"M","?","$","?","?","R","M","M","T","$","T","R","?","E","R","B",null,"M","?","M","M","M","R","E","$","T","R","M","M","M","M","R","B","B",null,"R","$","E","B",null],"character_chosen":"WATCHER","items_purchased":["Vault","Adaptation"],"campfire_rested":0,"item_purchase_floors":[42,54],"current_hp_per_floor":[37,30,30,30,30,30,30,30,30,30,30,30,10,7,7,7,53,53,53,53,53,53,53,53,52,52,52,52,52,52,57,57,57,69,69,69,49,46,46,46,46,46,46,46,46,46,46,46,46,46,25,58,58,58,9,5],"gold":37,"neow_bonus":"BOSS_RELIC","is_daily":false,"chose_seed":false,"campfire_upgraded":8,"win_rate":0.0,"timestamp":1609860169,"path_taken":["M","?","?","?","?","E","R","?","T","?","?","M","M","M","R","BOSS","M","?","?","?","?","R","M","?","T","?","?","R","?","E","R","BOSS","M","?","M","M","M","R","E","$","T","R","M","M","M","M","R","BOSS","BOSS","R","$","E","BOSS"],"items_purchased_type":["Card","Card"],"build_version":"2020-12-22","purchased_purges":4,"victory":true,"max_hp_per_floor":[68,68,68,68,68,68,68,68,68,68,68,68,68,68,68,68,68,68,68,68,68,68,68,68,68,68,68,68,68,68,73,73,73,73,73,69,69,69,69,69,69,69,69,69,69,69,69,69,69,69,69,69,69,69,69,69],"card_choices":[{"not_picked":["ThirdEye","CarveReality"],"picked":"FlurryOfBlows","floor":1.0},{"not_picked":["CrushJoints","ThirdEye"],"picked":"EmptyFist","floor":5.0},{"not_picked":["Evaluate","Nirvana"],"picked":"FlurryOfBlows","floor":6.0},{"not_picked":["CutThroughFate","SignatureMove","Conclude"],"picked":"SKIP","floor":12.0},{"not_picked":["CutThroughFate","SignatureMove","Conclude"],"picked":"SKIP","floor":12.0},{"not_picked":["CutThroughFate","SignatureMove","Conclude"],"picked":"SKIP","floor":12.0},{"not_picked":["FollowUp","Protect","JustLucky"],"picked":"SKIP","floor":13.0},{"not_picked":["Protect","Halt","JustLucky"],"picked":"SKIP","floor":14.0},{"not_picked":["Judgement","SpiritShield"],"picked":"Scrawl","floor":16.0},{"not_picked":["ClearTheMind","Fasting2","Protect"],"picked":"SKIP","floor":18.0},{"not_picked":["EmptyFist","FlurryOfBlows","Evaluate"],"picked":"SKIP","floor":24.0},{"not_picked":["FlurryOfBlows","Evaluate"],"picked":"EmptyFist","floor":24.0},{"not_picked":["Crescendo","Evaluate","FollowUp"],"picked":"SKIP","floor":25.0},{"not_picked":["LikeWater","ConjureBlade","Weave"],"picked":"SKIP","floor":31.0},{"not_picked":["Devotion","MasterReality"],"picked":"Ragnarok","floor":33.0},{"not_picked":["Prostrate","DeceiveReality","JustLucky+1"],"picked":"SKIP","floor":35.0},{"not_picked":["Worship","WaveOfTheHand","FollowUp+1"],"picked":"SKIP","floor":37.0},{"not_picked":["WaveOfTheHand","SandsOfTime+1","BowlingBash+1"],"picked":"SKIP","floor":38.0},{"not_picked":["Worship","Conclude+1"],"picked":"TalkToTheHand","floor":39.0},{"not_picked":["ClearTheMind","Fasting2"],"picked":"InnerPeace+1","floor":41.0},{"not_picked":["Evaluate+1","FearNoEvil","CutThroughFate"],"picked":"SKIP","floor":45.0},{"not_picked":["Sanctity+1","FlyingSleeves","PathToVictory"],"picked":"SKIP","floor":46.0},{"not_picked":["EmptyBody","DeusExMachina","EmptyFist"],"picked":"SKIP","floor":47.0},{"not_picked":["BowlingBash","WindmillStrike","ForeignInfluence+1"],"picked":"SKIP","floor":48.0},{"not_picked":["Meditate","WreathOfFlame","Weave+1"],"picked":"SKIP","floor":55.0}],"player_experience":362688,"relics_obtained":[{"floor":6.0,"key":"Ornamental Fan"},{"floor":8.0,"key":"Lantern"},{"floor":9.0,"key":"Mummified Hand"},{"floor":26.0,"key":"Bottled Tornado"},{"floor":28.0,"key":"The Courier"},{"floor":31.0,"key":"Bronze Scales"},{"floor":41.0,"key":"Yang"},{"floor":55.0,"key":"Happy Flower"}],"event_choices":[{"cards_removed":["Strike_P"],"damage_healed":0.0,"max_hp_gain":0.0,"max_hp_loss":0.0,"gold_gain":0.0,"event_name":"Golden Wing","player_choice":"Card Removal","floor":2.0,"gold_loss":0.0,"damage_taken":7.0},{"cards_removed":["Strike_P"],"damage_healed":0.0,"max_hp_gain":0.0,"max_hp_loss":0.0,"gold_gain":0.0,"event_name":"The Cleric","player_choice":"Card Removal","floor":3.0,"gold_loss":75.0,"damage_taken":0.0},{"damage_healed":0.0,"max_hp_gain":0.0,"max_hp_loss":0.0,"gold_gain":0.0,"event_name":"Wheel of Change","player_choice":"Relic","floor":8.0,"gold_loss":0.0,"damage_taken":0.0},{"damage_healed":0.0,"max_hp_gain":0.0,"max_hp_loss":0.0,"gold_gain":0.0,"event_name":"Match and Keep!","player_choice":"0 cards matched","floor":11.0,"gold_loss":0.0,"damage_taken":0.0,"cards_obtained":[]},{"damage_healed":0.0,"max_hp_gain":0.0,"max_hp_loss":0.0,"gold_gain":0.0,"event_name":"The Library","player_choice":"Read","floor":19.0,"gold_loss":0.0,"damage_taken":0.0,"cards_obtained":["MentalFortress"]},{"damage_healed":0.0,"max_hp_gain":0.0,"max_hp_loss":0.0,"gold_gain":0.0,"event_name":"Ghosts","player_choice":"Ignored","floor":21.0,"gold_loss":0.0,"damage_taken":0.0},{"cards_removed":["EmptyFist"],"damage_healed":0.0,"max_hp_gain":0.0,"max_hp_loss":0.0,"gold_gain":0.0,"event_name":"WeMeetAgain","player_choice":"Gave Card","floor":22.0,"gold_loss":0.0,"damage_taken":0.0,"relics_obtained":["Akabeko"]},{"cards_removed":["Defend_P"],"damage_healed":0.0,"max_hp_gain":0.0,"max_hp_loss":0.0,"gold_gain":0.0,"event_name":"Back to Basics","player_choice":"Elegance","floor":30.0,"gold_loss":0.0,"damage_taken":0.0},{"damage_healed":0.0,"max_hp_gain":0.0,"max_hp_loss":4.0,"gold_gain":0.0,"event_name":"Winding Halls","player_choice":"Max HP","floor":36.0,"gold_loss":0.0,"damage_taken":0.0}],"is_beta":false,"boss_relics":[{"not_picked":["Runic Dome","Sozu"],"picked":"Coffee Dripper"},{"not_picked":["Tiny House","Snecko Eye"],"picked":"VioletLotus"}],"items_purged_floors":[10,20,27,42],"is_endless":false,"potions_floor_spawned":[6,13,24,31,35,39,46,47,48,55],"ascension_level":20}}