{"host":"ltcneqi00gd7ygxc","time":1609870653,"event":{"mods":["BaseMod","Minty Spire (QoL Compilation)","Replay The Spire","StSLib","The Cursed"],"gold_per_floor":[117,24,99,2,16,16,49,49,49,49,49,224,243,293,293,388,388,404,503,428,225,235,235,252,252,252,269,46,66,66,66,66,164,164,179,179,191,201,80,80,100,100,126,174,202,202,236,269,269,295,295],"floor_reached":50,"playtime":4902,"items_purged":[],"score":672,"play_id":"28968cc2-f458-47fa-b34a-bffdb35ab508","local_time":"20210105131733","is_ascension_mode":true,"campfire_choices":[{"data":"Zap","floor":6,"key":"SMITH"},{"floor":10,"key":"REST"},{"data":"Redo","floor":15,"key":"SMITH"},{"data":"Go for the Eyes","floor":15,"key":"SMITH"},{"data":"Storm","floor":23,"key":"SMITH"},{"data":"Machine Learning","floor":23,"key":"SMITH"},{"data":"Hello World","floor":25,"key":"SMITH"},{"data":"Go for the Eyes","floor":25,"key":"SMITH"},{"data":"FIFO Queue","floor":30,"key":"SMITH"},{"data":"Barrage","floor":30,"key":"SMITH"},{"floor":32,"key":"REST"},{"floor":40,"key":"REST"},{"data":"Thunder Strike","floor":42,"key":"SMITH"},{"data":"BootSequence","floor":42,"key":"SMITH"},{"floor":46,"key":"REST"}],"circlet_count":0,"master_deck":["Strike_B","Strike_B+1","Strike_B","Strike_B","Defend_B","Defend_B","Defend_B","Defend_B","Zap+1","Dualcast","Ball Lightning","Go for the Eyes+1","BasicCrystalCard+1","Hello World+1","Barrage+1","BootSequence+1","Redo+1","Leap","Machine Learning+1","Go for the Eyes+1","Storm+1","Stack+1","Go for the Eyes+1","Cold Snap","Thunder Strike+1","Panic Button","Lockon+1","FTL+1","FIFO Queue+1","Writhe","Core Surge+1","Beam Cell+1","Sweeping Beam+1","Gash+1","Melter+1","Genetic Algorithm+1","Gash+1","Self Repair+1","Electrodynamics","Compile Driver+1","Rebound+1"],"relics":["Cracked Core","Replay:Baseball","Replay:Arrowhead","Solar Panel","Regal Pillow","Nuclear Battery","Molten Egg 2","Replay:Frozen Program","Shuriken","ChewingGum","Replay:Bandana"],"acts_visited":["Exordium","TheCity","TheBeyond"],"potions_floor_usage":[7,22,36,38,44,47,48,50,50],"damage_taken":[{"damage":0,"enemies":"Small Slimes","floor":1,"turns":3},{"damage":0,"enemies":"Cultist","floor":5,"turns":3},{"damage":13,"enemies":"Gremlin Nob","floor":7,"turns":3},{"damage":0,"enemies":"Jaw Worm","floor":13,"turns":2},{"damage":43,"enemies":"The Guardian","floor":16,"turns":10},{"damage":8,"enemies":"Shell Parasite","floor":18,"turns":5},{"damage":5,"enemies":"2 Thieves","floor":22,"turns":5},{"damage":24,"enemies":"Centurion and Healer","floor":24,"turns":4},{"damage":0,"enemies":"Shelled Parasite and Fungi","floor":27,"turns":3},{"damage":0,"enemies":"Cultist and Chosen","floor":29,"turns":4},{"damage":65,"enemies":"Pondfish","floor":33,"turns":9},{"damage":5,"enemies":"Orb Walker","floor":35,"turns":2},{"damage":18,"enemies":"3 Darklings","floor":37,"turns":3},{"damage":35,"enemies":"Writhing Mass","floor":38,"turns":4},{"damage":8,"enemies":"Transient","floor":41,"turns":5},{"damage":8,"enemies":"3 Darklings","floor":44,"turns":3},{"damage":42,"enemies":"Writhing Mass","floor":45,"turns":5},{"damage":12,"enemies":"Spire Growth","floor":47,"turns":4},{"damage":33,"enemies":"4 Shapes","floor":48,"turns":3},{"damage":83,"enemies":"Awakened One","floor":50,"turns":8}],"seed_played":"-8353349940841118293","potions_obtained":[{"floor":5,"key":"AttackPotion"},{"floor":18,"key":"AttackPotion"},{"floor":33,"key":"SteroidPotion"},{"floor":36,"key":"CultistPotion"},{"floor":36,"key":"Weak Potion"},{"floor":36,"key":"Fruit Juice"},{"floor":38,"key":"Dexterity Potion"},{"floor":41,"key":"AttackPotion"},{"floor":45,"key":"Flashbang"},{"floor":47,"key":"SkillPotion"}],"is_trial":false,"path_per_floor":["M","$","?","$","M","R","E","?","T","R","$","?","M","T","R","B",null,"M","?","?","$","M","R","M","R","T","M","$","M","R","?","R","B",null,"M","?","M","M","$","R","M","R","T","M","M","R","M","M","R","B"],"character_chosen":"DEFECT","items_purchased":["Go for the Eyes","BasicCrystalCard","Hello World","Barrage","Storm","Stack","Go for the Eyes","Cold Snap","Replay:Frozen Program","FTL+1","Melter+1","Genetic Algorithm+1"],"campfire_rested":4,"item_purchase_floors":[2,2,4,4,21,21,21,21,28,28,39,39],"current_hp_per_floor":[75,75,68,68,68,68,55,40,40,62,62,62,66,66,66,27,75,71,71,71,71,68,68,46,46,46,46,46,48,48,48,75,10,75,75,80,62,33,33,72,64,64,64,56,28,67,75,56,80,0,0],"gold":295,"neow_bonus":"RANDOM_COMMON_RELIC","is_daily":false,"chose_seed":false,"campfire_upgraded":11,"win_rate":0.0,"timestamp":1609870653,"path_taken":["M","$","?","$","?","R","E","?","T","R","?","?","M","?","R","BOSS","M","?","?","$","M","R","M","R","T","M","$","M","R","?","R","BOSS","M","?","M","M","$","R","M","R","T","M","?","R","M","M","R","BOSS"],"items_purchased_type":["Card","Card","Card","Card","Card","Card","Card","Card","Relic","Card","Card","Card"],"build_version":"2020-12-22","purchased_purges":0,"victory":false,"max_hp_per_floor":[75,75,75,75,75,75,75,75,75,75,75,75,75,75,75,75,75,75,75,75,75,75,75,75,75,75,75,75,75,75,75,75,75,75,75,80,80,80,80,80,80,80,80,80,80,80,80,80,80,80,80],"card_choices":[{"not_picked":["Genetic Algorithm","Hologram"],"picked":"Ball Lightning","floor":1},{"not_picked":["Stack","Barrage"],"picked":"BootSequence","floor":5},{"not_picked":["Hello World","Stack"],"picked":"Redo","floor":7},{"not_picked":["Glacier","Reprogram"],"picked":"Leap","floor":13},{"not_picked":["All For One","Multi-Cast"],"picked":"Machine Learning","floor":16},{"not_picked":["Crystallizer+1","Rebound"],"picked":"Go for the Eyes+1","floor":18},{"not_picked":["Turbo","Leap"],"picked":"Thunder Strike","floor":22},{"not_picked":["Chill","Force Field"],"picked":"Panic Button","floor":24},{"not_picked":["Undo","Rebound+1"],"picked":"Lockon+1","floor":27},{"not_picked":["Conserve Battery","Blizzard+1"],"picked":"FIFO Queue","floor":29},{"not_picked":["ReplayRNGCard","Multi-Cast"],"picked":"Core Surge+1","floor":33},{"not_picked":["Hologram","Static Discharge"],"picked":"Beam Cell+1","floor":35},{"not_picked":["Go for the Eyes+1","Leap"],"picked":"Sweeping Beam+1","floor":37},{"not_picked":["Rebound+1","Hologram"],"picked":"Gash+1","floor":38},{"not_picked":["Conserve Battery","Recycle"],"picked":"Gash+1","floor":41},{"not_picked":["Ball Lightning+1","Redo"],"picked":"Self Repair+1","floor":44},{"not_picked":["ReplayTheSpireMod:GoodbyeWorld","Leap+1"],"picked":"Electrodynamics","floor":45},{"not_picked":["Panic Button+1","Turbo"],"picked":"Compile Driver+1","floor":47},{"not_picked":["Leap+1","Static Discharge+1"],"picked":"Rebound+1","floor":48}],"player_experience":54757,"relics_obtained":[{"floor":7,"key":"Replay:Arrowhead"},{"floor":9,"key":"Solar Panel"},{"floor":14,"key":"Regal Pillow"},{"floor":26,"key":"Molten Egg 2"},{"floor":43,"key":"Replay:Bandana"}],"event_choices":[{"damage_healed":0,"gold_gain":75,"player_choice":"Touch","damage_taken":7,"max_hp_gain":0,"max_hp_loss":0,"event_name":"FaceTrader","floor":3,"gold_loss":0},{"damage_healed":0,"gold_gain":0,"player_choice":"Entered Light","damage_taken":15,"max_hp_gain":0,"max_hp_loss":0,"event_name":"Shining Light","floor":8,"gold_loss":0,"cards_upgraded":["Strike_B","BasicCrystalCard"]},{"damage_healed":0,"gold_gain":175,"player_choice":"AGREE","damage_taken":0,"max_hp_gain":0,"max_hp_loss":0,"event_name":"Liars Game","floor":12,"gold_loss":0,"cards_obtained":["Doubt"]},{"damage_healed":0,"gold_gain":99,"player_choice":"Stole From Cult","damage_taken":0,"max_hp_gain":0,"max_hp_loss":0,"event_name":"Nest","floor":19,"gold_loss":0},{"cards_removed":["Doubt"],"damage_healed":0,"gold_gain":0,"player_choice":"Gave Gold","damage_taken":0,"max_hp_gain":0,"max_hp_loss":0,"event_name":"Beggar","floor":20,"gold_loss":75},{"damage_healed":0,"gold_gain":0,"player_choice":"Opened","damage_taken":0,"relics_obtained":["Shuriken"],"max_hp_gain":0,"max_hp_loss":0,"event_name":"The Mausoleum","floor":31,"gold_loss":0,"cards_obtained":["Writhe"]},{"damage_healed":0,"gold_gain":0,"player_choice":"Got Potions","damage_taken":0,"max_hp_gain":0,"max_hp_loss":0,"event_name":"Lab","floor":36,"gold_loss":0}],"is_beta":false,"boss_relics":[{"not_picked":["Runic Pyramid","Honey Jar"],"picked":"Nuclear Battery"},{"not_picked":["Busted Crown","Cursed Key"],"picked":"ChewingGum"}],"items_purged_floors":[],"is_endless":false,"potions_floor_spawned":[5,18,33,38,41,45,47],"killed_by":"Awakened One","ascension_level":1}}