{"host":"313mh4uoe5sucao3","time":1609839278,"event":{"mods":["Arknights The Spire","BaseMod","Dota2Spire","Downfall","Hero for Fun","Lobotomy","Minty Spire (QoL Compilation)","Quick Restart","Shop Mod","StSLib","The Bladedancer","UnlockEverythingMod","[IsaacMod]ÒÔÈö¼âËþ"],"gold_per_floor":[112,37,51,66,77,105,118,152,198,225,237,263,338,338,338,457,457,477,175,175,191,191,232,232,247,247,285,40,74,142,142,142,262,262,278,153,216,230,255,255,269,303,303,338,338,338,378,378,378,378,378],"floor_reached":50,"playtime":4937,"items_purged":["blademaster:Defend","blademaster:Strike","Injury"],"score":827,"play_id":"66a7eab2-8dd9-4491-b95c-608e44089032","local_time":"20210105173438","is_ascension_mode":true,"campfire_choices":[{"floor":15.0,"key":"RECALL"},{"floor":24.0,"key":"REST"},{"data":"EpicFetus","floor":32.0,"key":"SMITH"},{"data":"blademaster:Safeguard","floor":40.0,"key":"SMITH"},{"data":"blademaster:Sharpen","floor":46.0,"key":"SMITH"},{"data":"Mayhem","floor":49.0,"key":"SMITH"}],"circlet_count":0,"master_deck":["blademaster:Strike+1","blademaster:Strike+1","blademaster:Strike+1","blademaster:Defend+1","blademaster:Defend+1","blademaster:Defend+1","blademaster:RagingBlow","blademaster:HighVoltage","EpicFetus+1","Discovery","blademaster:AspectOfWind","blademaster:AirSlash","blademaster:CombatPrep","blademaster:ColdBlood","blademaster:Flurry","blademaster:LeechingStrike","blademaster:BladeDance","blademaster:Safeguard","blademaster:Flurry","blademaster:FlockOfBlades","blademaster:Flurry+1","blademaster:Safeguard+1","blademaster:Safeguard","blademaster:FuriousStrike+1","blademaster:CombatPrep","Injury","blademaster:LeechingStrike","blademaster:WindSlash","blademaster:CullingStrike","blademaster:AwakeningDefend+1","blademaster:LeechingStrike","blademaster:Frontflip+1","blademaster:ChargingUp+1","Slimebound:Icky","blademaster:Sharpen+1","Mayhem+1","Madness"],"relics":["blademaster:DancersAmulet","HushsDoor","DoctorsRemote","Bag of Marbles","Meat on the Bone","Matryoshka","Darkstone Periapt","Golden Idol","Cursed Key","Bronze Scales","GuppysTail","Leech","GuppysPaw","MawBank","Ornamental Fan","BelialBook","Runic Pyramid","Thread and Needle","Dota2Spire:BlackKingBar","PreservedInsect","Question Card","Dota2Spire:PowerTreads","Shuriken"],"acts_visited":["Exordium","TheCity","TheBeyond"],"potions_floor_usage":[],"damage_taken":[{"damage":0.0,"enemies":"2 Louse","floor":1.0,"turns":4.0},{"damage":0.0,"enemies":"Jaw Worm","floor":3.0,"turns":3.0},{"damage":0.0,"enemies":"Small Slimes","floor":4.0,"turns":3.0},{"damage":0.0,"enemies":"Looter","floor":5.0,"turns":3.0},{"damage":32.0,"enemies":"3 Sentries","floor":6.0,"turns":8.0},{"damage":14.0,"enemies":"3 Louse","floor":7.0,"turns":3.0},{"damage":0.0,"enemies":"Gremlin Nob","floor":8.0,"turns":1.0},{"damage":8.0,"enemies":"Lagavulin","floor":10.0,"turns":5.0},{"damage":10.0,"enemies":"Exordium Wildlife","floor":11.0,"turns":3.0},{"damage":0.0,"enemies":"Gremlin Nob","floor":12.0,"turns":2.0},{"damage":20.0,"enemies":"Hexaghost","floor":16.0,"turns":6.0},{"damage":16.0,"enemies":"Shell Parasite","floor":18.0,"turns":5.0},{"damage":0.0,"enemies":"Chosen","floor":21.0,"turns":3.0},{"damage":33.0,"enemies":"Book of Stabbing","floor":23.0,"turns":4.0},{"damage":0.0,"enemies":"Centurion and Healer","floor":25.0,"turns":5.0},{"damage":21.0,"enemies":"Slavers","floor":27.0,"turns":5.0},{"damage":0.0,"enemies":"Gremlin Leader","floor":29.0,"turns":4.0},{"damage":16.0,"enemies":"Automaton","floor":33.0,"turns":6.0},{"damage":0.0,"enemies":"Orb Walker","floor":35.0,"turns":3.0},{"damage":17.0,"enemies":"2 Orb Walkers","floor":37.0,"turns":4.0},{"damage":9.0,"enemies":"3 Shapes","floor":38.0,"turns":3.0},{"damage":5.0,"enemies":"Sphere and 2 Shapes","floor":39.0,"turns":6.0},{"damage":11.0,"enemies":"Jaw Worm Horde","floor":41.0,"turns":4.0},{"damage":18.0,"enemies":"Reptomancer","floor":42.0,"turns":7.0},{"damage":14.0,"enemies":"Giant Head","floor":44.0,"turns":7.0},{"damage":12.0,"enemies":"Nemesis","floor":47.0,"turns":4.0},{"damage":0,"enemies":"Time Eater","floor":50,"turns":2}],"seed_played":"5147347293622776893","potions_obtained":[{"floor":1.0,"key":"Fire Potion"},{"floor":3.0,"key":"champ:CounterPotion"},{"floor":6.0,"key":"Dota2Spire:HealingSalve"},{"floor":7.0,"key":"CultistPotion"},{"floor":11.0,"key":"Dota2Spire:Clarity"},{"floor":27.0,"key":"hexamod:EctoCoolerPotion"},{"floor":29.0,"key":"Fire Potion"},{"floor":35.0,"key":"LiquidMemories"},{"floor":38.0,"key":"FairyPotion"},{"floor":42.0,"key":"DuplicationPotion"}],"is_trial":false,"path_per_floor":["M","$","M","M","M","E","M","E","T","E","M","E","?","?","R","B",null,"M","$","?","M","?","E","R","M","T","E","$","E","?","?","R","B",null,"M","$","?","M","M","R","M","E","T","E","?","R","E","?","R","B"],"character_chosen":"THE_BLADEMASTER","items_purchased":["Bronze Scales","blademaster:Safeguard","Ornamental Fan"],"campfire_rested":1,"item_purchase_floors":[19,19,28],"current_hp_per_floor":[75,75,75,75,75,43,29,29,29,33,35,47,36,42,42,40,81,71,71,71,80,80,53,77,81,87,81,81,87,72,72,72,67,87,87,87,81,80,87,87,87,86,92,93,93,93,93,83,83,84,84],"gold":378,"neow_bonus":"RANDOM_COLORLESS","is_daily":false,"chose_seed":false,"campfire_upgraded":4,"win_rate":0.0,"timestamp":1609839278,"path_taken":["M","$","M","M","M","E","M","E","T","E","M","E","?","?","R","BOSS","M","$","?","M","?","E","R","M","T","E","$","E","?","?","R","BOSS","M","$","?","M","?","R","M","E","T","E","?","R","E","?","R","BOSS"],"items_purchased_type":["Relic","Card","Relic"],"build_version":"2020-12-22","purchased_purges":3,"victory":false,"max_hp_per_floor":[75,75,75,75,75,75,75,75,75,75,75,75,75,81,81,81,81,81,81,81,81,81,81,81,81,87,87,87,87,87,87,87,87,87,87,87,87,87,87,87,87,87,93,93,93,93,93,93,93,93,93],"card_choices":[{"not_picked":[],"picked":"EpicFetus","floor":0.0},{"not_picked":["expansioncontent:AwakenDeath","Good Instincts"],"picked":"Discovery","floor":0.0},{"not_picked":["blademaster:Reversal","blademaster:ThunderSlash"],"picked":"blademaster:AspectOfWind","floor":1.0},{"not_picked":["blademaster:BladeMastery","blademaster:ParryingStrike"],"picked":"blademaster:AirSlash","floor":3.0},{"not_picked":["blademaster:FuriousStrike","blademaster:BladeMastery"],"picked":"blademaster:CombatPrep","floor":4.0},{"not_picked":["blademaster:AwakeningDefend","Bomb"],"picked":"blademaster:ColdBlood","floor":5.0},{"not_picked":["blademaster:Thrust","blademaster:StanceMastery"],"picked":"blademaster:Flurry","floor":6.0},{"not_picked":["blademaster:AwakeningStrike","blademaster:BloodyBlow"],"picked":"blademaster:LeechingStrike","floor":7.0},{"not_picked":["blademaster:Quickstep","blademaster:AspectOfLightning"],"picked":"blademaster:BladeDance","floor":8.0},{"not_picked":["blademaster:ThunderingOpener","blademaster:AspectOfLightning"],"picked":"blademaster:Safeguard","floor":10.0},{"not_picked":["blademaster:ColdBlood","blademaster:DancingEdge"],"picked":"blademaster:Flurry","floor":11.0},{"not_picked":["blademaster:Quickness","blademaster:ParryingStrike","blademaster:Blockade"],"picked":"SKIP","floor":12.0},{"not_picked":["blademaster:CloudOfSteel","blademaster:BladeDance"],"picked":"blademaster:FlockOfBlades","floor":16.0},{"not_picked":["blademaster:Frontflip+1","blademaster:Stormstrike+1"],"picked":"blademaster:Flurry+1","floor":18.0},{"not_picked":["blademaster:Overcharge+1","blademaster:Frontflip"],"picked":"blademaster:FuriousStrike","floor":21.0},{"not_picked":["blademaster:DancingEdge+1","blademaster:ParryingStrike+1"],"picked":"blademaster:Quickstep","floor":23.0},{"not_picked":["blademaster:Breeze","blademaster:AncestralHealing"],"picked":"blademaster:CombatPrep","floor":25.0},{"not_picked":["blademaster:Frenzy","blademaster:ParryingStrike"],"picked":"blademaster:LeechingStrike","floor":27.0},{"not_picked":["blademaster:DeadlyDance","blademaster:Reversal"],"picked":"blademaster:WindSlash","floor":29.0},{"not_picked":["blademaster:FuriousStrike","blademaster:AwakeningStrike"],"picked":"blademaster:AwakeningDefend+1","floor":35.0},{"not_picked":["blademaster:Stormstrike+1","blademaster:Slice"],"picked":"blademaster:LeechingStrike","floor":37.0},{"not_picked":["blademaster:ThunderingOpener+1","blademaster:DaggerAndCloak+1","blademaster:Slice"],"picked":"SKIP","floor":38.0},{"not_picked":["blademaster:Hailwind+1","blademaster:SlyStabs+1"],"picked":"blademaster:Frontflip+1","floor":39.0},{"not_picked":["blademaster:FuriousStrike+1","blademaster:ThunderingOpener"],"picked":"blademaster:ChargingUp+1","floor":41.0},{"not_picked":["blademaster:ThunderSlash+1","blademaster:KiBarrier","blademaster:ParryingStrike"],"picked":"SKIP","floor":42.0},{"not_picked":["blademaster:CombatPrep+1","blademaster:ColdBlood","blademaster:StanceMastery"],"picked":"blademaster:Sharpen","floor":44.0},{"not_picked":["blademaster:SlyStabs+1","blademaster:FuriousStrike+1","blademaster:Frontflip+1","blademaster:Slice"],"picked":"SKIP","floor":47.0},{"not_picked":["expansioncontent:Flail","expansioncontent:DecasProtection","Mind Blast"],"picked":"Mayhem","floor":48.0},{"not_picked":["expansioncontent:YouAreMine","Dramatic Entrance","The Bomb"],"picked":"Madness","floor":48.0}],"player_experience":8471,"relics_obtained":[{"floor":6.0,"key":"blademaster:ComboEveryTurnPerk"},{"floor":6.0,"key":"Bag of Marbles"},{"floor":8.0,"key":"Meat on the Bone"},{"floor":8.0,"key":"blademaster:FuryEveryTurnPerk"},{"floor":10.0,"key":"Matryoshka"},{"floor":10.0,"key":"blademaster:BonusComboPerk"},{"floor":12.0,"key":"Darkstone Periapt"},{"floor":12.0,"key":"blademaster:StanceHealPerk"},{"floor":23.0,"key":"GuppysTail"},{"floor":23.0,"key":"blademaster:DextrousPerk"},{"floor":26.0,"key":"Leech"},{"floor":26.0,"key":"GuppysPaw"},{"floor":27.0,"key":"blademaster:RandomStancePerk"},{"floor":27.0,"key":"MawBank"},{"floor":29.0,"key":"BelialBook"},{"floor":29.0,"key":"blademaster:RandomBladePerk"},{"floor":37.0,"key":"Thread and Needle"},{"floor":37.0,"key":"blademaster:BonusFuryPerk"},{"floor":42.0,"key":"Dota2Spire:BlackKingBar"},{"floor":42.0,"key":"blademaster:StrongPerk"},{"floor":43.0,"key":"PreservedInsect"},{"floor":43.0,"key":"Question Card"},{"floor":44.0,"key":"Dota2Spire:PowerTreads"},{"floor":44.0,"key":"blademaster:BleedingMoreDamagePerk"},{"floor":47.0,"key":"Shuriken"},{"floor":47.0,"key":"blademaster:OnAttackedChargePerk"}],"event_choices":[{"damage_healed":0.0,"max_hp_gain":0.0,"max_hp_loss":0.0,"gold_gain":75.0,"event_name":"World of Goop","player_choice":"Gather Gold","floor":13.0,"gold_loss":0.0,"damage_taken":11.0},{"damage_healed":0.0,"max_hp_gain":0.0,"max_hp_loss":0.0,"gold_gain":0.0,"event_name":"Golden Idol","player_choice":"Take Wound","floor":14.0,"gold_loss":0.0,"damage_taken":0.0,"relics_obtained":["Golden Idol"],"cards_obtained":["Injury"]},{"damage_healed":0.0,"max_hp_gain":0.0,"max_hp_loss":0.0,"gold_gain":0.0,"event_name":"The Library","player_choice":"Read","floor":20.0,"gold_loss":0.0,"damage_taken":0.0,"cards_obtained":["blademaster:Safeguard"]},{"damage_healed":0.0,"max_hp_gain":0.0,"max_hp_loss":0.0,"gold_gain":0.0,"event_name":"Back to Basics","player_choice":"Simplicity","floor":22.0,"gold_loss":0.0,"damage_taken":0.0,"cards_upgraded":["blademaster:Strike","blademaster:Strike","blademaster:Strike","blademaster:Defend","blademaster:Defend","blademaster:Defend","blademaster:FuriousStrike"]},{"damage_healed":0.0,"max_hp_gain":0.0,"max_hp_loss":0.0,"gold_gain":0.0,"cards_transformed":["blademaster:Quickstep"],"event_name":"Transmorgrifier","player_choice":"Transformed","floor":31.0,"gold_loss":0.0,"damage_taken":0.0,"cards_obtained":["blademaster:CullingStrike"]},{"damage_healed":0.0,"max_hp_gain":0.0,"max_hp_loss":0.0,"gold_gain":0.0,"event_name":"Mysterious Sphere","player_choice":"Fight","floor":37.0,"gold_loss":0.0,"damage_taken":0.0},{"damage_healed":0.0,"max_hp_gain":0.0,"max_hp_loss":0.0,"gold_gain":0.0,"event_name":"Tomb of Lord Red Mask","player_choice":"Ignored","floor":45.0,"gold_loss":0.0,"damage_taken":0.0},{"damage_healed":0.0,"max_hp_gain":0.0,"max_hp_loss":0.0,"gold_gain":0.0,"event_name":"SensoryStone","player_choice":"Memory 3","floor":48.0,"gold_loss":0.0,"damage_taken":10.0}],"is_beta":false,"boss_relics":[{"not_picked":["ChampionBelt","Empty Cage"],"picked":"Cursed Key"},{"not_picked":[]},{"not_picked":["Philosopher\u0027s Stone","Runic Dome"],"picked":"Runic Pyramid"},{"not_picked":[]}],"items_purged_floors":[2,19,36],"is_endless":false,"potions_floor_spawned":[1,3,6,7,11,16,21,27,29,33,35,38,41,42],"killed_by":"Time Eater","ascension_level":1}}