{"host":"94qggqh0xz0sp6ai","time":1609883609,"event":{"mods":["Abigail Mod","Act Like it!","BaseMod","CapriCore","Downfall","Friendly Minions","Gensokyo","Hermit","Jorbs\u0027s Wanderer Trilogy","Koishi","Marisa（霧雨　魔理沙）","Minty Spire (QoL Compilation)","Permanent Neow","Reimu（博??梦）","StSLib","The Alterego","The Construct","The Cursed","The Hierophant","The Immortal","The Marked","The Servant 0.9.4","TheBandit","Waifu the Spire"],"gold_per_floor":[110,110,122,122,138,138,164,164,164,193,193,111,286,286,286,383,383,403,502,502,519,519,519,851,865,865,884,894,894,894,908,908,1003,1003,1018,1018,1031,584,584,584,618,618,618,637,637,653,6,20,20,20],"floor_reached":51,"playtime":1537,"items_purged":["Pain","theMarked:Strike+1"],"score":728,"play_id":"d870029d-4e43-4840-9bde-3f8e703623f5","local_time":"20210105155329","is_ascension_mode":false,"campfire_choices":[{"data":"theMarked:BindingBlade","floor":6,"key":"SMITH"},{"data":"theMarked:Abjuration","floor":8,"key":"SMITH"},{"data":"theMarked:SoldierOfQuellstein","floor":11,"key":"SMITH"},{"data":"Doubt","floor":15,"key":"PURGE"},{"data":"theMarked:ComboAttacks","floor":23,"key":"SMITH"},{"floor":29,"key":"REST"},{"data":"theMarked:MysticalArsenal","floor":32,"key":"SMITH"},{"data":"theMarked:AttractMetal","floor":40,"key":"SMITH"},{"data":"Writhe","floor":42,"key":"PURGE"},{"data":"Parasite","floor":45,"key":"PURGE"},{"floor":49,"key":"REST"}],"circlet_count":0,"master_deck":["theMarked:Strike+1","theMarked:Strike+1","theMarked:Strike+1","theMarked:Defend+1","theMarked:Defend+1","theMarked:Defend+1","theMarked:Defend+1","theMarked:SoldierOfQuellstein+1","theMarked:ElectricStrings+1","theMarked:Standoff+1","theMarked:BindingBlade+1","theMarked:EternalStudent","theMarked:Abjuration+1","theMarked:DeterminationOfTheMarked","theMarked:ComboAttacks+1","theMarked:SwordAndMagic+1","theMarked:EternalStudent","theMarked:AttractMetal+1","theMarked:MysticalArsenal+1","theMarked:WardOff","theMarked:Vacuum","theMarked:BanishingStrike+1","theMarked:RogueSparks","Finesse","expansioncontent:DashGenerateEvil"],"relics":["theMarked:BronzeBlade","CaptainsWheel","Peace Pipe","Juzu Bracelet","Old Coin","Bottled Lightning","Ancient Tea Set","construct:WeddingRing","WarpedTongs","MealTicket","Art of War","Pen Nib","Nunchaku","Whetstone","TheAbacus"],"acts_visited":["Exordium","TheCity","TheBeyond"],"potions_floor_usage":[7,14,21,33,46,50,50],"damage_taken":[{"damage":1,"enemies":"Cultist","floor":1,"turns":3},{"damage":0,"enemies":"Jaw Worm","floor":3,"turns":4},{"damage":0,"enemies":"Small Slimes","floor":5,"turns":4},{"damage":10,"enemies":"3 Sentries","floor":7,"turns":8},{"damage":1,"enemies":"Gremlin Nob","floor":10,"turns":3},{"damage":41,"enemies":"Hexaghost","floor":16,"turns":6},{"damage":20,"enemies":"3 Byrds","floor":18,"turns":7},{"damage":10,"enemies":"2 Thieves","floor":21,"turns":2},{"damage":28,"enemies":"Slavers","floor":24,"turns":5},{"damage":4,"enemies":"Chosen and Byrds","floor":25,"turns":5},{"damage":6,"enemies":"Shelled Parasite and Fungi","floor":27,"turns":3},{"damage":4,"enemies":"3 Cultists","floor":28,"turns":4},{"damage":0,"enemies":"Centurion and Healer","floor":31,"turns":5},{"damage":9,"enemies":"Automaton","floor":33,"turns":8},{"damage":6,"enemies":"3 Shapes","floor":35,"turns":4},{"damage":21,"enemies":"3 Darklings","floor":37,"turns":4},{"damage":10,"enemies":"Nemesis","floor":41,"turns":3},{"damage":0,"enemies":"Writhing Mass","floor":44,"turns":3},{"damage":26,"enemies":"Transient","floor":46,"turns":5},{"damage":10,"enemies":"Spire Growth","floor":48,"turns":3},{"damage":16,"enemies":"Donu and Deca","floor":50,"turns":5}],"seed_played":"-470989153176657416","potions_obtained":[{"floor":3,"key":"champ:CounterPotion"},{"floor":7,"key":"LiquidMemories"},{"floor":10,"key":"Strength Potion"},{"floor":14,"key":"Fruit Juice"},{"floor":14,"key":"FairyPotion"},{"floor":25,"key":"Dexterity Potion"},{"floor":33,"key":"Block Potion"},{"floor":46,"key":"ZuzhouPotion:ReiMu"}],"is_trial":false,"path_per_floor":["M","?","M","?","M","R","E","R","T","E","R","$","?","?","R","B",null,"M","?","?","M","?","R","E","M","T","M","M","R","?","M","R","B",null,"M","?","M","$","?","R","E","R","T","M","R","M","$","M","R","B",null],"character_chosen":"THE_DEFAULT","items_purchased":["theMarked:ComboAttacks","theMarked:SwordAndMagic","theMarked:RogueSparks","MealTicket","Art of War","Whetstone","Finesse","TheAbacus","expansioncontent:DashGenerateEvil"],"campfire_rested":2,"item_purchase_floors":[12,12,38,38,38,47,47,47,47],"current_hp_per_floor":[69,69,69,69,69,69,59,59,59,58,58,58,58,63,63,22,75,55,55,55,45,45,45,17,13,13,7,3,25,25,25,25,16,75,69,69,48,48,67,67,57,57,57,57,57,31,46,36,57,41],"gold":20,"neow_bonus":"TRANSFORM_CARD","is_daily":false,"chose_seed":false,"campfire_upgraded":6,"win_rate":0.0,"timestamp":1609883609,"path_taken":["M","?","M","?","M","R","E","R","T","E","R","$","?","?","R","BOSS","M","?","?","M","?","R","E","M","T","M","M","R","?","M","R","BOSS","M","?","M","?","?","R","E","R","T","M","R","M","$","M","R","BOSS"],"items_purchased_type":["Card","Card","Card","Relic","Relic","Relic","Card","Relic","Card"],"build_version":"2020-12-22","purchased_purges":2,"victory":true,"max_hp_per_floor":[70,70,70,70,70,70,70,70,70,70,70,70,70,75,75,75,75,75,75,75,75,75,75,75,75,75,75,75,75,75,75,75,75,75,75,75,75,75,75,75,75,75,75,75,72,72,72,72,72,72],"card_choices":[{"not_picked":["theMarked:RepellingDischarge","theMarked:SwordAndMagic"],"picked":"theMarked:Standoff","floor":1},{"not_picked":["theMarked:WastefulDefense","theMarked:Parkour"],"picked":"theMarked:BindingBlade","floor":3},{"not_picked":["theMarked:Aftermath","theMarked:Static","theMarked:Parkour"],"picked":"SKIP","floor":5},{"not_picked":["theMarked:GodGivenPower","theMarked:ThrowWeapon"],"picked":"theMarked:Abjuration","floor":7},{"not_picked":["theMarked:SelfDefenseTraining","theMarked:WastefulAttack"],"picked":"theMarked:DeterminationOfTheMarked","floor":10},{"not_picked":["theMarked:MagicAdept","theMarked:SuspiciousRaven"],"picked":"theMarked:EternalStudent","floor":16},{"not_picked":["theMarked:Parkour","theMarked:WastefulAttack+1"],"picked":"theMarked:AttractMetal","floor":18},{"not_picked":["theMarked:Overthink+1","theMarked:WastefulDefense","theMarked:Standoff"],"picked":"SKIP","floor":21},{"not_picked":["theMarked:LightningStrikesTwice","theMarked:WastefulDefense+1","theMarked:ChannelForce"],"picked":"SKIP","floor":24},{"not_picked":["theMarked:MaelstromOfLightning","theMarked:Frustration"],"picked":"theMarked:MysticalArsenal","floor":25},{"not_picked":["theMarked:WastefulAttack","theMarked:ResourceFulStrike","theMarked:Improvise+1"],"picked":"SKIP","floor":27},{"not_picked":["theMarked:Aftermath+1","theMarked:Standoff+1"],"picked":"theMarked:WardOff","floor":28},{"not_picked":["theMarked:RepellingDischarge","theMarked:MaelstromOfLightning","theMarked:EnhanceMovement"],"picked":"SKIP","floor":31},{"not_picked":["theMarked:DispelDoubt","theMarked:Levitate"],"picked":"theMarked:Vacuum","floor":33},{"not_picked":["theMarked:WastefulDefense+1","theMarked:Convert","theMarked:EnhanceMovement"],"picked":"SKIP","floor":35},{"not_picked":["theMarked:HeightenedSenses","theMarked:Static"],"picked":"theMarked:BanishingStrike+1","floor":37},{"not_picked":["theMarked:Standoff","theMarked:RepellingDischarge","theMarked:ResourceFulStrike"],"picked":"SKIP","floor":41},{"not_picked":["theMarked:SwordAndMagic+1","theMarked:ElectricStrings","theMarked:Overthink+1"],"picked":"SKIP","floor":44},{"not_picked":["theMarked:WastefulAttack+1","theMarked:Parkour+1","theMarked:ElectricStrings+1"],"picked":"SKIP","floor":46},{"not_picked":["theMarked:Overcharge","theMarked:WastefulAttack","theMarked:Levitate"],"picked":"SKIP","floor":48}],"player_experience":1346980,"relics_obtained":[{"floor":7,"key":"CaptainsWheel"},{"floor":9,"key":"Peace Pipe"},{"floor":10,"key":"Juzu Bracelet"},{"floor":24,"key":"Old Coin"},{"floor":26,"key":"Bottled Lightning"},{"floor":41,"key":"Pen Nib"},{"floor":43,"key":"Nunchaku"}],"event_choices":[{"damage_healed":0,"gold_gain":0,"player_choice":"Grow","damage_taken":0,"max_hp_gain":0,"max_hp_loss":0,"event_name":"Living Wall","floor":2,"gold_loss":0,"cards_upgraded":["theMarked:Standoff"]},{"damage_healed":0,"gold_gain":0,"player_choice":"1 cards matched","damage_taken":0,"max_hp_gain":0,"max_hp_loss":0,"event_name":"Match and Keep!","floor":4,"gold_loss":0,"cards_obtained":["theMarked:EternalStudent"]},{"damage_healed":0,"gold_gain":175,"player_choice":"AGREE","damage_taken":0,"max_hp_gain":0,"max_hp_loss":0,"event_name":"Liars Game","floor":13,"gold_loss":0,"cards_obtained":["Doubt"]},{"damage_healed":0,"gold_gain":0,"player_choice":"Got Potions","damage_taken":0,"max_hp_gain":0,"max_hp_loss":0,"event_name":"Lab","floor":14,"gold_loss":0},{"damage_healed":0,"gold_gain":99,"player_choice":"Stole From Cult","damage_taken":0,"max_hp_gain":0,"max_hp_loss":0,"event_name":"Nest","floor":19,"gold_loss":0},{"damage_healed":0,"gold_gain":0,"player_choice":"Simplicity","damage_taken":0,"max_hp_gain":0,"max_hp_loss":0,"event_name":"Back to Basics","floor":20,"gold_loss":0,"cards_upgraded":["theMarked:Strike","theMarked:Strike","theMarked:Strike","theMarked:Strike","theMarked:Defend","theMarked:Defend","theMarked:Defend","theMarked:Defend"]},{"damage_healed":0,"gold_gain":0,"player_choice":"Ignored","damage_taken":0,"max_hp_gain":0,"max_hp_loss":0,"event_name":"N\u0027loth","floor":22,"gold_loss":0},{"damage_healed":0,"gold_gain":0,"player_choice":"Opened","damage_taken":0,"relics_obtained":["Ancient Tea Set"],"max_hp_gain":0,"max_hp_loss":0,"event_name":"The Mausoleum","floor":30,"gold_loss":0},{"damage_healed":0,"gold_gain":0,"player_choice":"Rummage","damage_taken":0,"relics_obtained":["WarpedTongs"],"max_hp_gain":0,"max_hp_loss":0,"event_name":"Accursed Blacksmith","floor":36,"gold_loss":0,"cards_obtained":["Pain"]},{"damage_healed":19,"gold_gain":0,"player_choice":"Writhe","damage_taken":0,"max_hp_gain":0,"max_hp_loss":0,"event_name":"Winding Halls","floor":39,"gold_loss":0,"cards_obtained":["Writhe"]}],"is_beta":false,"boss_relics":[{"not_picked":["Runic Dome","SlaversCollar"],"picked":"theMarked:BronzeBlade"},{"not_picked":["Empty Cage","theMarked:Eyepatch"],"picked":"construct:WeddingRing"}],"items_purged_floors":[38,47],"is_endless":false,"potions_floor_spawned":[3,7,10,18,25,31,33,44,46],"ascension_level":0}}