{"host":"6q94iy5iz6612v89","time":1609881931,"event":{"mods":["AchievementEnabler","BaseMod","Colored Map","DeckTracker","Keyboard Shortcuts","Minty Spire (QoL Compilation)","Permanent Neow","StSLib","SuperFastMode"],"gold_per_floor":[15,27,27,43,63,90,90,90,90,15,15,15,43,43,43,122,122,139,149,165,165,165],"floor_reached":21,"playtime":618,"items_purged":["Strike_G"],"score":378,"play_id":"694b1153-fc27-4307-b46d-d05359c24fb6","local_time":"20210106062531","is_ascension_mode":true,"campfire_choices":[{"floor":7.0,"key":"REST"},{"floor":12,"key":"REST"},{"floor":15,"key":"RECALL"}],"circlet_count":0,"master_deck":["AscendersBane","Strike_G","Strike_G","Strike_G","Strike_G","Defend_G","Defend_G","Defend_G","Defend_G","Defend_G","Survivor","Neutralize","Apotheosis+1","Crippling Poison","Dodge and Roll","Backflip","Predator","Venomology","Cloak And Dagger"],"relics":["Ring of the Snake","Shuriken","Blue Candle","WristBlade"],"acts_visited":["Exordium","TheCity"],"potions_floor_usage":[16,18,19,21,21],"damage_taken":[{"damage":5.0,"enemies":"2 Louse","floor":1.0,"turns":5.0},{"damage":0.0,"enemies":"Cultist","floor":2.0,"turns":5.0},{"damage":0.0,"enemies":"Jaw Worm","floor":4.0,"turns":5.0},{"damage":3.0,"enemies":"2 Fungi Beasts","floor":5.0,"turns":4.0},{"damage":41.0,"enemies":"Gremlin Nob","floor":6.0,"turns":5.0},{"damage":20,"enemies":"Lagavulin","floor":13,"turns":10},{"damage":13,"enemies":"The Guardian","floor":16,"turns":14},{"damage":10,"enemies":"3 Byrds","floor":18,"turns":7},{"damage":6,"enemies":"Shell Parasite","floor":19,"turns":8},{"damage":22,"enemies":"Snake Plant","floor":20,"turns":4},{"damage":9,"enemies":"Centurion and Healer","floor":21,"turns":7}],"seed_played":"-182172533745885056","potions_obtained":[{"floor":4.0,"key":"SkillPotion"},{"floor":6.0,"key":"Fire Potion"},{"floor":13,"key":"Ancient Potion"},{"floor":16,"key":"DistilledChaos"},{"floor":18,"key":"DistilledChaos"}],"is_trial":false,"path_per_floor":["M","M","?","M","M","E","R","?","T","$","?","R","E","?","R","B",null,"M","M","M","M"],"character_chosen":"THE_SILENT","items_purchased":[],"campfire_rested":2,"item_purchase_floors":[],"current_hp_per_floor":[54,54,54,54,51,10,29,29,29,29,29,48,28,28,28,15,53,43,37,15,6,6],"gold":165,"neow_bonus":"RANDOM_COLORLESS_2","is_daily":false,"chose_seed":false,"campfire_upgraded":0,"win_rate":0.0,"timestamp":1609881931,"path_taken":["M","M","?","M","?","E","R","?","T","$","?","R","E","?","R","BOSS","M","M","M","M"],"items_purchased_type":[],"build_version":"2020-12-22","purchased_purges":1,"victory":false,"max_hp_per_floor":[66,66,66,66,66,66,66,66,66,66,66,66,66,66,66,66,66,66,66,66,66,66],"card_choices":[{"not_picked":["HandOfGreed","The Bomb"],"picked":"Apotheosis","floor":0.0},{"not_picked":["Setup","Blade Dance"],"picked":"Crippling Poison","floor":1.0},{"not_picked":["Blade Dance","PiercingWail"],"picked":"Dodge and Roll","floor":2.0},{"not_picked":["Slice","Acrobatics","Deflect"],"picked":"SKIP","floor":4.0},{"not_picked":["Deflect","Prepared"],"picked":"Backflip","floor":5.0},{"not_picked":["Endless Agony","Dodge and Roll","Acrobatics"],"picked":"SKIP","floor":6.0},{"not_picked":["Phantasmal Killer","Cloak And Dagger"],"picked":"Predator","floor":13},{"not_picked":["Bullet Time","Wraith Form v2"],"picked":"Venomology","floor":16},{"not_picked":["Setup","Finisher","Slice"],"picked":"SKIP","floor":18},{"not_picked":["Choke+1","PiercingWail"],"picked":"Cloak And Dagger","floor":19},{"not_picked":["Bane","Deflect","Quick Slash"],"picked":"SKIP","floor":20}],"player_experience":1431468,"relics_obtained":[{"floor":6.0,"key":"Shuriken"},{"floor":13,"key":"Blue Candle"}],"event_choices":[{"damage_healed":0.0,"max_hp_gain":0.0,"max_hp_loss":0.0,"gold_gain":0.0,"event_name":"Accursed Blacksmith","player_choice":"Forge","floor":3.0,"gold_loss":0.0,"damage_taken":0.0,"cards_upgraded":["Apotheosis"]},{"damage_healed":0.0,"max_hp_gain":0.0,"max_hp_loss":0.0,"gold_gain":0.0,"event_name":"Dead Adventurer","player_choice":"Searched \u00270\u0027 times","floor":8.0,"gold_loss":0.0,"damage_taken":0.0},{"damage_healed":0,"gold_gain":0,"player_choice":"Ignored","damage_taken":0,"max_hp_gain":0,"max_hp_loss":0,"event_name":"Shining Light","floor":11,"gold_loss":0},{"damage_healed":0,"gold_gain":0,"player_choice":"Ignored","damage_taken":0,"max_hp_gain":0,"max_hp_loss":0,"event_name":"Liars Game","floor":14,"gold_loss":0}],"is_beta":false,"boss_relics":[{"not_picked":["Busted Crown","Runic Dome"],"picked":"WristBlade"}],"items_purged_floors":[10],"is_endless":false,"potions_floor_spawned":[4,6,13,16,18],"killed_by":"Centurion and Healer","ascension_level":20}}