{"host":"5wznv0010959mrmz","time":1609862851,"event":{"mods":["BaseMod","Highlight Path","Minty Spire (QoL Compilation)","Relic Stats"],"gold_per_floor":[114,189,189,205,221,250,265,265,265,16,33,33,33,33],"floor_reached":13,"playtime":357,"items_purged":[],"score":170,"play_id":"059aa46a-c9ea-4ce1-bb8e-10e2dc22acc5","local_time":"20210105100731","is_ascension_mode":true,"campfire_choices":[{"floor":8,"key":"REST"},{"data":"Poisoned Stab","floor":12,"key":"SMITH"}],"circlet_count":0,"master_deck":["AscendersBane","Strike_G","Strike_G","Strike_G","Strike_G","Strike_G","Defend_G","Defend_G","Defend_G","Defend_G","Defend_G","Survivor","Neutralize","Poisoned Stab","Neutralize","Blade Dance","Malaise","Poisoned Stab+1","Blade Dance"],"relics":["Ring of the Snake","NeowsBlessing","The Courier","Paper Crane","Gremlin Horn"],"acts_visited":["Exordium"],"potions_floor_usage":[6,11],"damage_taken":[{"damage":0,"enemies":"Small Slimes","floor":1,"turns":1},{"damage":0,"enemies":"Cultist","floor":4,"turns":1},{"damage":0,"enemies":"2 Louse","floor":5,"turns":1},{"damage":24,"enemies":"Lagavulin","floor":6,"turns":10},{"damage":20,"enemies":"Gremlin Gang","floor":7,"turns":6},{"damage":4,"enemies":"3 Louse","floor":11,"turns":3},{"damage":21,"enemies":"3 Sentries","floor":13,"turns":4}],"seed_played":"6803654842791910765","potions_obtained":[{"floor":5,"key":"SteroidPotion"},{"floor":7,"key":"Energy Potion"}],"is_trial":false,"path_per_floor":["M","?","?","M","M","E","M","R","T","$","M","R","E"],"character_chosen":"THE_SILENT","items_purchased":["Gremlin Horn","Blade Dance"],"campfire_rested":1,"item_purchase_floors":[10,10],"current_hp_per_floor":[59,48,48,48,48,24,4,23,23,23,19,19,0,0],"gold":33,"neow_bonus":"THREE_ENEMY_KILL","is_daily":false,"chose_seed":false,"campfire_upgraded":1,"win_rate":0.0,"timestamp":1609862851,"path_taken":["M","?","?","M","?","E","M","R","T","?","M","R","E"],"items_purchased_type":["Relic","Card"],"build_version":"2020-12-22","purchased_purges":0,"victory":false,"max_hp_per_floor":[66,66,66,66,66,66,66,66,66,66,66,66,66,66],"relic_stats":{"Gremlin Horn":[3,3],"counters":[7,26],"obtain_stats":[{"NeowsBlessing":0,"Gremlin Horn":10,"The Courier":6,"Paper Crane":9,"Ring of the Snake":0},{"NeowsBlessing":0,"Gremlin Horn":5,"The Courier":4,"Paper Crane":5,"Ring of the Snake":0},{"NeowsBlessing":0,"Gremlin Horn":19,"The Courier":13,"Paper Crane":19,"Ring of the Snake":0}],"Ring of the Snake":[14]},"card_choices":[{"not_picked":["Slice","Sucker Punch"],"picked":"Poisoned Stab","floor":1},{"not_picked":["Dagger Throw","Tactician"],"picked":"Blade Dance","floor":4},{"not_picked":["Prepared","Predator"],"picked":"Malaise","floor":5},{"not_picked":["Reflex","Flying Knee"],"picked":"Poisoned Stab","floor":6},{"not_picked":["Poisoned Stab","Predator","Outmaneuver"],"picked":"SKIP","floor":7},{"not_picked":["PiercingWail","Deflect","Dodge and Roll"],"picked":"SKIP","floor":11}],"player_experience":408530,"relics_obtained":[{"floor":6,"key":"The Courier"},{"floor":9,"key":"Paper Crane"}],"event_choices":[{"damage_healed":0,"gold_gain":75,"player_choice":"Gather Gold","damage_taken":11,"max_hp_gain":0,"max_hp_loss":0,"event_name":"World of Goop","floor":2,"gold_loss":0},{"damage_healed":0,"gold_gain":0,"player_choice":"1 cards matched","damage_taken":0,"max_hp_gain":0,"max_hp_loss":0,"event_name":"Match and Keep!","floor":3,"gold_loss":0,"cards_obtained":["Neutralize"]}],"is_beta":false,"boss_relics":[],"items_purged_floors":[],"is_endless":false,"potions_floor_spawned":[5,7],"killed_by":"3 Sentries","ascension_level":20}}