{"host":"kw4o7b3ro2ktmmbe","time":1609826395,"event":{"mods":["BaseMod","Evolution","Fireblade Mod","Minty Spire (QoL Compilation)","StSLib"],"gold_per_floor":[111,124,124,188,206,206,256,256,279,289,306,383,400,468,468,569,569,586,636,699,719,183,183,201,251,251,226,276,276,276],"floor_reached":29,"playtime":1491,"items_purged":["Pain"],"score":309,"play_id":"98519bb9-dab1-46ac-acb2-db5206793cea","local_time":"20210105185955","is_ascension_mode":true,"campfire_choices":[{"data":"FireBladeMod:ThirstForBlood","floor":6.0,"key":"SMITH"},{"data":"FireBladeMod:GetPumped","floor":8.0,"key":"SMITH"},{"floor":15,"key":"REST"},{"floor":23,"key":"REST"}],"circlet_count":0,"master_deck":["FireBladeMod:StrikeFireBlade","FireBladeMod:StrikeFireBlade","FireBladeMod:StrikeFireBlade","FireBladeMod:DefendFireBlade","FireBladeMod:DefendFireBlade","FireBladeMod:DefendFireBlade+1","FireBladeMod:DefendFireBlade+1","FireBladeMod:FlamingSword","FireBladeMod:FireBarrier","FireBladeMod:ThirstForBlood+1","FireBladeMod:GetPumped+1","FireBladeMod:SmokySwing","FireBladeMod:Speed","FireBladeMod:SoulSword","FireBladeMod:RollWithTheBlow","FireBladeMod:HellFire","FireBladeMod:AfterBurn","FireBladeMod:AbsorbEnergy+1","FireBladeMod:SmokeScreen","FireBladeMod:ComboCleave+1"],"relics":["FireBladeMod:DuelistLocket","EVO:Axolotl","Tiny Chest","SsserpentHead","Bronze Scales","FireBladeMod:Matches","Philosopher\u0027s Stone","WarpedTongs","Torii","War Paint","Molten Egg 2","White Beast Statue","Dream Catcher"],"acts_visited":["Exordium","TheCity"],"potions_floor_usage":[14,16,21,24],"damage_taken":[{"damage":1.0,"enemies":"Jaw Worm","floor":1.0,"turns":4.0},{"damage":0.0,"enemies":"Cultist","floor":2.0,"turns":3.0},{"damage":7.0,"enemies":"Small Slimes","floor":4.0,"turns":3.0},{"damage":10.0,"enemies":"Exordium Thugs","floor":5.0,"turns":4.0},{"damage":18.0,"enemies":"Exordium Wildlife","floor":10.0,"turns":5.0},{"damage":10.0,"enemies":"2 Fungi Beasts","floor":11.0,"turns":3.0},{"damage":4.0,"enemies":"Gremlin Gang","floor":13.0,"turns":4.0},{"damage":5,"enemies":"3 Louse","floor":14,"turns":2},{"damage":0,"enemies":"The Guardian","floor":16,"turns":8},{"damage":20,"enemies":"Shell Parasite","floor":18,"turns":4},{"damage":22,"enemies":"3 Byrds","floor":20,"turns":3},{"damage":18,"enemies":"3 Cultists","floor":21,"turns":4},{"damage":25,"enemies":"Sentry and Sphere","floor":24,"turns":5},{"damage":7,"enemies":"Snake Plant","floor":29,"turns":1}],"seed_played":"-3116136271281064132","potions_obtained":[{"floor":1.0,"key":"Energy Potion"},{"floor":11.0,"key":"Fire Potion"},{"floor":14,"key":"Dexterity Potion"},{"floor":16,"key":"EssenceOfSteel"},{"floor":18,"key":"Explosive Potion"}],"is_trial":false,"path_per_floor":["M","M","?","M","M","R","?","R","T","M","M","T","M","M","R","B",null,"M","?","M","M","$","R","M","T","T","?","?","M"],"character_chosen":"THE_FIREBLADE","items_purchased":["Torii","War Paint"],"campfire_rested":2,"item_purchase_floors":[22,22],"current_hp_per_floor":[69,69,69,62,52,52,52,52,52,34,24,24,20,15,36,36,70,50,50,28,10,10,31,6,6,6,6,6,0,0],"gold":276,"neow_bonus":"RANDOM_COMMON_RELIC","is_daily":false,"chose_seed":false,"campfire_upgraded":2,"win_rate":0.0,"timestamp":1609826395,"path_taken":["M","M","?","?","M","R","?","R","T","M","M","?","M","?","R","BOSS","M","?","?","M","$","R","M","?","T","?","?","M"],"items_purchased_type":["Relic","Relic"],"build_version":"2020-12-22","purchased_purges":1,"victory":false,"max_hp_per_floor":[70,70,70,70,70,70,70,70,70,70,70,70,70,70,70,70,70,70,70,70,70,70,70,70,70,70,70,70,70,70],"card_choices":[{"not_picked":["FireBladeMod:Tempo","FireBladeMod:ComboSlashes","FireBladeMod:ComplexDefense"],"picked":"SKIP","floor":1.0},{"not_picked":["FireBladeMod:SmashingEndurance","FireBladeMod:SmokySwing"],"picked":"FireBladeMod:ThirstForBlood","floor":2.0},{"not_picked":["FireBladeMod:ArmSmash","FireBladeMod:FinishingBarrage"],"picked":"FireBladeMod:GetPumped","floor":4.0},{"not_picked":["FireBladeMod:SoulStrike","FireBladeMod:ScorchingStrike"],"picked":"FireBladeMod:SmokySwing","floor":5.0},{"not_picked":["FireBladeMod:RollWithTheBlow","FireBladeMod:BackhandSwing"],"picked":"FireBladeMod:Speed","floor":10.0},{"not_picked":["FireBladeMod:EruptionSlash","FireBladeMod:ComplexAttack"],"picked":"FireBladeMod:SoulSword","floor":11.0},{"not_picked":["FireBladeMod:StunningBlow","FireBladeMod:ComplexDefense"],"picked":"FireBladeMod:RollWithTheBlow","floor":13.0},{"not_picked":["FireBladeMod:SteadyEndurance","FireBladeMod:SpinningSmash"],"picked":"FireBladeMod:HellFire","floor":14},{"not_picked":["FireBladeMod:HellFire","FireBladeMod:FinalSmash"],"picked":"FireBladeMod:AfterBurn","floor":16},{"not_picked":["FireBladeMod:ComboCleave","FireBladeMod:OverCharge"],"picked":"FireBladeMod:AbsorbEnergy+1","floor":18},{"not_picked":["FireBladeMod:ComboSlashes","FireBladeMod:SpinningSmash","FireBladeMod:OverCharge+1"],"picked":"SKIP","floor":20},{"not_picked":["FireBladeMod:Shove","FireBladeMod:BasicSmash+1"],"picked":"FireBladeMod:SmokeScreen","floor":21},{"not_picked":["FireBladeMod:SteadyEndurance","FireBladeMod:AbsorbEnergy"],"picked":"FireBladeMod:ComboCleave+1","floor":24}],"player_experience":1841554,"relics_obtained":[{"floor":9.0,"key":"Bronze Scales"},{"floor":12.0,"key":"FireBladeMod:Matches"},{"floor":25,"key":"Molten Egg 2"},{"floor":26,"key":"White Beast Statue"}],"event_choices":[{"damage_healed":0.0,"max_hp_gain":0.0,"max_hp_loss":0.0,"gold_gain":0.0,"event_name":"FaceTrader","player_choice":"Trade","floor":3.0,"gold_loss":0.0,"damage_taken":0.0,"relics_obtained":["SsserpentHead"]},{"damage_healed":0.0,"max_hp_gain":0.0,"max_hp_loss":0.0,"gold_gain":0.0,"event_name":"Dead Adventurer","player_choice":"Searched \u00270\u0027 times","floor":7.0,"gold_loss":0.0,"damage_taken":0.0},{"damage_healed":0,"gold_gain":0,"player_choice":"Rummage","damage_taken":0,"relics_obtained":["WarpedTongs"],"max_hp_gain":0,"max_hp_loss":0,"event_name":"Accursed Blacksmith","floor":19,"gold_loss":0,"cards_obtained":["Pain"]},{"cards_removed":["FireBladeMod:StrikeFireBlade"],"damage_healed":0,"gold_gain":0,"player_choice":"Gave Gold","damage_taken":0,"max_hp_gain":0,"max_hp_loss":0,"event_name":"Beggar","floor":27,"gold_loss":75},{"damage_healed":0,"gold_gain":0,"player_choice":"Opened","damage_taken":0,"relics_obtained":["Dream Catcher"],"max_hp_gain":0,"max_hp_loss":0,"event_name":"The Mausoleum","floor":28,"gold_loss":0}],"is_beta":false,"boss_relics":[{"not_picked":["FireBladeMod:BattleMasterLocket","Tiny House"],"picked":"Philosopher\u0027s Stone"}],"items_purged_floors":[22],"is_endless":false,"potions_floor_spawned":[1,11,14,16,18],"killed_by":"Snake Plant","ascension_level":3}}