{"host":"0t11pkp2julks910","time":1609880162,"event":{"mods":["Astrologer","Bard","BaseMod","BetterRewards","Colored Map","Curses Come First","Downfall","Friendly Minions","GungeonMod","Hermit","Hubris","Infinite Spire","Minty Spire (QoL Compilation)","Replay The Spire","Robot Space Explorer","Shop Mod","Somnambulant","StSLib","The Blackbeard","The Bug Knight","The Construct","The Cursed","The Disciple","The Forsaken","The Hierophant","The Jungle","The Marked","The Mystic","The Necromancer","The Poker Player","The Problem Sleuth","The Runesmith","[IsaacMod]????"],"gold_per_floor":[113,113,55,69,69,100,275,275,302,302,316,56,72,87,87,191,191,206,206,218,228,3,3,3,3,29,29,29,29],"floor_reached":28,"playtime":777,"items_purged":["Spreading Infection","Doubt"],"score":241,"play_id":"ae1cc263-b3d6-40e4-b55a-ccc21c884f89","local_time":"20210105125602","is_ascension_mode":false,"campfire_choices":[{"data":"theMarked:SoldierOfQuellstein","floor":10,"key":"SMITH"},{"data":"PokerPlayerMod:ChangeRules","floor":15,"key":"SMITH"},{"data":"Apotheosis","floor":23,"key":"SMITH"},{"floor":27,"key":"REST"}],"circlet_count":0,"master_deck":["theMarked:Strike","theMarked:Strike","theMarked:Strike","theMarked:Strike","theMarked:Strike","theMarked:Defend","theMarked:Defend","theMarked:Defend","theMarked:Defend","theMarked:SoldierOfQuellstein+1","theMarked:Aftermath","theMarked:GodGivenPower+1","PokerPlayerMod:ChangeRules+1","Crow Ritual","HollowMod:ZotesMagnificence","hexamod:SpectersWail","Flying Knee+1","Limit Break","Apotheosis+1","Replay:SS_forest_2","Jack Of All Trades","Replay:Hysterical Blindness"],"relics":["theMarked:ArtifactOfAir","HushsDoor","Leech","NeowsBlessing","PrismaticShard","BookOfRevelations","ChewingGum","ReplayTheSpireMod:ShopPack","Toy Ornithopter","infinitespire:Satchel"],"acts_visited":["Exordium","TheCity"],"potions_floor_usage":[16,16,18,21,28],"damage_taken":[{"damage":0,"enemies":"2 Louse","floor":1,"turns":1},{"damage":0,"enemies":"Small Slimes","floor":4,"turns":1},{"damage":0,"enemies":"Gremlin Nob","floor":6,"turns":1},{"damage":4,"enemies":"Jaw Worm","floor":11,"turns":2},{"damage":5,"enemies":"2 Fungi Beasts","floor":13,"turns":2},{"damage":9,"enemies":"Looter","floor":14,"turns":2},{"damage":12,"enemies":"Hexaghost","floor":16,"turns":6},{"damage":28,"enemies":"3 Byrds","floor":18,"turns":5},{"damage":4,"enemies":"Chosen","floor":20,"turns":2},{"damage":30,"enemies":"Snake Plant","floor":21,"turns":4},{"damage":60,"enemies":"Slavers","floor":28,"turns":4}],"seed_played":"6988370906174023412","potions_obtained":[{"floor":1,"key":"Strength Potion"},{"floor":6,"key":"Reflective Coating"},{"floor":16,"key":"Swift Potion"},{"floor":20,"key":"Regen Potion"},{"floor":21,"key":"Adrenaline Potion"}],"is_trial":false,"path_per_floor":["M","?","$","M","?","E","?","?","T","R","M","$","M","M","R","B",null,"M","?","M","M","$","R","?","?","T","R","E"],"character_chosen":"THE_DEFAULT","items_purchased":["theMarked:GodGivenPower+1","Crow Ritual","ReplayTheSpireMod:ShopPack"],"campfire_rested":1,"item_purchase_floors":[3,12,22],"current_hp_per_floor":[70,70,70,70,70,70,70,70,70,70,66,66,62,55,55,48,70,45,45,42,27,27,27,27,27,27,48,0,0],"gold":29,"neow_bonus":"THREE_ENEMY_KILL","is_daily":false,"chose_seed":false,"campfire_upgraded":3,"win_rate":0.0,"timestamp":1609880162,"path_taken":["M","?","$","M","?","E","?","?","T","R","M","$","M","M","R","BOSS","M","?","?","M","$","R","?","?","T","R","E"],"items_purchased_type":["Card","Card","Relic"],"build_version":"2020-12-22","purchased_purges":2,"victory":false,"max_hp_per_floor":[70,70,70,70,70,70,70,70,70,70,70,70,70,70,70,70,70,70,70,70,70,70,70,70,70,70,70,70,70],"card_choices":[{"not_picked":["theMarked:Indomitable","theMarked:Parkour"],"picked":"theMarked:Aftermath","floor":1},{"not_picked":["theMarked:BanishingStrike","theMarked:Parry","theMarked:ResourceFulStrike"],"picked":"SKIP","floor":4},{"not_picked":["somnambulantmod: Overshare","blackbeard:DoubleCannonball"],"picked":"PokerPlayerMod:ChangeRules","floor":6},{"not_picked":["sneckomod:UnknownBlock","sneckomod:TrashToTreasure","DemoMod:AC15"],"picked":"SKIP","floor":11},{"not_picked":["LockedAnchor","mysticmod:HeavyStrike","hermit:Ricochet"],"picked":"SKIP","floor":13},{"not_picked":["TheCursedMod:PrepareRite","Slimebound:RollThrough","Streamline"],"picked":"SKIP","floor":14},{"not_picked":["TheCursedMod:DemonicPact","theForsaken:TearsOfSunlight"],"picked":"HollowMod:ZotesMagnificence","floor":16},{"not_picked":["TheCursedMod:CursedShiv","ReplayTheSpireMod:Strike From Hell"],"picked":"hexamod:SpectersWail","floor":18},{"not_picked":["hierophant:Remorse","construct:Antimatter"],"picked":"Flying Knee+1","floor":20},{"not_picked":["hermit:BodyArmor","theForsaken:FatRoll+1"],"picked":"Limit Break","floor":21},{"not_picked":["expansioncontent:StudyTheSpire","DemoMod:Invincible"],"picked":"Apotheosis","floor":22},{"not_picked":["Replay:SS_fish_1","hubris:Ssssneak"],"picked":"Replay:SS_forest_2","floor":22},{"not_picked":["Deep Breath","expansioncontent:GuardianWhirl"],"picked":"Jack Of All Trades","floor":22}],"player_experience":307987,"relics_obtained":[{"floor":6,"key":"BookOfRevelations"},{"floor":26,"key":"infinitespire:Satchel"}],"event_choices":[{"damage_healed":0,"gold_gain":0,"player_choice":"Ignored","damage_taken":0,"max_hp_gain":0,"max_hp_loss":0,"event_name":"Golden Wing","floor":2,"gold_loss":0},{"damage_healed":0,"gold_gain":175,"player_choice":"AGREE","damage_taken":0,"max_hp_gain":0,"max_hp_loss":0,"event_name":"Liars Game","floor":7,"gold_loss":0,"cards_obtained":["Doubt"]}],"is_beta":false,"boss_relics":[{"not_picked":["Replay:Bronze Core","Replay:Wanted Poster"],"picked":"ChewingGum"},{"not_picked":[]}],"items_purged_floors":[12,22],"is_endless":false,"potions_floor_spawned":[1,6,16,20,21],"killed_by":"Slavers","ascension_level":0}}