{"host":"Bilverbakes","time":1609878218,"event":{"mods":["2.2 Compatiblity","AchievementEnabler","BaseMod","Bestiary","Colored Map","Minty Spire (QoL Compilation)","Relic Stats","StSLib","ojb\u0027s Info Mod"],"gold_per_floor":[115,132,148,21,35,64,83,110,136,165,165,185,205,216,216,313,313,327,18,31,31,31,31,49,69,69,94,94,127,143,172,181,280,280,291,291,55,155,230,239,259,298,298,337,349,349,371,413,413,413,413,422,10,36,36,36],"floor_reached":55,"playtime":4433,"items_purged":[],"score":1602,"play_id":"ba6aaedb-42e1-41dc-b85b-f06a1050cd28","local_time":"20210105142338","is_ascension_mode":true,"campfire_choices":[{"floor":15.0,"key":"REST"},{"data":"Omniscience","floor":23.0,"key":"SMITH"},{"floor":28.0,"key":"REST"},{"floor":32.0,"key":"REST"},{"floor":40.0,"key":"REST"},{"data":"EmptyMind","floor":46.0,"key":"SMITH"},{"floor":49.0,"key":"RECALL"},{"floor":52.0,"key":"REST"}],"circlet_count":0,"master_deck":["AscendersBane","Strike_P","Strike_P","Strike_P+1","Strike_P+1","Defend_P+1","Defend_P","Defend_P","Defend_P","Eruption","Vigilance","Collect+1","CutThroughFate","Vengeance","Consecrate","EmptyFist","InnerPeace","EmptyMind+1","Tantrum","FlurryOfBlows","Omniscience+1","Scrawl","SandsOfTime+1","BowlingBash","Protect+1","FlurryOfBlows+1","Conclude+1","Flash of Steel+1","ClearTheMind","Meditate+1","Adaptation+1","Prostrate+1","Wallop+1","Prostrate","EmptyMind+1","WaveOfTheHand"],"relics":["Black Star","Torii","Oddly Smooth Stone","Tiny Chest","Whetstone","Dream Catcher","Centennial Puzzle","Bottled Lightning","SlaversCollar","Pen Nib","Bag of Marbles","TungstenRod","WingedGreaves","Toy Ornithopter","Molten Egg 2","Frozen Egg 2","CeramicFish","Turnip","VioletLotus","PreservedInsect","Kunai","Singing Bowl","Yang","Ornamental Fan","Unceasing Top","Ginger","Gremlin Horn","Letter Opener","DollysMirror","War Paint","HornCleat","Art of War"],"acts_visited":["Exordium","TheCity","TheBeyond","TheEnding"],"potions_floor_usage":[],"damage_taken":[{"damage":1.0,"enemies":"Cultist","floor":1.0,"turns":4.0},{"damage":7.0,"enemies":"Jaw Worm","floor":2.0,"turns":4.0},{"damage":0.0,"enemies":"2 Louse","floor":3.0,"turns":2.0},{"damage":9.0,"enemies":"Red Slaver","floor":5.0,"turns":5.0},{"damage":22.0,"enemies":"3 Sentries","floor":6.0,"turns":7.0},{"damage":1.0,"enemies":"Exordium Thugs","floor":7.0,"turns":5.0},{"damage":1.0,"enemies":"Lagavulin","floor":8.0,"turns":7.0},{"damage":4.0,"enemies":"3 Sentries","floor":10.0,"turns":6.0},{"damage":6.0,"enemies":"3 Louse","floor":12.0,"turns":2.0},{"damage":0.0,"enemies":"Red Slaver","floor":13.0,"turns":2.0},{"damage":0.0,"enemies":"Large Slime","floor":14.0,"turns":4.0},{"damage":27.0,"enemies":"The Guardian","floor":16.0,"turns":10.0},{"damage":13.0,"enemies":"2 Thieves","floor":18.0,"turns":3.0},{"damage":8.0,"enemies":"Shell Parasite","floor":20.0,"turns":3.0},{"damage":18.0,"enemies":"Snake Plant","floor":24.0,"turns":3.0},{"damage":6.0,"enemies":"Cultist and Chosen","floor":25.0,"turns":3.0},{"damage":38.0,"enemies":"Slavers","floor":27.0,"turns":4.0},{"damage":10.0,"enemies":"Gremlin Leader","floor":29.0,"turns":2.0},{"damage":9.0,"enemies":"3 Cultists","floor":30.0,"turns":4.0},{"damage":0.0,"enemies":"Book of Stabbing","floor":31.0,"turns":2.0},{"damage":36.0,"enemies":"Collector","floor":33.0,"turns":8.0},{"damage":18.0,"enemies":"3 Shapes","floor":35.0,"turns":3.0},{"damage":19.0,"enemies":"Orb Walker","floor":41.0,"turns":4.0},{"damage":0.0,"enemies":"Nemesis","floor":42.0,"turns":3.0},{"damage":0.0,"enemies":"Giant Head","floor":44.0,"turns":3.0},{"damage":0.0,"enemies":"Maw","floor":45.0,"turns":4.0},{"damage":25.0,"enemies":"Jaw Worm Horde","floor":47.0,"turns":3.0},{"damage":0.0,"enemies":"Nemesis","floor":48.0,"turns":5.0},{"damage":7.0,"enemies":"Donu and Deca","floor":50.0,"turns":7.0},{"damage":10.0,"enemies":"Shield and Spear","floor":54.0,"turns":4.0},{"damage":72,"enemies":"The Heart","floor":55,"turns":9}],"seed_played":"-2279357965907175660","potions_obtained":[{"floor":1.0,"key":"SpeedPotion"},{"floor":3.0,"key":"EntropicBrew"},{"floor":6.0,"key":"Block Potion"},{"floor":8.0,"key":"AttackPotion"},{"floor":18.0,"key":"LiquidMemories"},{"floor":24.0,"key":"Fire Potion"},{"floor":25.0,"key":"FearPotion"},{"floor":29.0,"key":"BlessingOfTheForge"},{"floor":31.0,"key":"StancePotion"},{"floor":35.0,"key":"AttackPotion"},{"floor":44.0,"key":"PowerPotion"}],"is_trial":false,"path_per_floor":["M","M","M","$","M","E","M","E","T","E","?","M","M","M","R","B",null,"M","$","M","?","T","R","M","M","T","E","R","E","M","E","R","B",null,"M","?","$","?","T","R","M","E","T","E","M","R","M","E","R","B",null,"R","$","E","B"],"character_chosen":"WATCHER","items_purchased":["Vengeance","Consecrate","Pen Nib","Bag of Marbles","PreservedInsect","Flash of Steel+1","DollysMirror","WaveOfTheHand","War Paint","BottledMiracle"],"campfire_rested":5,"item_purchase_floors":[4,4,19,19,37,37,53,53,53,53],"current_hp_per_floor":[64,57,57,57,48,26,25,24,24,20,20,14,14,14,35,8,56,43,43,35,72,72,72,54,48,48,10,31,26,17,22,43,12,57,39,39,39,39,39,60,41,41,41,46,48,48,28,28,28,21,61,74,74,66,0,0],"gold":36,"neow_bonus":"BOSS_RELIC","is_daily":false,"chose_seed":false,"campfire_upgraded":2,"win_rate":0.0,"timestamp":1609878218,"path_taken":["M","M","?","$","M","E","M","E","T","E","?","M","M","?","R","BOSS","M","$","M","?","?","R","M","M","T","E","R","E","M","E","R","BOSS","M","?","?","?","?","R","M","E","T","E","M","R","M","E","R","BOSS","R","$","E","BOSS"],"items_purchased_type":["Card","Card","Relic","Relic","Relic","Card","Relic","Card","Relic","Potion"],"build_version":"2020-12-18","purchased_purges":0,"victory":false,"max_hp_per_floor":[72,72,72,72,72,72,72,72,72,72,72,72,72,72,72,72,72,72,72,72,72,72,72,72,72,72,72,72,72,72,72,72,72,72,72,72,72,72,72,72,72,72,72,72,74,74,74,74,74,74,74,74,74,76,76,76],"relic_stats":{"Torii":62,"Singing Bowl":4,"Gremlin Horn":[2,2],"CeramicFish":90,"Yang":[172],"Whetstone":["Strike_P","Strike_P"],"Ginger":[5],"Dream Catcher":5,"Centennial Puzzle":[48],"Tiny Chest":2,"VioletLotus":[31],"Kunai":[53],"counters":[31,135],"Pen Nib":[30],"PreservedInsect":307,"Letter Opener":[125],"War Paint":["Protect","Defend_P"],"Ornamental Fan":[188],"Turnip":[8],"Black Star":10,"Art of War":[1],"obtain_stats":[{"Torii":6,"Singing Bowl":42,"Gremlin Horn":48,"CeramicFish":31,"Yang":42,"Whetstone":8,"Ginger":44,"Dream Catcher":9,"Centennial Puzzle":10,"HornCleat":54,"DollysMirror":53,"Tiny Chest":8,"WingedGreaves":27,"VioletLotus":34,"Kunai":39,"Oddly Smooth Stone":6,"Pen Nib":19,"PreservedInsect":37,"Letter Opener":48,"Frozen Egg 2":29,"War Paint":53,"SlaversCollar":17,"Ornamental Fan":43,"Molten Egg 2":29,"Turnip":31,"Black Star":0,"Bag of Marbles":19,"Art of War":54,"Bottled Lightning":10,"PureWater":0,"TungstenRod":26,"Toy Ornithopter":27,"Unceasing Top":44},{"Torii":5,"Singing Bowl":24,"Gremlin Horn":28,"CeramicFish":20,"Yang":24,"Whetstone":7,"Ginger":25,"Dream Catcher":7,"Centennial Puzzle":8,"HornCleat":30,"DollysMirror":29,"Tiny Chest":7,"WingedGreaves":17,"VioletLotus":21,"Kunai":22,"Oddly Smooth Stone":5,"Pen Nib":13,"PreservedInsect":22,"Letter Opener":28,"Frozen Egg 2":18,"War Paint":29,"SlaversCollar":12,"Ornamental Fan":24,"Molten Egg 2":18,"Turnip":20,"Black Star":0,"Bag of Marbles":13,"Art of War":30,"Bottled Lightning":8,"PureWater":0,"TungstenRod":16,"Toy Ornithopter":17,"Unceasing Top":25},{"Torii":22,"Singing Bowl":100,"Gremlin Horn":115,"CeramicFish":82,"Yang":100,"Whetstone":34,"Ginger":103,"Dream Catcher":34,"Centennial Puzzle":40,"HornCleat":126,"DollysMirror":122,"Tiny Chest":34,"WingedGreaves":74,"VioletLotus":90,"Kunai":93,"Oddly Smooth Stone":22,"Pen Nib":61,"PreservedInsect":93,"Letter Opener":115,"Frozen Egg 2":76,"War Paint":122,"SlaversCollar":58,"Ornamental Fan":100,"Molten Egg 2":76,"Turnip":82,"Black Star":0,"Bag of Marbles":61,"Art of War":126,"Bottled Lightning":40,"PureWater":0,"TungstenRod":70,"Toy Ornithopter":74,"Unceasing Top":103}],"TungstenRod":53,"Toy Ornithopter":25,"Unceasing Top":[0]},"card_choices":[{"not_picked":["LikeWater","Weave"],"picked":"Collect","floor":1.0},{"not_picked":["EmptyFist","Prostrate"],"picked":"CutThroughFate","floor":2.0},{"not_picked":["Crescendo","ClearTheMind","PathToVictory"],"picked":"SKIP","floor":3.0},{"not_picked":["Consecrate","JustLucky"],"picked":"WindmillStrike","floor":5.0},{"not_picked":["PathToVictory","Consecrate"],"picked":"EmptyFist","floor":6.0},{"not_picked":["BattleHymn","ConjureBlade"],"picked":"InnerPeace","floor":7.0},{"not_picked":["EmptyFist","Consecrate"],"picked":"EmptyMind","floor":8.0},{"not_picked":["Perseverance","WaveOfTheHand"],"picked":"Tantrum","floor":10.0},{"not_picked":["EmptyMind","EmptyBody"],"picked":"FlurryOfBlows","floor":12.0},{"not_picked":["Vengeance","EmptyFist"],"picked":"Omniscience","floor":13.0},{"not_picked":["FollowUp","FlyingSleeves","Prostrate"],"picked":"SKIP","floor":14.0},{"not_picked":["Judgement","Ragnarok"],"picked":"Scrawl","floor":16.0},{"not_picked":["ReachHeaven","Consecrate"],"picked":"SandsOfTime+1","floor":18.0},{"not_picked":["Protect","Pray"],"picked":"BowlingBash","floor":20.0},{"not_picked":["SashWhip+1","Consecrate","FollowUp"],"picked":"SKIP","floor":24.0},{"not_picked":["SashWhip","JustLucky"],"picked":"Protect","floor":25.0},{"not_picked":["JustLucky+1","Collect","Scrawl"],"picked":"SKIP","floor":27.0},{"not_picked":["FlyingSleeves+1","CrushJoints+1"],"picked":"FlurryOfBlows+1","floor":29.0},{"not_picked":["FlurryOfBlows+1","Consecrate+1","BowlingBash+1"],"picked":"SKIP","floor":30.0},{"not_picked":["BattleHymn+1","LikeWater+1","ClearTheMind"],"picked":"SKIP","floor":31.0},{"not_picked":["CutThroughFate+1","ThirdEye"],"picked":"Conclude+1","floor":32.0},{"not_picked":["Consecrate+1","WreathOfFlame","BowlingBash+1"],"picked":"SKIP","floor":35.0},{"not_picked":["Worship+1","EmptyFist+1"],"picked":"ClearTheMind","floor":40.0},{"not_picked":["SignatureMove+1","Fasting2+1","CutThroughFate+1"],"picked":"SKIP","floor":41.0},{"not_picked":["BowlingBash+1","Indignation+1"],"picked":"Meditate+1","floor":42.0},{"not_picked":["Meditate","EmptyBody"],"picked":"Adaptation+1","floor":44.0},{"not_picked":["CrushJoints+1","FlyingSleeves+1","ClearTheMind"],"picked":"Singing Bowl","floor":45.0},{"not_picked":["EmptyBody","MasterReality+1"],"picked":"Prostrate+1","floor":47.0},{"not_picked":["Prostrate","MentalFortress+1"],"picked":"Wallop+1","floor":48.0},{"not_picked":["WindmillStrike+1","Study+1"],"picked":"Prostrate","floor":52.0},{"not_picked":["Study+1","Conclude+1","Pray"],"picked":"Singing Bowl","floor":54.0}],"player_experience":595558,"relics_obtained":[{"floor":6.0,"key":"Torii"},{"floor":6.0,"key":"Oddly Smooth Stone"},{"floor":8.0,"key":"Tiny Chest"},{"floor":8.0,"key":"Whetstone"},{"floor":9.0,"key":"Dream Catcher"},{"floor":10.0,"key":"Centennial Puzzle"},{"floor":10.0,"key":"Bottled Lightning"},{"floor":26.0,"key":"TungstenRod"},{"floor":27.0,"key":"WingedGreaves"},{"floor":27.0,"key":"Toy Ornithopter"},{"floor":29.0,"key":"Molten Egg 2"},{"floor":29.0,"key":"Frozen Egg 2"},{"floor":31.0,"key":"CeramicFish"},{"floor":31.0,"key":"Turnip"},{"floor":39.0,"key":"Kunai"},{"floor":42.0,"key":"Singing Bowl"},{"floor":42.0,"key":"Yang"},{"floor":43.0,"key":"Ornamental Fan"},{"floor":44.0,"key":"Unceasing Top"},{"floor":44.0,"key":"Ginger"},{"floor":48.0,"key":"Gremlin Horn"},{"floor":48.0,"key":"Letter Opener"},{"floor":54.0,"key":"HornCleat"},{"floor":54.0,"key":"Art of War"}],"event_choices":[{"damage_healed":0.0,"max_hp_gain":0.0,"max_hp_loss":0.0,"gold_gain":0.0,"event_name":"Upgrade Shrine","player_choice":"Upgraded","floor":11.0,"gold_loss":0.0,"damage_taken":0.0,"cards_upgraded":["Collect"]},{"cards_removed":["WindmillStrike"],"damage_healed":37.0,"max_hp_gain":0.0,"max_hp_loss":0.0,"gold_gain":0.0,"event_name":"Bonfire Elementals","player_choice":"Offered Uncommon","floor":21.0,"gold_loss":0.0,"damage_taken":0.0},{"damage_healed":0.0,"max_hp_gain":0.0,"max_hp_loss":0.0,"gold_gain":0.0,"event_name":"SecretPortal","player_choice":"Ignored","floor":36.0,"gold_loss":0.0,"damage_taken":0.0},{"damage_healed":0.0,"max_hp_gain":0.0,"max_hp_loss":0.0,"gold_gain":100.0,"event_name":"Golden Shrine","player_choice":"Pray","floor":38.0,"gold_loss":0.0,"damage_taken":0.0}],"is_beta":true,"boss_relics":[{"not_picked":["Tiny House","Philosopher\u0027s Stone"],"picked":"SlaversCollar"},{"not_picked":["Cursed Key","Sozu"],"picked":"VioletLotus"}],"items_purged_floors":[],"is_endless":false,"potions_floor_spawned":[1,3,6,8,18,24,25,29,31,35,44],"killed_by":"The Heart","ascension_level":12}}