{"host":"ig7tc0uedzltt2sr","time":1609821235,"event":{"mods":["BaseMod","Better Twitch Integration","Block Reminder","Colored Map","Colored Powertips","Communication Mod","Current Relic Mod","GifTheSpireLib","HexUI Lib","Minty Spire (QoL Compilation)","Quick Restart","Random Character Button","Rare Cards Sparkle","Relic Sorter","Relic Stats","Slay the Relics Exporter","StSLib","SuperFastMode","Synergy Search","Twitch Decklist","Twitch Utils","everything is the same but u backflip on backflip","slay the spire mod where everything is the same but ironclad has a cowboy hat"],"gold_per_floor":[119,119,119,137,151,151,179,179,251,251,251,263,263,263,263,263,263],"floor_reached":16,"playtime":113,"items_purged":[],"score":98,"play_id":"8d166cc6-88e5-46fd-80d7-71a024b49378","local_time":"20210104203355","is_ascension_mode":false,"campfire_choices":[{"data":"Defend_R","floor":6,"key":"SMITH"},{"floor":8,"key":"REST"},{"floor":10,"key":"REST"},{"data":"Strike_R","floor":15,"key":"SMITH"}],"circlet_count":0,"master_deck":["Strike_R+1","Strike_R","Strike_R","Strike_R","Strike_R","Defend_R+1","Defend_R+1","Defend_R","Defend_R","Bash","Whirlwind","Hemokinesis","Anger","Impervious","Sword Boomerang"],"relics":["Burning Blood","Orichalcum"],"acts_visited":["Exordium"],"potions_floor_usage":[],"damage_taken":[{"damage":38,"enemies":"Jaw Worm","floor":1,"turns":10},{"damage":7,"enemies":"2 Louse","floor":4,"turns":5},{"damage":12,"enemies":"Cultist","floor":5,"turns":5},{"damage":47,"enemies":"3 Sentries","floor":7,"turns":9},{"damage":6,"enemies":"Red Slaver","floor":12,"turns":4},{"damage":62,"enemies":"Slime Boss","floor":16,"turns":14}],"seed_played":"-3245646479684668910","potions_obtained":[{"floor":1,"key":"CultistPotion"}],"is_trial":false,"path_per_floor":["M","?","$","M","M","R","E","R","T","R","?","M","$","?","R","B"],"character_chosen":"IRONCLAD","items_purchased":[],"campfire_rested":2,"item_purchase_floors":[],"current_hp_per_floor":[56,56,56,55,49,49,8,34,34,60,60,60,60,60,60,0,0],"gold":263,"neow_bonus":"TEN_PERCENT_HP_BONUS","is_daily":false,"chose_seed":false,"campfire_upgraded":2,"win_rate":0.0,"timestamp":1609821235,"path_taken":["M","?","$","M","M","R","E","R","T","R","?","?","?","?","R","BOSS"],"items_purchased_type":[],"build_version":"2020-12-22","purchased_purges":0,"victory":false,"max_hp_per_floor":[88,88,88,88,88,88,88,88,88,88,88,88,88,88,88,88,88],"relic_stats":{"counters":[6,47],"Orichalcum":[30],"obtain_stats":[{"Orichalcum":7,"Burning Blood":0},{"Orichalcum":4,"Burning Blood":0},{"Orichalcum":29,"Burning Blood":0}],"Burning Blood":30},"card_choices":[{"not_picked":["Infernal Blade","Thunderclap"],"picked":"Whirlwind","floor":1},{"not_picked":["Armaments","Warcry"],"picked":"Hemokinesis","floor":4},{"not_picked":["Havoc","Bloodletting"],"picked":"Anger","floor":5},{"not_picked":["Cleave","Perfected Strike"],"picked":"Impervious","floor":7},{"not_picked":["Warcry","Wild Strike"],"picked":"Sword Boomerang","floor":12}],"player_experience":1422365,"relics_obtained":[{"floor":7,"key":"Orichalcum"}],"event_choices":[{"damage_healed":0,"gold_gain":0,"player_choice":"Ignored","damage_taken":0,"max_hp_gain":0,"max_hp_loss":0,"event_name":"Golden Wing","floor":2,"gold_loss":0},{"damage_healed":0,"gold_gain":0,"player_choice":"Upgraded","damage_taken":0,"max_hp_gain":0,"max_hp_loss":0,"event_name":"Upgrade Shrine","floor":11,"gold_loss":0,"cards_upgraded":["Defend_R"]},{"damage_healed":0,"gold_gain":0,"player_choice":"0 cards matched","damage_taken":0,"max_hp_gain":0,"max_hp_loss":0,"event_name":"Match and Keep!","floor":14,"gold_loss":0,"cards_obtained":[]}],"is_beta":false,"boss_relics":[],"items_purged_floors":[],"is_endless":false,"potions_floor_spawned":[1],"killed_by":"Slime Boss","ascension_level":0}}