{"host":"kmq7aw60w430zvtx","time":1609855930,"event":{"mods":["BaseMod","Downfall","GifTheSpireLib","Hermit","Hubris","Minty Spire (QoL Compilation)","Replay The Spire","StSLib","The Construct","The Cursed","The Hierophant","The Jungle","The Necromancer","The Runesmith"],"gold_per_floor":[112,287,287,297,297,297,325,338,338,338,338,356,356,379,379,507,507,522,545,545,545],"floor_reached":20,"playtime":768,"items_purged":[],"score":244,"play_id":"522909ac-d90f-4351-9229-4d15c5297860","local_time":"20210105151210","is_ascension_mode":true,"campfire_choices":[{"floor":6,"key":"RECALL"},{"data":"ReplayGash","floor":11,"key":"SMITH"},{"data":"Loop","floor":15,"key":"SMITH"}],"circlet_count":0,"master_deck":["Strike_B","Strike_B","Strike_B+1","Strike_B","Defend_B","Defend_B","Defend_B","Defend_B","Zap","Dualcast+1","Streamline","Doubt","Redo","ReplayGash+1","Loop+1","Ball Lightning","Beam Cell","Thunder Strike","ReplayTheSpireMod:GoodbyeWorld","ReplayGash"],"relics":["Cracked Core","NeowsBlessing","Replay:Ringing Soul","hubris:PeanutButter","Golden Idol","SlaversCollar"],"acts_visited":["Exordium","theJungle:Jungle"],"potions_floor_usage":[16,18,20],"damage_taken":[{"damage":0,"enemies":"2 Louse","floor":1,"turns":1},{"damage":0,"enemies":"Jaw Worm","floor":4,"turns":1},{"damage":0,"enemies":"Lagavulin","floor":7,"turns":1},{"damage":0,"enemies":"Small Slimes","floor":8,"turns":2},{"damage":4,"enemies":"Looter","floor":12,"turns":3},{"damage":17,"enemies":"Gremlin Gang","floor":14,"turns":4},{"damage":28,"enemies":"Fading Forest","floor":16,"turns":11},{"damage":48,"enemies":"theJungle:MUSHROOMGANG","floor":18,"turns":5},{"damage":36,"enemies":"Shell Parasite","floor":19,"turns":6},{"damage":9,"enemies":"theJungle:JungleHuntersEncounter","floor":20,"turns":2}],"seed_played":"2437521736722550890","potions_obtained":[{"floor":8,"key":"PowerPotion"},{"floor":13,"key":"LiquidMemories"},{"floor":13,"key":"Milkshake"},{"floor":14,"key":"PotionOfCapacity"},{"floor":19,"key":"Weak Potion"}],"is_trial":false,"path_per_floor":["M","?","T","M","?","R","E","M","T","?","R","M","?","M","R","B",null,"M","M","M"],"character_chosen":"DEFECT","items_purchased":[],"campfire_rested":0,"item_purchase_floors":[],"current_hp_per_floor":[75,75,75,78,62,62,65,68,68,68,68,67,67,53,53,38,87,42,9,0,0],"gold":545,"neow_bonus":"THREE_ENEMY_KILL","is_daily":false,"chose_seed":false,"campfire_upgraded":2,"win_rate":0.0,"timestamp":1609855930,"path_taken":["M","?","?","M","?","R","E","?","T","?","R","M","?","M","R","BOSS","M","M","M"],"items_purchased_type":[],"build_version":"2020-12-22","purchased_purges":0,"victory":false,"max_hp_per_floor":[75,75,75,78,78,78,81,84,84,78,78,81,81,84,84,87,87,90,93,93,93],"card_choices":[{"not_picked":["Panic Button","Hologram"],"picked":"Streamline","floor":1},{"not_picked":["Leap","Undo"],"picked":"Redo","floor":4},{"not_picked":["Go for the Eyes","Hologram"],"picked":"ReplayGash","floor":7},{"not_picked":["Rebound","hubris:DoWhile"],"picked":"Loop","floor":8},{"not_picked":["Coolheaded","Steam"],"picked":"Ball Lightning","floor":12},{"not_picked":["Self Repair","Steam"],"picked":"Beam Cell","floor":14},{"not_picked":["Mirror Shield","Biased Cognition"],"picked":"Thunder Strike","floor":16},{"not_picked":["Recycle","Compile Driver"],"picked":"ReplayTheSpireMod:GoodbyeWorld","floor":18},{"not_picked":["Panic Button","Rebound"],"picked":"ReplayGash","floor":19}],"player_experience":277114,"relics_obtained":[{"floor":3,"key":"Replay:Ringing Soul"},{"floor":7,"key":"hubris:PeanutButter"}],"event_choices":[{"damage_healed":0,"gold_gain":175,"player_choice":"AGREE","damage_taken":0,"max_hp_gain":0,"max_hp_loss":0,"event_name":"Liars Game","floor":2,"gold_loss":0,"cards_obtained":["Doubt"]},{"damage_healed":0,"gold_gain":0,"player_choice":"Entered Light","damage_taken":16,"max_hp_gain":0,"max_hp_loss":0,"event_name":"Shining Light","floor":5,"gold_loss":0,"cards_upgraded":["Dualcast","Strike_B"]},{"damage_healed":0,"gold_gain":0,"player_choice":"Lose Max HP","damage_taken":0,"relics_obtained":["Golden Idol"],"max_hp_gain":0,"max_hp_loss":6,"event_name":"Golden Idol","floor":10,"gold_loss":0},{"damage_healed":0,"gold_gain":0,"player_choice":"Got Potions","damage_taken":0,"max_hp_gain":0,"max_hp_loss":0,"event_name":"Lab","floor":13,"gold_loss":0}],"is_beta":false,"boss_relics":[{"not_picked":["Kintsugi","Busted Crown"],"picked":"SlaversCollar"}],"items_purged_floors":[],"is_endless":false,"potions_floor_spawned":[8,14,16,19],"killed_by":"theJungle:JungleHuntersEncounter","ascension_level":2}}