{"host":"zjc1tzo4ovig5lll","time":1609866411,"event":{"mods":["AchievementEnabler","Aspiration","BaseMod","Beaked The Cultist","Better Altar","Better Match","Better Note","Better Sensory Stone","Colored Map","Colored Powertips","Conspire","Energized Spire","Friendly Minions","GifTheSpireLib","Halation","Hermit","Hubris","Minty Spire (QoL Compilation)","Rare Cards Sparkle","Replay The Spire","StSLib","The Blue Laboratory","The Bug Knight","The Construct","The Jungle","everything is the same but u backflip on backflip","vexMod"],"gold_per_floor":[117,117,137,237,248,248,259,259,259,259,293,293,309,309,309,309,309],"floor_reached":16,"playtime":519,"items_purged":[],"score":115,"play_id":"a0690b66-8f09-4c29-bdad-1f579b68d18f","local_time":"20210105190651","is_ascension_mode":true,"campfire_choices":[{"data":"Chaos","floor":6.0,"key":"SMITH"},{"data":"Chaos","floor":8.0,"key":"SMITH"},{"data":"Defend_B+2","floor":10.0,"key":"SMITH"},{"floor":15.0,"key":"REST"}],"circlet_count":0,"master_deck":["Strike_B","Strike_B","Strike_B","Strike_B","Defend_B+1","Defend_B","Defend_B","Defend_B+3","Zap","Dualcast","Skim+1","Chaos+1","BootSequence","Chaos+1","Reboot"],"relics":["ChewingGum","Simple Rune","Frozen Egg 2","halation:PinkSoulGem"],"acts_visited":["Exordium"],"potions_floor_usage":[],"damage_taken":[{"damage":7.0,"enemies":"Jaw Worm","floor":1.0,"turns":3.0},{"damage":2.0,"enemies":"Small Slimes","floor":3.0,"turns":3.0},{"damage":2.0,"enemies":"conspire:RoseBush","floor":5.0,"turns":3.0},{"damage":4.0,"enemies":"Exordium Wildlife","floor":7.0,"turns":6.0},{"damage":21.0,"enemies":"Lagavulin","floor":11.0,"turns":7.0},{"damage":1.0,"enemies":"3 Louse","floor":13.0,"turns":3.0},{"damage":46,"enemies":"The Guardian","floor":16,"turns":10}],"seed_played":"6095347998768581623","potions_obtained":[{"floor":5.0,"key":"Block Potion"}],"is_trial":false,"path_per_floor":["M","?","M","?","M","R","M","R","T","R","E","$","M","?","R","B"],"character_chosen":"DEFECT","items_purchased":[],"campfire_rested":1,"item_purchase_floors":[],"current_hp_per_floor":[68,53,51,51,49,49,45,45,45,45,24,24,23,23,45,0,0],"gold":309,"neow_bonus":"BOSS_RELIC","is_daily":false,"chose_seed":false,"campfire_upgraded":3,"win_rate":0.0,"timestamp":1609866411,"path_taken":["M","?","M","?","?","R","M","R","T","R","E","$","M","?","R","BOSS"],"items_purchased_type":[],"build_version":"2020-12-22","purchased_purges":0,"victory":false,"max_hp_per_floor":[75,75,75,75,75,75,75,75,75,75,75,75,75,75,75,75,75],"card_choices":[{"not_picked":["Coolheaded","Melter"],"picked":"Skim","floor":1.0},{"not_picked":["Compile Driver","Conserve Battery"],"picked":"Chaos","floor":3.0},{"not_picked":["Steam","Beam Cell"],"picked":"BootSequence","floor":5.0},{"not_picked":["Hello World","Rip and Tear"],"picked":"Chaos","floor":7.0},{"not_picked":["Gash","Cold Snap"],"picked":"Reboot","floor":11.0},{"not_picked":["Reprogram","Ball Lightning","ReplayTheSpireMod:Repulse"],"picked":"SKIP","floor":13.0}],"player_experience":610907,"relics_obtained":[{"floor":9.0,"key":"Simple Rune"},{"floor":11.0,"key":"Frozen Egg 2"}],"event_choices":[{"damage_healed":0.0,"max_hp_gain":0.0,"max_hp_loss":0.0,"gold_gain":0.0,"event_name":"Shining Light","player_choice":"Entered Light","floor":2.0,"gold_loss":0.0,"damage_taken":15.0,"cards_upgraded":["Skim","Defend_B"]},{"damage_healed":0.0,"max_hp_gain":0.0,"max_hp_loss":0.0,"gold_gain":100.0,"event_name":"Golden Shrine","player_choice":"Pray","floor":4.0,"gold_loss":0.0,"damage_taken":0.0}],"is_beta":false,"boss_relics":[],"items_purged_floors":[],"is_endless":false,"potions_floor_spawned":[3,5],"killed_by":"The Guardian","ascension_level":3}}