{"host":"8z6cx8b9r5qs18cp","time":1609885099,"event":{"mods":["AchievementEnabler","Act Like it!","Bard","BaseMod","GifTheSpireLib","Googly Eyes","Hermit","Hubris","Infinite Spire","Marked Mod","Minty Spire (QoL Compilation)","Permanent Neow","Rare Cards Sparkle","Relic Stats","Replay The Spire","StSLib","Stuff the Spire","The Animator","The Bug Knight","The Cursed","The Necromancer","The Servant 0.9.4"],"gold_per_floor":[114,127,138,138,151,178,178,194,194,212,212,237,59,59,59,161,161,161,161],"floor_reached":18,"playtime":1055,"items_purged":[],"score":172,"play_id":"e2606e7f-7887-400e-b80e-cd2d038c5a9e","local_time":"20210105161819","is_ascension_mode":false,"campfire_choices":[{"data":"Summon_Vampire_Lady","floor":7,"key":"SMITH"},{"data":"Summon_Lich","floor":11,"key":"SMITH"}],"circlet_count":0,"master_deck":["Strike_W","Strike_W","Strike_W","Strike_W","Defend_W","Defend_W","Defend_W","Defend_W","Negative_Energy_Arrows","Bone_Wall+1","Finger_Of_Death","Death_Coil","Negative_Energy_Javelin+1","Summon_Vampire_Lady+1","Bones_to_Steel","Summon_Lich+1","Blood_Shield","Negative_Energy_Sphere","Summon_Undead_Army+1","Blood_for_Blood+1","Blood_Whip","Bone_Shift","Regret","Detonate_Bones"],"relics":["Vampire_Amulet","Boot","The Courier","Frozen Egg 2","Replay:Arrowhead","StuffTheSpire:RedRose","Honey Jar"],"acts_visited":["Exordium","TheCity"],"potions_floor_usage":[],"damage_taken":[{"damage":2,"enemies":"Small Slimes","floor":1,"turns":4},{"damage":0,"enemies":"Cultist","floor":2,"turns":4},{"damage":1,"enemies":"2 Louse","floor":3,"turns":2},{"damage":7,"enemies":"Blue Slaver","floor":5,"turns":4},{"damage":7,"enemies":"HollowMod:MossKnight","floor":6,"turns":10},{"damage":13,"enemies":"Lots of Slimes","floor":8,"turns":3},{"damage":5,"enemies":"3 Louse","floor":10,"turns":3},{"damage":36,"enemies":"3 Sentries","floor":12,"turns":7},{"damage":52,"enemies":"Hexaghost","floor":16,"turns":8},{"damage":0,"enemies":"3 Byrds","floor":18,"turns":1}],"seed_played":"5238009409758184469","potions_obtained":[{"floor":2,"key":"Fruit Juice"},{"floor":6,"key":"Dexterity Potion"},{"floor":8,"key":"Elixir"},{"floor":10,"key":"infinitespire:BlackPotion"}],"is_trial":false,"path_per_floor":["M","M","M","?","M","E","R","M","T","M","R","E","$","?","R","B",null,"M"],"character_chosen":"NECROMANCER","items_purchased":["Summon_Undead_Army+1","Blood_for_Blood+1","Blood_Whip","Bone_Shift"],"campfire_rested":0,"item_purchase_floors":[13,13,13,13],"current_hp_per_floor":[75,75,75,75,70,75,75,75,75,75,75,57,57,57,75,37,75,75,75],"gold":161,"neow_bonus":"UPGRADE_CARD","is_daily":false,"chose_seed":false,"campfire_upgraded":2,"win_rate":0.0,"timestamp":1609885099,"path_taken":["M","M","M","?","?","E","R","M","T","M","R","E","$","?","R","BOSS","M"],"items_purchased_type":["Card","Card","Card","Card"],"build_version":"2020-12-22","purchased_purges":0,"victory":false,"max_hp_per_floor":[75,75,75,75,75,75,75,75,75,75,75,75,75,75,75,75,75,75,75],"relic_stats":{"counters":[9,45],"Boot":[60],"obtain_stats":[{"Honey Jar":17,"Vampire_Amulet":0,"The Courier":6,"Frozen Egg 2":9,"StuffTheSpire:RedRose":14,"Boot":4,"Replay:Arrowhead":12},{"Honey Jar":9,"Vampire_Amulet":0,"The Courier":5,"Frozen Egg 2":6,"StuffTheSpire:RedRose":8,"Boot":3,"Replay:Arrowhead":8},{"Honey Jar":45,"Vampire_Amulet":0,"The Courier":24,"Frozen Egg 2":27,"StuffTheSpire:RedRose":37,"Boot":10,"Replay:Arrowhead":37}]},"card_choices":[{"not_picked":["Blood_Curse","Negative_Energy_Sphere"],"picked":"Finger_Of_Death","floor":1},{"not_picked":["Pandemic","Death_March_Dance"],"picked":"Death_Coil","floor":2},{"not_picked":["Blood_for_Blood","Shade_Step"],"picked":"Negative_Energy_Javelin","floor":3},{"not_picked":["Pandemic","Necrotic_Claws"],"picked":"Summon_Vampire_Lady","floor":5},{"not_picked":["Death_March_Dance","Toxic_Smoke_Screen"],"picked":"Bones_to_Steel","floor":6},{"not_picked":["Bone_Spikes","Finger_Of_Death"],"picked":"Summon_Lich","floor":8},{"not_picked":["Shackles_Of_Pain","Epidemic"],"picked":"Blood_Shield","floor":10},{"not_picked":["Chill_Blood","Death_Coil"],"picked":"Negative_Energy_Sphere","floor":12},{"not_picked":["Negative_Energy_Bomb","Hellfire"],"picked":"Detonate_Bones","floor":16}],"player_experience":222488,"relics_obtained":[{"floor":6,"key":"The Courier"},{"floor":9,"key":"Frozen Egg 2"},{"floor":12,"key":"Replay:Arrowhead"}],"event_choices":[{"damage_healed":0,"gold_gain":0,"player_choice":"Gave Potion","damage_taken":0,"relics_obtained":["Boot"],"max_hp_gain":0,"max_hp_loss":0,"event_name":"WeMeetAgain","floor":4,"gold_loss":0}],"is_beta":false,"boss_relics":[{"not_picked":["Replay:Wanted Poster","hubris:Stopwatch"],"picked":"Honey Jar"}],"items_purged_floors":[],"is_endless":false,"potions_floor_spawned":[2,6,8,10],"killed_by":"3 Byrds","ascension_level":0}}