{"host":"k85tjwrh7mjrrc9a","time":1609880332,"event":{"mods":["AchievementEnabler","BaseMod","Colored Powertips","Highlight Path","Minty Spire (QoL Compilation)","Rare Cards Sparkle","StSLib"],"gold_per_floor":[109,109,120,140,86,115,184,184,184,137,169,169,186,236,236,336,336,348,398,448,50,64,64,94,94,94,127,127,158,158,173,173,276,276,292,306,356,366,284,294,322,372,372,372,472,503,503,267,267,267],"floor_reached":51,"playtime":3329,"items_purged":["Shame","Strike_R"],"score":1132,"play_id":"73a97fc4-44fb-4c3e-bcb6-0410b8ee9c51","local_time":"20210105155852","is_ascension_mode":true,"campfire_choices":[{"floor":8.0,"key":"REST"},{"data":"Armaments","floor":12.0,"key":"SMITH"},{"data":"True Grit","floor":15.0,"key":"SMITH"},{"floor":23.0,"key":"REST"},{"floor":25.0,"key":"REST"},{"floor":28.0,"key":"REST"},{"floor":30.0,"key":"REST"},{"floor":32.0,"key":"REST"},{"floor":44,"key":"REST"},{"floor":47,"key":"REST"},{"floor":49,"key":"REST"}],"circlet_count":0,"master_deck":["Strike_R","Strike_R","Strike_R","Defend_R","Defend_R","Defend_R","Defend_R","Bash","Twin Strike","True Grit+1","Shrug It Off","Armaments+1","Pommel Strike","Cleave","Headbutt","Demon Form","Whirlwind","Shrug It Off","Double Tap","Shockwave+1","Flash of Steel","Evolve","Warcry+1"],"relics":["Burning Blood","Mango","SsserpentHead","Happy Flower","Red Skull","Matryoshka","Boot","Mark of Pain","Kunai","Enchiridion","Membership Card","Singing Bowl","Omamori","Darkstone Periapt","Incense Burner","Pen Nib","StoneCalendar","Fusion Hammer","Lizard Tail","Orichalcum","Nunchaku","Ice Cream","Bag of Preparation","Ornamental Fan","Bronze Scales"],"acts_visited":["Exordium","TheCity","TheBeyond"],"potions_floor_usage":[50],"damage_taken":[{"damage":10.0,"enemies":"Jaw Worm","floor":1.0,"turns":6.0},{"damage":6.0,"enemies":"Cultist","floor":3.0,"turns":3.0},{"damage":0.0,"enemies":"Small Slimes","floor":4.0,"turns":3.0},{"damage":71.0,"enemies":"Lagavulin","floor":6.0,"turns":12.0},{"damage":0.0,"enemies":"3 Louse","floor":7.0,"turns":5.0},{"damage":18.0,"enemies":"Gremlin Nob","floor":11.0,"turns":4.0},{"damage":6.0,"enemies":"Looter","floor":13.0,"turns":2.0},{"damage":30.0,"enemies":"The Guardian","floor":16.0,"turns":11.0},{"damage":16.0,"enemies":"Chosen","floor":18.0,"turns":5.0},{"damage":6.0,"enemies":"Spheric Guardian","floor":22.0,"turns":4.0},{"damage":38.0,"enemies":"Slavers","floor":24.0,"turns":5.0},{"damage":36.0,"enemies":"Book of Stabbing","floor":27.0,"turns":6.0},{"damage":40.0,"enemies":"Slavers","floor":29.0,"turns":5.0},{"damage":33.0,"enemies":"Snake Plant","floor":31.0,"turns":4.0},{"damage":47.0,"enemies":"Automaton","floor":33.0,"turns":8.0},{"damage":20.0,"enemies":"3 Shapes","floor":35.0,"turns":3.0},{"damage":0.0,"enemies":"Orb Walker","floor":36.0,"turns":3.0},{"damage":14.0,"enemies":"Jaw Worm Horde","floor":38.0,"turns":5.0},{"damage":48.0,"enemies":"Spire Growth","floor":40.0,"turns":4.0},{"damage":8,"enemies":"Giant Head","floor":41,"turns":7},{"damage":14,"enemies":"Mind Bloom Boss Battle","floor":45,"turns":6},{"damage":28,"enemies":"Nemesis","floor":46,"turns":5},{"damage":36,"enemies":"Time Eater","floor":50,"turns":8}],"seed_played":"3430446087681059810","potions_obtained":[{"floor":3.0,"key":"Swift Potion"},{"floor":6.0,"key":"HeartOfIron"},{"floor":11.0,"key":"Dexterity Potion"},{"floor":22.0,"key":"AttackPotion"},{"floor":27.0,"key":"ElixirPotion"},{"floor":31.0,"key":"Regen Potion"},{"floor":40.0,"key":"SpeedPotion"},{"floor":41,"key":"Energy Potion"},{"floor":45,"key":"Fire Potion"}],"is_trial":false,"path_per_floor":["M","?","M","M","$","E","M","R","T","$","E","R","M","?","R","B",null,"M","?","?","$","M","R","E","R","T","E","R","E","R","M","R","B",null,"M","M","?","M","$","M","E","?","T","R","?","E","R","$","R","B",null],"character_chosen":"IRONCLAD","items_purchased":["Shrug It Off","Cleave","Membership Card","Singing Bowl","Whirlwind","Flash of Steel","Evolve","Ornamental Fan","Bronze Scales","Ancient Potion"],"campfire_rested":9,"item_purchase_floors":[5,10,21,21,21,39,39,48,48,48],"current_hp_per_floor":[82,82,82,86,86,21,27,52,52,52,40,40,40,33,33,9,67,57,57,41,41,43,69,37,63,63,35,62,30,57,32,60,34,79,65,73,73,67,67,27,25,25,25,55,49,29,60,60,91,61],"gold":267,"neow_bonus":"ONE_RARE_RELIC","is_daily":false,"chose_seed":false,"campfire_upgraded":2,"win_rate":0.0,"timestamp":1609880332,"path_taken":["M","?","M","M","$","E","?","R","T","$","E","R","M","?","R","BOSS","M","?","?","$","M","R","E","R","T","E","R","E","R","M","R","BOSS","M","M","?","M","$","M","E","?","T","R","?","E","R","?","R","BOSS"],"items_purchased_type":["Card","Card","Relic","Relic","Card","Card","Card","Relic","Relic","Potion"],"build_version":"2020-12-22","purchased_purges":2,"victory":true,"max_hp_per_floor":[86,86,86,86,86,86,86,86,86,86,86,86,86,86,86,86,86,86,86,86,86,88,88,88,88,88,90,90,92,92,94,94,94,94,94,96,96,98,98,100,100,100,100,100,102,104,104,104,104,104],"card_choices":[{"not_picked":["Power Through","Clothesline"],"picked":"Twin Strike","floor":1.0},{"not_picked":["Headbutt","Rampage"],"picked":"True Grit","floor":3.0},{"not_picked":["Second Wind","Perfected Strike","Reckless Charge"],"picked":"SKIP","floor":4.0},{"not_picked":["Fiend Fire","Headbutt"],"picked":"Armaments","floor":6.0},{"not_picked":["Twin Strike","Heavy Blade"],"picked":"Pommel Strike","floor":7.0},{"not_picked":["Dropkick","Armaments"],"picked":"Headbutt","floor":11.0},{"not_picked":["Flex","Rupture","Combust"],"picked":"SKIP","floor":13.0},{"not_picked":["Flex","Rupture","Combust"],"picked":"SKIP","floor":13.0},{"not_picked":["Juggernaut","Immolate"],"picked":"Demon Form","floor":16.0},{"not_picked":["Iron Wave+1","Carnage","Clash"],"picked":"SKIP","floor":18.0},{"not_picked":["Second Wind+1","Flame Barrier","Thunderclap+1"],"picked":"Singing Bowl","floor":22.0},{"not_picked":["Metallicize+1","Headbutt"],"picked":"Shrug It Off","floor":24.0},{"not_picked":["Clash","Shrug It Off+1","Limit Break"],"picked":"Singing Bowl","floor":27.0},{"not_picked":["Sword Boomerang+1","Dark Embrace","Havoc"],"picked":"Singing Bowl","floor":29.0},{"not_picked":["Iron Wave","Entrench","Rupture"],"picked":"Singing Bowl","floor":31.0},{"not_picked":["Corruption","Offering"],"picked":"Double Tap","floor":33.0},{"not_picked":["Armaments","Body Slam+1"],"picked":"Shockwave+1","floor":35.0},{"not_picked":["Thunderclap","Clothesline+1","Shrug It Off"],"picked":"Singing Bowl","floor":36.0},{"not_picked":["Armaments","Twin Strike","Sever Soul+1"],"picked":"Singing Bowl","floor":38.0},{"not_picked":["Impervious","Wild Strike","Thunderclap"],"picked":"Singing Bowl","floor":40.0},{"not_picked":["Reckless Charge+1","Twin Strike"],"picked":"Warcry+1","floor":41},{"not_picked":["Entrench","Wild Strike","Seeing Red+1"],"picked":"Singing Bowl","floor":45},{"not_picked":["Pommel Strike+1","Sword Boomerang","Iron Wave"],"picked":"Singing Bowl","floor":46}],"player_experience":147043,"relics_obtained":[{"floor":6.0,"key":"Happy Flower"},{"floor":9.0,"key":"Red Skull"},{"floor":11.0,"key":"Matryoshka"},{"floor":20.0,"key":"Enchiridion"},{"floor":24.0,"key":"Omamori"},{"floor":26.0,"key":"Darkstone Periapt"},{"floor":26.0,"key":"Incense Burner"},{"floor":27.0,"key":"Pen Nib"},{"floor":29.0,"key":"StoneCalendar"},{"floor":41,"key":"Lizard Tail"},{"floor":43,"key":"Orichalcum"},{"floor":43,"key":"Nunchaku"},{"floor":45,"key":"Ice Cream"},{"floor":46,"key":"Bag of Preparation"}],"event_choices":[{"damage_healed":0.0,"max_hp_gain":0.0,"max_hp_loss":0.0,"gold_gain":0.0,"event_name":"FaceTrader","player_choice":"Trade","floor":2.0,"gold_loss":0.0,"damage_taken":0.0,"relics_obtained":["SsserpentHead"]},{"damage_healed":0.0,"max_hp_gain":0.0,"max_hp_loss":0.0,"gold_gain":0.0,"event_name":"Scrap Ooze","player_choice":"Success","floor":14.0,"gold_loss":0.0,"damage_taken":7.0,"relics_obtained":["Boot"]},{"damage_healed":0.0,"max_hp_gain":0.0,"max_hp_loss":0.0,"gold_gain":0.0,"event_name":"Addict","player_choice":"Stole Relic","floor":19.0,"gold_loss":0.0,"damage_taken":0.0,"relics_obtained":["Kunai"],"cards_obtained":["Shame"]},{"damage_healed":0.0,"max_hp_gain":0.0,"max_hp_loss":0.0,"gold_gain":0.0,"event_name":"Cursed Tome","player_choice":"Obtained Book","floor":20.0,"gold_loss":0.0,"damage_taken":16.0},{"cards_removed":["Strike_R"],"damage_healed":0.0,"max_hp_gain":0.0,"max_hp_loss":0.0,"gold_gain":0.0,"event_name":"Falling","player_choice":"Removed Attack","floor":37.0,"gold_loss":0.0,"damage_taken":0.0},{"damage_healed":0,"gold_gain":0,"player_choice":"Ignored","damage_taken":0,"max_hp_gain":0,"max_hp_loss":0,"event_name":"Mysterious Sphere","floor":42,"gold_loss":0},{"damage_healed":0,"gold_gain":0,"player_choice":"Fight","damage_taken":0,"max_hp_gain":0,"max_hp_loss":0,"event_name":"MindBloom","floor":45,"gold_loss":0}],"is_beta":false,"boss_relics":[{"not_picked":["SacredBark","Velvet Choker"],"picked":"Mark of Pain"},{"not_picked":["Pandora\u0027s Box","Runic Dome"],"picked":"Fusion Hammer"}],"items_purged_floors":[21,48],"is_endless":false,"potions_floor_spawned":[3,6,11,22,27,31,40,41,45],"ascension_level":8}}