{"host":"u0ul4tg7h190tzjo","time":1609890073,"event":{"mods":["AchievementEnabler","Act Like it!","Aspiration","BaseMod","Beaked The Cultist","Better Altar","Better Note","Better Sensory Stone","Better Skull","Better Third Choice","Colored Powertips","Conspire","Downfall","Energized Spire","GifTheSpireLib","Hallownest","Hubris","Minty Spire (QoL Compilation)","Rare Cards Sparkle","Shop Mod","Spikes Relics","StSLib","Stuff the Spire","The Bug Knight","vexMod"],"gold_per_floor":[99,112,112,122,136,61,61,88,105,122,140,167,17,37,47,143,143,143,30,40,40,56,56,56,56,88,88,88,88,105,138,153,254,254,254,274,288,15,74,18,18,36,36,36,49,49,61,72,87,87,87,118,67,67,67],"floor_reached":56,"playtime":6353,"items_purged":[],"score":1457,"play_id":"c2171fa5-b3d8-4631-8e3d-e2dd5687b5a5","local_time":"20210105184113","is_ascension_mode":true,"campfire_choices":[{"floor":1,"key":"RECALL"},{"data":"HollowMod:SoulSplash","floor":6,"key":"SMITH"},{"floor":13,"key":"REST"},{"data":"HollowMod:WraithStrike","floor":18,"key":"SMITH"},{"floor":25,"key":"REST"},{"floor":27,"key":"REST"},{"floor":29,"key":"REST"},{"data":"HollowMod:SharpenedShadows","floor":46,"key":"SMITH"},{"data":"HollowMod:VoidDash","floor":54,"key":"SMITH"}],"circlet_count":0,"master_deck":["HollowMod:NailStrikeStart","HollowMod:NailStrikeStart","HollowMod:NailStrikeStart","HollowMod:NailStrikeStart","HollowMod:QuickDashStart+1","HollowMod:QuickDashStart","HollowMod:QuickDashStart","HollowMod:FocusHealStart+1","HollowMod:PogoStrike","HollowMod:WraithStrike+1","HollowMod:WraithStrike","HollowMod:SoulSplash+1","HollowMod:ShadowDash","HollowMod:CloakDash","HollowMod:SharpenedNail","HollowMod:ShadowDash","HollowMod:WhiteLadysBlessing","HollowMod:DashSlash","HollowMod:DescendingDark","HollowMod:ShadowDash","HollowMod:FastStrike","HollowMod:ShadowDash","HollowMod:CloakDash+1","HollowMod:WraithStrike","HollowMod:DescendingDark","HollowMod:PerfectDash+1","HollowMod:HuntersJournal+1","HollowMod:VengefulVoid","HollowMod:ShadowDash+1","HollowMod:VengefulVoid","HollowMod:ShadowDash","HollowMod:SharpenedShadows+1","HollowMod:AbyssShriek+1","HollowMod:VoidDash+1","HollowMod:AbyssShriek+1","HollowMod:VengefulVoid"],"relics":["HollowMod:VoidIdolRelic","aspiration:Nostalgia","Cracked Core","downfall:HeartBlessingRed","Nunchaku","War Paint","downfall:HeartBlessingBlue","downfall:HeartBlessingGreen","HollowMod:PaleOreRelic","StuffTheSpire:Experiment12","aspiration:ArtOfWarUpgrade","hubris:CuriousFeather","InkBottle","HollowMod:QueensCombRelic","hubris:Backtick","HollowMod:MantisClawRelic","Orrery","Pocketwatch","conspire:BottledYoYo","CaptainsWheel"],"acts_visited":["Exordium","Hallownest:Greenpath","Hallownest:CityofTears","TheEnding"],"potions_floor_usage":[8,11,11,12,31,33,36,39,42,47,52,55],"damage_taken":[{"damage":0,"enemies":"Hallownest:monsterHuskWarrior","floor":2,"turns":3},{"damage":10,"enemies":"Hallownest:2_Tiktiks_and_1_Crawlid","floor":4,"turns":3},{"damage":4,"enemies":"2_ Uuma","floor":5,"turns":4},{"damage":19,"enemies":"Hallownest:eliteVengeflyKing","floor":8,"turns":6},{"damage":0,"enemies":"Hallownest:monsterFoolEater","floor":9,"turns":10},{"damage":8,"enemies":"Hallownest:Wandering_and_Horned","floor":10,"turns":3},{"damage":24,"enemies":"Hallownest:Guard_and_Warrior","floor":11,"turns":5},{"damage":0,"enemies":"Hallownest:eliteMossKnight","floor":12,"turns":3},{"damage":0,"enemies":"Hallownest:monsterMossCharger","floor":14,"turns":3},{"damage":0,"enemies":"Hallownest:monsterFoolEater","floor":15,"turns":9},{"damage":62,"enemies":"downfall:Defect","floor":16,"turns":6},{"damage":0,"enemies":"downfall:FleeingMerchant","floor":19,"turns":4},{"damage":11,"enemies":"Hallownest:Guard_and_Sentry","floor":20,"turns":4},{"damage":0,"enemies":"Hallownest:2_Mistakes","floor":22,"turns":4},{"damage":17,"enemies":"Hallownest:eliteWatcherKnight","floor":26,"turns":11},{"damage":27,"enemies":"Hallownest:Master_and_Novice","floor":30,"turns":3},{"damage":9,"enemies":"Hallownest:eliteSoulWarrior","floor":31,"turns":4},{"damage":11,"enemies":"Hallownest:3_Mistakes","floor":32,"turns":2},{"damage":21,"enemies":"downfall:Silent","floor":33,"turns":8},{"damage":14,"enemies":"Hallownest:2_Littles","floor":36,"turns":4},{"damage":32,"enemies":"Hallownest:3_Siblings","floor":37,"turns":7},{"damage":0,"enemies":"downfall:FleeingMerchant","floor":38,"turns":4},{"damage":69,"enemies":"Hallownest:2_Primals","floor":39,"turns":5},{"damage":0,"enemies":"downfall:FleeingMerchant","floor":40,"turns":4},{"damage":0,"enemies":"Hallownest:2_Great","floor":42,"turns":5},{"damage":7,"enemies":"Hallownest:monsterPrimalAspid","floor":45,"turns":2},{"damage":12,"enemies":"Hallownest:Shield_Sturdy","floor":47,"turns":4},{"damage":0,"enemies":"Hallownest:2_Great","floor":48,"turns":4},{"damage":0,"enemies":"Hallownest:monsterPrimalAspid","floor":49,"turns":3},{"damage":1,"enemies":"downfall:Watcher","floor":50,"turns":5},{"damage":0,"enemies":"downfall:CharBossMerchant","floor":52,"turns":7},{"damage":27,"enemies":"downfall:NeowBoss","floor":55,"turns":24}],"seed_played":"6176477229947628179","potions_obtained":[{"floor":5,"key":"PowerPotion"},{"floor":9,"key":"conspire:TimeTravelPotion"},{"floor":10,"key":"Strength Potion"},{"floor":11,"key":"champ:CounterPotion"},{"floor":16,"key":"FairyPotion"},{"floor":30,"key":"DuplicationPotion"},{"floor":31,"key":"FearPotion"},{"floor":33,"key":"Energy Potion"},{"floor":37,"key":"PowerPotion"},{"floor":39,"key":"Block Potion"},{"floor":45,"key":"Block Potion"},{"floor":48,"key":"AttackPotion"}],"is_trial":false,"path_per_floor":["R","M","?","M","M","R","T","E","M","M","M","E","R","M","M","B",null,"R","$","M","?","M","?","T","R","E","R","?","R","M","E","M","B",null,"R","M","M","$","?","$","T","M","R","?","M","R","M","M","M","B",null,"E","$","R","B",null],"character_chosen":"THE_BUGKNIGHT","items_purchased":["HollowMod:DescendingDark","HollowMod:ShadowDash","CultistPotion","Orrery","HollowMod:SharpenedShadows","conspire:BottledYoYo","Swift Potion","HollowMod:VengefulVoid"],"campfire_rested":4,"item_purchase_floors":[19,19,38,38,40,40,40,53],"current_hp_per_floor":[75,75,75,65,67,67,67,48,48,40,32,38,73,73,73,11,85,85,85,74,10,16,12,12,37,26,51,51,76,55,52,45,34,56,56,48,20,42,8,30,30,50,50,53,49,49,44,56,56,55,56,56,56,56,35],"gold":67,"neow_bonus":"NOSTALGIA","is_daily":false,"chose_seed":false,"campfire_upgraded":4,"win_rate":0.0,"timestamp":1609890073,"path_taken":["R","M","?","M","M","R","T","E","M","M","M","E","R","M","M","BOSS","R","$","M","?","?","?","T","R","E","R","?","R","M","E","M","BOSS","R","M","M","$","?","$","T","M","R","?","M","R","M","?","M","BOSS","E","$","R","BOSS"],"items_purchased_type":["Card","Card","Potion","Relic","Card","Relic","Potion","Card"],"build_version":"2020-12-22","purchased_purges":0,"victory":true,"max_hp_per_floor":[75,75,75,75,75,75,75,75,75,75,75,75,85,85,85,85,85,85,85,85,85,85,85,85,85,85,85,85,85,85,56,56,56,56,56,56,56,56,56,56,56,56,56,56,56,56,56,56,56,56,56,56,56,56,56],"card_choices":[{"not_picked":["HollowMod:BrokenVessel","HollowMod:LifebloodCocoon"],"picked":"HollowMod:WraithStrike","floor":2},{"not_picked":["HollowMod:NewJinnsSoul","HollowMod:FallenFury"],"picked":"HollowMod:WraithStrike","floor":4},{"not_picked":["HollowMod:TaintedHusks","HollowMod:HeavyBlow"],"picked":"HollowMod:SoulSplash","floor":5},{"not_picked":["HollowMod:LordofShades","HollowMod:SoulEater"],"picked":"HollowMod:ShadowDash","floor":8},{"not_picked":["HollowMod:HeavyBlow","HollowMod:InfectedCysts","HollowMod:CrystalDash"],"picked":"SKIP","floor":9},{"not_picked":["HollowMod:InfectedCysts","HollowMod:ChannelNail"],"picked":"HollowMod:CloakDash","floor":10},{"not_picked":["HollowMod:SoulShaman","HollowMod:InfectedCysts"],"picked":"HollowMod:SharpenedNail","floor":11},{"not_picked":["HollowMod:CornifersMapStart","HollowMod:QuirrelsAssistance"],"picked":"HollowMod:ShadowDash","floor":12},{"not_picked":["HollowMod:VengefulVoid","HollowMod:SiblingsSouls"],"picked":"HollowMod:WhiteLadysBlessing","floor":14},{"not_picked":["HollowMod:HuntersJournal","HollowMod:GoodIntentions"],"picked":"HollowMod:DashSlash","floor":15},{"not_picked":["HollowMod:GrimmsGift","HollowMod:ChannelNail","HollowMod:DoubleDash"],"picked":"SKIP","floor":19},{"not_picked":["HollowMod:SoulStrike","HollowMod:MawleksShell+1"],"picked":"HollowMod:FastStrike","floor":20},{"not_picked":["HollowMod:SharpenedShadows","HollowMod:HeavyBlow"],"picked":"HollowMod:ShadowDash","floor":22},{"not_picked":["HollowMod:SoulSplash+1","HollowMod:InfectedCysts+1"],"picked":"HollowMod:CloakDash+1","floor":26},{"not_picked":["HollowMod:FallenFury","HollowMod:BaldurShell"],"picked":"HollowMod:WraithStrike","floor":30},{"not_picked":["HollowMod:WraithStrike+1","HollowMod:ChannelNail"],"picked":"HollowMod:DescendingDark","floor":31},{"not_picked":["HollowMod:WraithStrike","HollowMod:ChannelNail"],"picked":"HollowMod:PerfectDash+1","floor":32},{"not_picked":["HollowMod:TaintedHusks","HollowMod:CoiledNail"],"picked":"HollowMod:HuntersJournal+1","floor":36},{"not_picked":["HollowMod:SoulVessel+1","HollowMod:InfectedAttack"],"picked":"HollowMod:VengefulVoid","floor":37},{"not_picked":["HollowMod:CornifersMapStart+1","HollowMod:InfectedCysts+1","HollowMod:RadiancesLament"],"picked":"SKIP","floor":38},{"not_picked":["HollowMod:BrokenVessel","HollowMod:GoodIntentions"],"picked":"HollowMod:ShadowDash+1","floor":38},{"not_picked":["HollowMod:CornifersMapStart","HollowMod:WraithStrike"],"picked":"HollowMod:VengefulVoid","floor":38},{"not_picked":["HollowMod:SharpenedNail","HollowMod:LifebloodCocoon+1"],"picked":"HollowMod:ShadowDash","floor":38},{"not_picked":["HollowMod:PureNailStrike","HollowMod:NewInfectedGuardian","HollowMod:SoulEater"],"picked":"SKIP","floor":40},{"not_picked":["HollowMod:SoulStrike+1","HollowMod:CycloneSlash+1","HollowMod:InfectedCysts+1"],"picked":"SKIP","floor":42},{"not_picked":["HollowMod:BaldurShell","HollowMod:GoodIntentions+1"],"picked":"HollowMod:AbyssShriek+1","floor":45},{"not_picked":["HollowMod:LuriensSpire","HollowMod:NewGlowingWomb+1"],"picked":"HollowMod:VoidDash","floor":47},{"not_picked":["HollowMod:DashSlash","HollowMod:NewJinnsSoul+1"],"picked":"HollowMod:AbyssShriek+1","floor":48},{"not_picked":["HollowMod:PerfectDash","HollowMod:InfectedAttack","HollowMod:LuriensSpire"],"picked":"SKIP","floor":49},{"not_picked":["HollowMod:TaintedHusks+1","HollowMod:Grubsong+1","HollowMod:HowlingWraiths"],"picked":"SKIP","floor":52}],"player_experience":240821,"relics_obtained":[{"floor":8,"key":"Nunchaku"},{"floor":12,"key":"War Paint"},{"floor":24,"key":"hubris:CuriousFeather"},{"floor":26,"key":"InkBottle"},{"floor":31,"key":"HollowMod:QueensCombRelic"},{"floor":39,"key":"Pocketwatch"},{"floor":41,"key":"CaptainsWheel"}],"event_choices":[{"damage_healed":0,"gold_gain":0,"player_choice":"RE RE RE ","damage_taken":70,"relics_obtained":["HollowMod:PaleOreRelic","StuffTheSpire:Experiment12","Art of War"],"max_hp_gain":0,"max_hp_loss":0,"event_name":"betterSkull:BetterSkull","floor":21,"gold_loss":0,"cards_upgraded":[]},{"damage_healed":3,"gold_gain":0,"player_choice":"LEAVE ","damage_taken":0,"relics_obtained":[],"max_hp_gain":0,"max_hp_loss":0,"event_name":"betterSkull:BetterSkull","floor":44,"gold_loss":0,"cards_upgraded":[]}],"is_beta":false,"boss_relics":[{"not_picked":["CosmicIsotope","Coffee Dripper"],"picked":"HollowMod:VoidIdolRelic"},{"not_picked":["vexMod:TanglingVine","vexMod:MysteryBossChallenge"],"picked":"hubris:Backtick"}],"items_purged_floors":[],"is_endless":false,"potions_floor_spawned":[5,9,10,11,16,30,31,33,37,39,45,48],"ascension_level":4}}