{"host":"873t0y8ybyo38pfq","time":1609854163,"event":{"mods":["BaseMod","Bestiary","Colored Map","Colored Powertips","Highlight Path","Minty Spire (QoL Compilation)","Quick Restart","RNG Fix","Rare Cards Sparkle","Relic Stats","StSLib"],"gold_per_floor":[210,210,52,64,76,76,76,32,32,6,6,23,42,57,57,134,134,144,69,88,88,106,106,123,123,123,123,123],"floor_reached":27,"playtime":1085,"items_purged":["Strike_B"],"score":418,"play_id":"06472fb6-a32d-467e-9f23-3c7b15de2e1f","local_time":"20210105084243","is_ascension_mode":true,"campfire_choices":[{"floor":6,"key":"REST"},{"data":"Defragment","floor":11,"key":"SMITH"},{"floor":15,"key":"REST"},{"data":"Ghostly","floor":23,"key":"SMITH"}],"circlet_count":0,"master_deck":["AscendersBane","Strike_B+1","Strike_B+1","Strike_B","Defend_B","Defend_B","Defend_B","Defend_B","Zap","Dualcast","Chaos","Defragment+1","Chill","Conserve Battery","Coolheaded","Darkness","Multi-Cast","Seek","Conserve Battery","Ghostly","Ghostly","Ghostly+1","Compile Driver","Coolheaded+1"],"relics":["Cracked Core","ClockworkSouvenir","Singing Bowl","Prayer Wheel","Busted Crown","Gremlin Horn"],"acts_visited":["Exordium","TheCity"],"potions_floor_usage":[20,25,27],"damage_taken":[{"damage":8,"enemies":"2 Louse","floor":1,"turns":4},{"damage":12,"enemies":"Jaw Worm","floor":4,"turns":2},{"damage":0,"enemies":"Small Slimes","floor":5,"turns":4},{"damage":10,"enemies":"Exordium Thugs","floor":8,"turns":6},{"damage":0,"enemies":"Red Slaver","floor":12,"turns":3},{"damage":12,"enemies":"Exordium Wildlife","floor":13,"turns":4},{"damage":4,"enemies":"Exordium Thugs","floor":14,"turns":6},{"damage":37,"enemies":"Hexaghost","floor":16,"turns":10},{"damage":7,"enemies":"3 Byrds","floor":18,"turns":5},{"damage":14,"enemies":"Shell Parasite","floor":20,"turns":6},{"damage":10,"enemies":"Snake Plant","floor":22,"turns":6},{"damage":7,"enemies":"Chosen and Byrds","floor":24,"turns":6},{"damage":0,"enemies":"Centurion and Healer","floor":25,"turns":5},{"damage":30,"enemies":"Gremlin Leader","floor":27,"turns":4}],"seed_played":"-6502089377385997113","potions_obtained":[{"floor":12,"key":"Ancient Potion"},{"floor":13,"key":"Swift Potion"},{"floor":16,"key":"PotionOfCapacity"},{"floor":24,"key":"SmokeBomb"}],"is_trial":false,"path_per_floor":["M","?","$","M","M","R","T","M","T","$","R","M","M","M","R","B",null,"M","$","M","?","M","R","M","M","T","E"],"character_chosen":"DEFECT","items_purchased":["ClockworkSouvenir","Conserve Battery"],"campfire_rested":2,"item_purchase_floors":[3,10],"current_hp_per_floor":[56,35,35,23,23,44,44,36,36,36,36,36,24,24,47,10,60,57,57,45,41,33,33,28,28,28,0,0],"gold":123,"neow_bonus":"HUNDRED_GOLD","is_daily":false,"chose_seed":false,"campfire_upgraded":2,"win_rate":0.0,"timestamp":1609854163,"path_taken":["M","?","$","M","?","R","?","M","T","$","R","M","M","M","R","BOSS","M","$","M","?","M","R","?","M","T","E"],"items_purchased_type":["Relic","Card"],"build_version":"2020-12-22","purchased_purges":1,"victory":false,"max_hp_per_floor":[71,71,71,71,71,71,71,73,73,73,73,73,73,77,77,77,77,81,81,83,41,43,43,45,45,45,45,45],"relic_stats":{"Busted Crown":16,"Singing Bowl":16,"Gremlin Horn":[1,1],"counters":[14,71],"Prayer Wheel":7,"obtain_stats":[{"Busted Crown":17,"Singing Bowl":7,"Gremlin Horn":26,"Prayer Wheel":9,"Cracked Core":0,"ClockworkSouvenir":3},{"Busted Crown":8,"Singing Bowl":3,"Gremlin Horn":13,"Prayer Wheel":4,"Cracked Core":0,"ClockworkSouvenir":1},{"Busted Crown":39,"Singing Bowl":10,"Gremlin Horn":67,"Prayer Wheel":16,"Cracked Core":0,"ClockworkSouvenir":4}]},"card_choices":[{"not_picked":["Stack","Auto Shields"],"picked":"Chaos","floor":1},{"not_picked":["Tempest","Undo"],"picked":"Defragment","floor":4},{"not_picked":["Compile Driver","Go for the Eyes"],"picked":"Chill","floor":5},{"not_picked":["Ball Lightning","Sweeping Beam","Loop"],"picked":"Singing Bowl","floor":8},{"not_picked":["Recycle","Cold Snap"],"picked":"Coolheaded","floor":12},{"not_picked":["Cold Snap","Consume"],"picked":"Darkness","floor":12},{"not_picked":["Fusion","Go for the Eyes"],"picked":"Multi-Cast","floor":13},{"not_picked":["Barrage","Turbo","Rip and Tear"],"picked":"SKIP","floor":13},{"not_picked":["Blizzard","Sweeping Beam","Rebound"],"picked":"Singing Bowl","floor":14},{"not_picked":["Force Field","Aggregate","White Noise"],"picked":"Singing Bowl","floor":14},{"not_picked":["Electrodynamics","Thunder Strike"],"picked":"Seek","floor":16},{"not_picked":["Turbo"],"picked":"Singing Bowl","floor":18},{"not_picked":["BootSequence"],"picked":"Singing Bowl","floor":18},{"not_picked":[],"picked":"Conserve Battery","floor":20},{"not_picked":["Gash"],"picked":"Singing Bowl","floor":20},{"not_picked":[],"picked":"Compile Driver","floor":22},{"not_picked":["Melter"],"picked":"Singing Bowl","floor":22},{"not_picked":["Rebound"],"picked":"Singing Bowl","floor":24},{"not_picked":[],"picked":"Coolheaded+1","floor":24}],"player_experience":1517420,"relics_obtained":[{"floor":7,"key":"Singing Bowl"},{"floor":9,"key":"Prayer Wheel"},{"floor":26,"key":"Gremlin Horn"}],"event_choices":[{"damage_healed":0,"gold_gain":0,"player_choice":"Entered Light","damage_taken":21,"max_hp_gain":0,"max_hp_loss":0,"event_name":"Shining Light","floor":2,"gold_loss":0,"cards_upgraded":["Strike_B","Strike_B"]},{"damage_healed":0,"gold_gain":0,"player_choice":"Became a Ghost","damage_taken":0,"max_hp_gain":0,"max_hp_loss":42,"event_name":"Ghosts","floor":21,"gold_loss":0,"cards_obtained":["Ghostly","Ghostly","Ghostly"]}],"is_beta":false,"boss_relics":[{"not_picked":["Fusion Hammer","Astrolabe"],"picked":"Busted Crown"}],"items_purged_floors":[19],"is_endless":false,"potions_floor_spawned":[12,13,16,24],"killed_by":"Gremlin Leader","ascension_level":20}}