{"host":"q7soxkcz6wyortlz","time":1609805870,"event":{"mods":["Act Like it!","BaseMod","Colored Powertips","Conspire","Downfall","Duelist Mod","Friendly Minions","Hallownest","Hermit","Hero for Fun","Hubris","Infinite Spire","Minty Spire (QoL Compilation)","READ ME - Guardian Mod","READ ME - Snecko Mod","Replay The Spire","Reworked Bosses","Shop Mod","ShortenTheSpire","StSLib","Synergy Search","The Bug Knight","The Factory","The Jungle","The Necromancer","The Servant 0.9.4","Yohane!"],"gold_per_floor":[99,112,130,149,165,265,265,265,265,365,398,410,427,69,80,181,181,181,197,209,209,223,223,223,258,258,258,258],"floor_reached":26,"playtime":2585,"items_purged":["Slimebound:Defend_Slimebound"],"score":230,"play_id":"1eeb2c0b-1e42-409b-8006-c459b1a8e7ae","local_time":"20210105011750","is_ascension_mode":false,"campfire_choices":[{"floor":1,"key":"RECALL"},{"data":"Slimebound:Split","floor":8,"key":"SMITH"},{"data":"Slimebound:DuplicatedForm","floor":18,"key":"SMITH"}],"circlet_count":0,"master_deck":["Slimebound:Strike_Slimebound","Slimebound:Tackle+1","Slimebound:Defend_Slimebound","Slimebound:Defend_Slimebound","Slimebound:CorrosiveSpit","Slimebound:Gluttony+1","Slimebound:ItLooksTasty+1","Slimebound:SlimeSpikes","Slimebound:Schlurp","Slimebound:Grow","Slimebound:FinishingTackle","Slimebound:LeechEnergy+1","Slimebound:SpikyOuterGoop","Slimebound:PressTheAttack+1","Slimebound:Nibble+1","Slimebound:SlimeSpikes","Slimebound:LevelUp","Slimebound:ViciousTackle+1","Slimebound:OozeBath+1","Slimebound:GrowthPunch+1","Slimebound:LevelUp+1","Slimebound:RejuvenatingLick","hubris:DuctTapeCard","Slimebound:Replication+1"],"relics":["Slimebound:AbsorbEndCombat","Molten Egg 2","infinitespire:Cupcake","Guide Book","hubris:DuctTape","Meat on the Bone"],"acts_visited":["Exordium","TheCity"],"potions_floor_usage":[10,10,10,12,16,22,22,25],"damage_taken":[{"damage":5,"enemies":"2 Louse","floor":2,"turns":3},{"damage":4,"enemies":"conspire:RoseBush","floor":3,"turns":3},{"damage":3,"enemies":"Small Slimes","floor":4,"turns":3},{"damage":11,"enemies":"Red Slaver","floor":5,"turns":4},{"damage":50,"enemies":"downfall:Heads","floor":10,"turns":6},{"damage":17,"enemies":"Replay:BlueRogue","floor":11,"turns":5},{"damage":33,"enemies":"Exordium Thugs","floor":12,"turns":4},{"damage":21,"enemies":"Lots of Slimes","floor":13,"turns":3},{"damage":14,"enemies":"downfall:FleeingMerchant","floor":14,"turns":4},{"damage":19,"enemies":"2 Fungi Beasts","floor":15,"turns":5},{"damage":54,"enemies":"downfall:Silent","floor":16,"turns":6},{"damage":26,"enemies":"Chosen","floor":19,"turns":3},{"damage":44,"enemies":"conspire:FuzzyDice","floor":20,"turns":4},{"damage":45,"enemies":"Cultist and Chosen","floor":22,"turns":5},{"damage":60,"enemies":"theDuelist:KaibaA2","floor":25,"turns":6},{"damage":38,"enemies":"downfall:FleeingMerchant","floor":26,"turns":2}],"seed_played":"7618697537735060470","potions_obtained":[{"floor":2,"key":"Swift Potion"},{"floor":3,"key":"GamblersBrew"},{"floor":4,"key":"CultistPotion"},{"floor":5,"key":"Adrenaline Potion"},{"floor":11,"key":"champ:CounterPotion"},{"floor":16,"key":"Block Potion"},{"floor":22,"key":"sneckomod:MuddlingPotion"},{"floor":25,"key":"FearPotion"}],"is_trial":false,"path_per_floor":["R","M","M","M","M","?","T","R","?","?","E","M","M","$","M","B",null,"R","M","M","?","M","AVR","T","E","$"],"character_chosen":"SLIMEBOUND","items_purchased":["Slimebound:Nibble+1","Slimebound:SlimeSpikes","Slimebound:LevelUp","Energy Potion","Fire Potion"],"campfire_rested":0,"item_purchase_floors":[14,14,14,14,14],"current_hp_per_floor":[66,66,66,63,63,63,63,63,63,39,54,33,36,54,47,48,66,66,66,46,46,44,44,44,29,0,0,0],"gold":258,"neow_bonus":"TEN_PERCENT_HP_BONUS","is_daily":false,"chose_seed":false,"campfire_upgraded":2,"win_rate":0.0,"timestamp":1609805870,"path_taken":["R","M","M","M","M","?","T","R","?","?","E","M","M","$","M","BOSS","R","M","M","?","M","AVR","T","E","$"],"items_purchased_type":["Card","Card","Card","Potion","Potion"],"build_version":"2020-12-22","purchased_purges":1,"victory":false,"max_hp_per_floor":[66,66,66,66,66,66,66,66,66,66,66,66,66,66,66,66,66,66,66,66,66,66,66,66,66,66,66,66],"card_choices":[{"not_picked":["Slimebound:Replication","Slimebound:ViciousTackle"],"picked":"Slimebound:Gluttony","floor":2},{"not_picked":["Slimebound:GoopSpray","Slimebound:SplitLeeching"],"picked":"Slimebound:ItLooksTasty","floor":3},{"not_picked":["Slimebound:SamplingLick","Slimebound:MegaLick"],"picked":"Slimebound:SlimeSpikes","floor":4},{"not_picked":["Slimebound:Repurpose","Slimebound:GoopSpray"],"picked":"Slimebound:Schlurp","floor":5},{"not_picked":["Slimebound:Schlurp","Slimebound:ComboTackle"],"picked":"Slimebound:FinishingTackle","floor":10},{"not_picked":["Slimebound:SlimeSpikes","Slimebound:HauntingLick"],"picked":"Slimebound:LeechEnergy+1","floor":11},{"not_picked":["Slimebound:DisruptingSlam+1","Slimebound:LeechingTouch+1"],"picked":"Slimebound:SpikyOuterGoop","floor":12},{"not_picked":["Slimebound:Chomp+1","Slimebound:LeechingTouch+1"],"picked":"Slimebound:DuplicatedForm","floor":13},{"not_picked":["Slimebound:Schlurp","Slimebound:SplitAcid"],"picked":"Slimebound:PressTheAttack+1","floor":14},{"not_picked":["Slimebound:SplitMire","Slimebound:Schlurp"],"picked":"Slimebound:ViciousTackle+1","floor":15},{"not_picked":["Slimebound:RallyTheTroops+1","Slimebound:WasteNot"],"picked":"Slimebound:OozeBath","floor":16},{"not_picked":["Slimebound:BestDefense+1","Slimebound:FlameTackle+1"],"picked":"Slimebound:GrowthPunch+1","floor":19},{"not_picked":["Slimebound:ViciousTackle+1","Slimebound:Chomp+1"],"picked":"Slimebound:LevelUp+1","floor":20},{"not_picked":["Slimebound:Schlurp","Slimebound:SplitLeeching"],"picked":"Slimebound:RejuvenatingLick","floor":22},{"not_picked":["Slimebound:SlimeBarrage+1","Slimebound:LeechEnergy+1"],"picked":"Slimebound:Replication+1","floor":25}],"player_experience":86707,"relics_obtained":[{"floor":11,"key":"Molten Egg 2"},{"floor":24,"key":"hubris:DuctTape"},{"floor":25,"key":"Meat on the Bone"}],"event_choices":[{"cards_removed":["Slimebound:Strike_Slimebound"],"damage_healed":0,"gold_gain":0,"player_choice":"Offered Basic","damage_taken":0,"max_hp_gain":0,"max_hp_loss":0,"event_name":"Bonfire Elementals","floor":21,"gold_loss":0}],"is_beta":false,"boss_relics":[{"not_picked":["Cursed Key","Replay:Wanted Poster"],"picked":"infinitespire:Cupcake"}],"items_purged_floors":[14],"is_endless":false,"potions_floor_spawned":[2,3,4,5,11,16,22,25],"killed_by":"downfall:FleeingMerchant","ascension_level":0}}