{"host":"w5vfr18i2ft1pzo2","time":1609835867,"event":{"mods":["Act Like it!","Aspiration","BaseMod","Better Third Choice","BetterRewards","Colored Map","Colored Powertips","Conspire","Curses Come First","DNKmod","Defuse TimeMaze Blight","Dota2Spire","Energized Spire","Evolution","Force Act Four","Friendly Minions","Gensokyo","GifTheSpireLib","Gold Saver","Halation","Hubris","Hyrulean Relics","Infinite Spire","Jedi Mod","Marisa????????","Minty Spire (QoL Compilation)","MostiFishMod","Prisma Mod","Remilia??????","Replay The Spire","SacredBarkPlus","Small Relic Pack","Spicy Shops","Spikes Relics","StSLib","Stuff the Spire","Synergy Search","The Blue Laboratory","The Servant 0.9.4","Trackpad","Treasure Hunter","Uncapped","Wandering Minibosses","Yakumo Yukari mod","noobMod","vexMod","??????REMEMod"],"gold_per_floor":[2121,2147,2147,927,927,953,594,652,652,1279,730,757,757,770,770,866,866,1247,1267,1287,1303,1303,1303,1333,1333,1356,1386,1386,1403,1416,1416,1416,1613,1613,1732,1732,772,772,839,839,925,995,995,1044,1123,1215,1215,1322,1322,1324,1324,1324,1075,1173,1173],"floor_reached":56,"playtime":4046,"items_purged":["Defend_B","Strike_B","Strike_B","Strike_B","Defend_B","Defend_B"],"score":2151,"play_id":"e662d8e8-067c-45a2-8622-97b4cf7aaf03","local_time":"20210105163747","is_ascension_mode":true,"campfire_choices":[{"floor":13,"key":"RECALL"},{"floor":15,"key":"DIG"},{"data":"StuffTheSpire:Brawn","floor":23,"key":"SMITH"},{"data":"ReplayTheSpireMod:Private Reserves","floor":32,"key":"SMITH"},{"data":"MostiFishMod:ATRI","floor":40,"key":"SMITH"},{"data":"Coolheaded","floor":49,"key":"SMITH"},{"data":"MostiFishMod:Kaleido","floor":52,"key":"SMITH"}],"circlet_count":0,"master_deck":["A Thousand Cuts","StuffTheSpire:Plugnplay","Vigilance","Eruption+1","ReplayTheSpireMod:Private Reserves+1","TH:DeckOfManyThings","MostiFishMod:Kaleido+1","Crystallizer","Aggregate+1","TH:DeckOfManyThings","StuffTheSpire:Synthwave","TH:DeckOfManyThings","TH:DeckOfManyThings","MostiFishMod:TalkingToTheRain","TH:DeckOfManyThings","Hologram","Coolheaded+1","TH:TreasureMap","Echo Form","Panic Button","StuffTheSpire:Brawn+1","TH:CursedSword","BasicCrystalCard","TH:CursedSword","TH:CursedSword","jedi:locknload","infinitespire:Fortify","infinitespire:UltimateForm","infinitespire:NeuralNetwork","Recycle+1","Finesse","TH:CursedSword","MostiFishMod:ATRI+1","Coolheaded","TH:BikiniMail","Violence","Aggregate","Sweeping Beam","TH:CopperCoins","Panic Button","Sweeping Beam","TH:DeckOfManyThings","Compile Driver+1","Hologram+1","TH:DeckOfManyThings","TH:CursedSword","Chill+1","TH:DeckOfManyThings","Hologram+1"],"relics":["Cracked Core","EVO:Axolotl","DaveBox","ice","REME_ComplimentaryCards","aspiration:Nostalgia","infinitespire:DarkRift","RhineCircuit","SynthV:TestCard","Dota2Spire:EyeOfSkadi","REME_CardOfGreed","Ying","Solar Panel","RollingBoulder","Bronze Scales","Smiling Mask","hubris:CuriousFeather","Gremlin Horn","Pondfish Scales","Chameleon Ring","trackpad:WondrousWand","wanderingMiniBosses:LockLocket","Tiny Chest","MutagenicStrength","Dota2Spire:LotusOrb","Vajra","halation:SwordOfLegend","Pandora\u0027s Box","infinitespire:EvilPickle","SlaversCollar","trackpad:BottledTsunami","Whetstone","Onion Ring","infinitespire:Freezer","CaptainsWheel","CatCart","StuffTheSpire:GrapeVine","Dota2Spire:MagicBottle","StuffTheSpire:Tea","Replay:Baseball"],"acts_visited":["Exordium","TheCity","TheBeyond","TheEnding"],"potions_floor_usage":[1,1,2,2,8,8,10,13,14,16,16,29,41,41,50,50,50],"damage_taken":[{"damage":0,"enemies":"Jaw Worm","floor":1,"turns":1},{"damage":0,"enemies":"conspire:MimicChest","floor":2,"turns":2},{"damage":0,"enemies":"3 Sentries","floor":6,"turns":2},{"damage":0,"enemies":"Lagavulin","floor":8,"turns":3},{"damage":12,"enemies":"3 Sentries","floor":10,"turns":4},{"damage":0,"enemies":"Replay:BlueRogue","floor":12,"turns":3},{"damage":6,"enemies":"conspire:RoseBush","floor":14,"turns":2},{"damage":0,"enemies":"Hexaghost","floor":16,"turns":4},{"damage":9,"enemies":"conspire:FuzzyDice","floor":18,"turns":6},{"damage":0,"enemies":"Spheric Guardian","floor":19,"turns":3},{"damage":0,"enemies":"Chosen and Byrds","floor":20,"turns":2},{"damage":0,"enemies":"conspire:HollyBat","floor":21,"turns":4},{"damage":1,"enemies":"conspire:SneckoGhost","floor":24,"turns":5},{"damage":7,"enemies":"Replay:Snechameleon","floor":27,"turns":3},{"damage":0,"enemies":"Cultist and Chosen","floor":29,"turns":3},{"damage":8,"enemies":"Snake Plant","floor":30,"turns":3},{"damage":4,"enemies":"Pondfish","floor":33,"turns":6},{"damage":0,"enemies":"3 Darklings","floor":35,"turns":2},{"damage":0,"enemies":"Orb Walker","floor":39,"turns":2},{"damage":0,"enemies":"Nightmare","floor":41,"turns":7},{"damage":4,"enemies":"Sphere and 2 Shapes","floor":42,"turns":2},{"damage":0,"enemies":"Orin","floor":44,"turns":3},{"damage":1,"enemies":"Jaw Worm Horde","floor":45,"turns":2},{"damage":1,"enemies":"Spire Growth","floor":46,"turns":2},{"damage":1,"enemies":"Nemesis","floor":48,"turns":3},{"damage":55,"enemies":"Awakened One","floor":50,"turns":4},{"damage":0,"enemies":"Shield and Spear","floor":54,"turns":1},{"damage":68,"enemies":"The Heart","floor":55,"turns":5}],"seed_played":"5242814358524033194","potions_obtained":[{"floor":2,"key":"blueLaboratory:PolymorphPotion"},{"floor":8,"key":"SteroidPotion"},{"floor":14,"key":"blueLaboratory:RelayPotion"},{"floor":20,"key":"Block Potion"},{"floor":21,"key":"blueLaboratory:PhilterOfMotion"},{"floor":24,"key":"blueLaboratory:FruitPunch"},{"floor":29,"key":"blueLaboratory:BubblePotion"},{"floor":33,"key":"SkillPotion"},{"floor":35,"key":"SteroidPotion"},{"floor":41,"key":"Dota2Spire:HealingSalve"},{"floor":42,"key":"blueLaboratory:StoneskinPotion"},{"floor":45,"key":"blueLaboratory:SystemWipe"}],"is_trial":false,"path_per_floor":["M","?","?","$","?","E","$","E","T","E","$","E","R","M","R_BF","B",null,"M","M","M","M","?","R","E","?","T","E","AVR","M","M","?","R","B",null,"M","T","$","?","M","R","NM","M","T","?","M","M","T","E","R","B",null,"R","$","E","B",null],"character_chosen":"DEFECT","items_purchased":["REME_CardOfGreed","blueLaboratory:FruitPunch","REME_GoldPotion","ReplayTheSpireMod:Private Reserves","Ying","Solar Panel","RollingBoulder","Bronze Scales","MostiFishMod:Kaleido","Crystallizer","Aggregate+1","MostiFishMod:TalkingToTheRain","Pondfish Scales","Whetstone","Violence","Aggregate","StuffTheSpire:Tea"],"campfire_rested":0,"item_purchase_floors":[4,4,4,4,4,4,4,4,7,7,7,11,11,37,37,37,53],"current_hp_per_floor":[75,80,80,80,80,80,80,82,82,82,82,82,82,82,82,82,82,77,79,79,79,60,60,65,65,65,60,60,67,69,69,72,72,85,85,85,85,85,85,85,85,85,85,85,85,85,85,85,85,32,85,85,85,85,17],"gold":1173,"neow_bonus":"NOSTALGIA","is_daily":false,"chose_seed":false,"campfire_upgraded":5,"win_rate":0.0,"timestamp":1609835867,"path_taken":["M","?","?","?","?","E","?","E","T","E","$","E","R","?","R_BF","BOSS","M","M","M","M","?","R","E","?","T","E","AVR","?","M","?","R","BOSS","M","?","$","?","?","R","NM","M","T","?","M","M","?","E","R","BOSS","R","$","E","BOSS"],"items_purchased_type":["Relic","Potion","Potion","Card","Relic","Relic","Relic","Relic","Card","Card","Card","Card","Relic","Relic","Card","Card","Relic"],"build_version":"2020-12-22","purchased_purges":6,"victory":true,"max_hp_per_floor":[75,80,80,80,80,80,80,82,82,82,82,82,82,82,82,82,82,82,82,82,82,82,82,82,82,82,82,82,85,85,85,85,85,85,85,85,85,85,85,85,85,85,85,85,85,85,85,85,85,85,85,85,85,85,85],"card_choices":[{"not_picked":["MostiFishMod:PushDownKick","Time Bomb","StuffTheSpire:LoadUp"],"picked":"SKIP","floor":1},{"not_picked":["StuffTheSpire:GlassShard","Turbo","Steam","Ball Lightning"],"picked":"StuffTheSpire:Plugnplay","floor":2},{"not_picked":["TH:TreasureMap","TH:EnergyPotion","TH:BikiniMail"],"picked":"TH:DeckOfManyThings","floor":6},{"not_picked":["BasicCrystalCard","Conserve Battery","StuffTheSpire:GlassShard","StuffTheSpire:LoadUp","Ball Lightning"],"picked":"SKIP","floor":6},{"not_picked":["TH:CursedSword","TH:ElvenBoots","TH:EnergyPotion"],"picked":"TH:DeckOfManyThings","floor":8},{"not_picked":["StuffTheSpire:GlassShard","jedi:BurstFrost","Auto Shields","Doom and Gloom"],"picked":"StuffTheSpire:Synthwave","floor":8},{"not_picked":["TH:PixieDust","TH:EnergyPotion","TH:BikiniMail"],"picked":"TH:DeckOfManyThings","floor":9},{"not_picked":["TH:BikiniMail","TH:EnergyPotion","TH:CopperCoins"],"picked":"TH:DeckOfManyThings","floor":10},{"not_picked":["StuffTheSpire:Plugnplay","Barrage","Gash","Ball Lightning","Go for the Eyes"],"picked":"SKIP","floor":10},{"not_picked":["TH:CursedSword","TH:Mimic","TH:ElvenBoots"],"picked":"TH:DeckOfManyThings","floor":12},{"not_picked":["StuffTheSpire:Plugnplay","aspiration:Polymerization","StuffTheSpire:LoadUp","Cold Snap"],"picked":"Hologram","floor":12},{"not_picked":["StuffTheSpire:LoadUp","MostiFishMod:LinkProtocol","Melter","Hologram"],"picked":"Coolheaded","floor":14},{"not_picked":["TH:CopperCoins","TH:Mimic","TH:ArmorSpikes"],"picked":"TH:TreasureMap","floor":16},{"not_picked":["jedi:studyfrost","Seek","MostiFishMod:DawningShadow","MostiFishMod:ActiveDefenseSystem"],"picked":"Echo Form","floor":16},{"not_picked":["Steam Power+1","Leap","StuffTheSpire:LoadUp+1","Compile Driver"],"picked":"Panic Button","floor":18},{"not_picked":["StuffTheSpire:LoadUp+1","Ball Lightning","Redo","jedi:BurstFrost","Force Field+1"],"picked":"SKIP","floor":19},{"not_picked":["Force Field","jedi:markofdeath","StuffTheSpire:Plugnplay","aspiration:Polymerization+1","Conserve Battery"],"picked":"SKIP","floor":20},{"not_picked":["jedi:BurstDark","Darkness","Rebound","Steam","ReplayTheSpireMod:Reroute Power","StuffTheSpire:Plugnplay"],"picked":"SKIP","floor":21},{"not_picked":["TH:CopperCoins","TH:EnergyPotion","TH:BikiniMail"],"picked":"TH:CursedSword","floor":24},{"not_picked":["StuffTheSpire:Plugnplay","MostiFishMod:Distribution","BootSequence","ReplaySolidLightProjector"],"picked":"BasicCrystalCard","floor":24},{"not_picked":["TH:BikiniMail","TH:TreasureMap","TH:PixieDust"],"picked":"TH:CursedSword","floor":26},{"not_picked":["TH:BikiniMail","TH:CopperCoins","TH:TreasureMap"],"picked":"TH:CursedSword","floor":27},{"not_picked":["Stack+1","Cold Snap","Sunder","Turbo","jedi:BurstFrost+1"],"picked":"SKIP","floor":27},{"not_picked":["Turbo","Go for the Eyes+1","Aggregate","StuffTheSpire:LoadUp","Stack"],"picked":"SKIP","floor":29},{"not_picked":["MostiFishMod:LinkProtocol","Streamline+1","MostiFishMod:PushDownKick","jedi:BurstDark"],"picked":"Recycle+1","floor":30},{"not_picked":["TH:CopperCoins","TH:BikiniMail","TH:Mimic"],"picked":"TH:CursedSword","floor":33},{"not_picked":["StuffTheSpire:Purify","Buffer","MostiFishMod:Nova","Mirror Shield","MostiFishMod:Distribution"],"picked":"MostiFishMod:ATRI","floor":33},{"not_picked":["Reinforced Body","Streamline","Ball Lightning+1","ReplayTheSpireMod:GoodbyeWorld"],"picked":"Coolheaded","floor":35},{"not_picked":["TH:EnergyPotion","TH:Mimic","TH:CopperCoins"],"picked":"TH:BikiniMail","floor":36},{"not_picked":["MostiFishMod:FluxCapactior","StuffTheSpire:Coldhearted","Redo","ReplayTheSpireMod:Repulse"],"picked":"Sweeping Beam","floor":39},{"not_picked":["TH:PixieDust","TH:EnergyPotion","TH:ElvenBoots"],"picked":"TH:CopperCoins","floor":41},{"not_picked":["Sunder+1","StuffTheSpire:ForEach","MostiFishMod:PushDownKick","Steam"],"picked":"Panic Button","floor":41},{"not_picked":["MostiFishMod:LinkProtocol","MostiFishMod:PushDownKick+1","Glacier+1","Redo"],"picked":"Sweeping Beam","floor":42},{"not_picked":["TH:TreasureMap","TH:ElvenBoots","TH:CopperCoins"],"picked":"TH:DeckOfManyThings","floor":43},{"not_picked":["Cold Snap","Scrape","All For One","Gash+1"],"picked":"Compile Driver+1","floor":44},{"not_picked":["Undo","Beam Cell","MostiFishMod:ReprogramOld","Go for the Eyes+1","Streamline+1"],"picked":"SKIP","floor":45},{"not_picked":["Barrage","Steam","Scrape+1","Reprogram+1"],"picked":"Hologram+1","floor":46},{"not_picked":["TH:ElvenBoots","TH:CopperCoins","TH:Mimic"],"picked":"TH:DeckOfManyThings","floor":47},{"not_picked":["TH:ArmorSpikes","TH:BikiniMail","TH:ElvenBoots"],"picked":"TH:CursedSword","floor":48},{"not_picked":["Fusion","BootSequence","Gash+1","Steam+1"],"picked":"Chill+1","floor":48},{"not_picked":["TH:ElvenBoots","TH:Mimic","TH:PixieDust"],"picked":"TH:DeckOfManyThings","floor":54},{"not_picked":["Conserve Battery","StuffTheSpire:Plugnplay","Recycle+1","Gash"],"picked":"Hologram+1","floor":54}],"player_experience":219391,"relics_obtained":[{"floor":1,"key":"SynthV:TestCard"},{"floor":2,"key":"Dota2Spire:EyeOfSkadi"},{"floor":6,"key":"Smiling Mask"},{"floor":8,"key":"hubris:CuriousFeather"},{"floor":10,"key":"Gremlin Horn"},{"floor":12,"key":"Chameleon Ring"},{"floor":15,"key":"trackpad:WondrousWand"},{"floor":18,"key":"wanderingMiniBosses:LockLocket"},{"floor":24,"key":"Tiny Chest"},{"floor":26,"key":"Dota2Spire:LotusOrb"},{"floor":27,"key":"Vajra"},{"floor":36,"key":"trackpad:BottledTsunami"},{"floor":41,"key":"infinitespire:Freezer"},{"floor":43,"key":"CaptainsWheel"},{"floor":44,"key":"CatCart"},{"floor":47,"key":"StuffTheSpire:GrapeVine"},{"floor":48,"key":"Dota2Spire:MagicBottle"},{"floor":54,"key":"Replay:Baseball"}],"event_choices":[{"cards_removed":["Defend_B"],"damage_healed":0,"gold_gain":0,"player_choice":"Forget","damage_taken":0,"max_hp_gain":0,"max_hp_loss":0,"event_name":"Living Wall","floor":5,"gold_loss":0},{"damage_healed":0,"gold_gain":0,"player_choice":"Inject Mutagens","damage_taken":0,"relics_obtained":["MutagenicStrength"],"max_hp_gain":0,"max_hp_loss":0,"event_name":"Drug Dealer","floor":25,"gold_loss":0},{"damage_healed":0,"gold_gain":0,"player_choice":"1 cards matched","damage_taken":0,"max_hp_gain":0,"max_hp_loss":0,"event_name":"Match and Keep!","floor":31,"gold_loss":0,"cards_obtained":["Finesse"]},{"damage_healed":0,"gold_gain":0,"player_choice":"Fight","damage_taken":0,"max_hp_gain":0,"max_hp_loss":0,"event_name":"OrinTheCat","floor":44,"gold_loss":0}],"is_beta":false,"boss_relics":[{"not_picked":["REME_DemonsWealth","Abe\u0027s Treasure","Snecko Eye"]},{"not_picked":["GuanYuAspect","energizedSpire:MagnifyingGlass"],"picked":"SlaversCollar"}],"items_purged_floors":[4,4,7,11,11,28],"is_endless":false,"potions_floor_spawned":[2,8,14,20,21,24,29,33,35,41,42,45,48],"ascension_level":2}}