{"host":"q79spna8ofw6hj3r","time":1609823463,"event":{"mods":["Aspiration","BaseMod","Bestiary","Better Altar","Better Match","Better Note","Better Sensory Stone","Better Skull","Better Third Choice","Better Vampires","BetterRewards","Block Reminder","Card Filter","Challenge The Spire","Colored Map","Colored Powertips","Conspire","Custom Start","Energized Spire","Halation","Hubris","Infinite Spire","Jedi Mod","Mimic Mod","Minty Spire (QoL Compilation)","Permanent Neow","Quick Restart","Relic Filter","Relic Sorter","Replay The Spire","Shop Mod","StSLib","SuperFastMode","Synergy Search","The Servant 0.9.4","vexMod"],"gold_per_floor":[118,118,118,43,43,73,89,121,121,133,83,96,18,31,31,130,130,144,157,175,175,175,204,214,214,241,257,257,9,21,32,32,133,233,253,253,270,270,270,270,286,286,312,312,327,362,362,362],"floor_reached":47,"playtime":2277,"items_purged":["Defend_S","Strike_S","Defend_S"],"score":487,"play_id":"c494787b-d91d-447d-b31a-8daea8dd4fe9","local_time":"20210105071103","is_ascension_mode":false,"campfire_choices":[{"floor":15,"key":"REST"},{"data":"Pot Of Greed","floor":28,"key":"SMITH"},{"data":"Pot Of Greed","floor":32,"key":"SMITH"},{"data":"SilverBlades","floor":40,"key":"SMITH"},{"data":"MurderousAura","floor":42,"key":"SMITH"},{"data":"BottledTime","floor":44,"key":"SMITH"}],"circlet_count":0,"master_deck":["Defend_S","Defend_S","KidneyShot+1","Exchange","Pot Of Greed+1","ReturningBlade","ShiftingGears","Luminosity","GearUp","MurderousAura+1","Pot Of Greed+1","InstantArmor","SilverBlades+1","Rearm","InstantArmor","MurderousAura","SilverBlades+1","LightFlow","BottledTime+1","Rearm+1"],"relics":["Uniform","halation:PinkSoulGem","Grinning Jar","Bronze Scales","vexMod:RetaliationKit","energizedSpire:DeadBattery","Chameleon Ring","Simple Rune","infinitespire:Lychee Nut","Replay:Mystery Machine","DollysMirror","Replay:Wanted Poster","Orichalcum","Nunchaku"],"acts_visited":["Exordium","TheCity","TheBeyond"],"potions_floor_usage":[6,8,23,27,31,33,46,46,46],"damage_taken":[{"damage":0,"enemies":"2 Louse","floor":1,"turns":3},{"damage":19,"enemies":"Gremlin Nob","floor":6,"turns":4},{"damage":0,"enemies":"Small Slimes","floor":7,"turns":2},{"damage":33,"enemies":"3 Sentries","floor":8,"turns":7},{"damage":0,"enemies":"Cultist","floor":10,"turns":3},{"damage":10,"enemies":"2 Fungi Beasts","floor":12,"turns":4},{"damage":4,"enemies":"conspire:2 RoseBushes","floor":14,"turns":7},{"damage":9,"enemies":"The Guardian","floor":16,"turns":19},{"damage":0,"enemies":"3 Byrds","floor":18,"turns":5},{"damage":2,"enemies":"Chosen","floor":19,"turns":5},{"damage":16,"enemies":"Shelled Parasite and Fungi","floor":20,"turns":6},{"damage":8,"enemies":"Slavers","floor":23,"turns":3},{"damage":0,"enemies":"Centurion and Healer","floor":24,"turns":10},{"damage":9,"enemies":"Snake Plant","floor":27,"turns":6},{"damage":0,"enemies":"Snecko","floor":30,"turns":5},{"damage":0,"enemies":"Chosen and Byrds","floor":31,"turns":6},{"damage":15,"enemies":"Automaton","floor":33,"turns":8},{"damage":9,"enemies":"Orb Walker","floor":35,"turns":4},{"damage":0,"enemies":"3 Shapes","floor":37,"turns":5},{"damage":36,"enemies":"Sphere and 2 Shapes","floor":41,"turns":7},{"damage":0,"enemies":"3 Darklings","floor":45,"turns":6},{"damage":22,"enemies":"Nemesis","floor":46,"turns":7},{"damage":8,"enemies":"Spire Growth","floor":47,"turns":5}],"seed_played":"-5226187409148612172","potions_obtained":[{"floor":1,"key":"PowerPotion"},{"floor":7,"key":"Regen Potion"},{"floor":8,"key":"SteroidPotion"},{"floor":10,"key":"Energy Potion"},{"floor":19,"key":"Milkshake"},{"floor":20,"key":"PowerPotion"},{"floor":23,"key":"Block Potion"},{"floor":31,"key":"jedi:StrikingPotion"},{"floor":35,"key":"Toxic Potion"},{"floor":45,"key":"SpeedPotion"},{"floor":46,"key":"SpeedPotion"}],"is_trial":false,"path_per_floor":["M","?","?","$","?","E","M","E","T","M","?","M","$","M","R","B",null,"M","M","M","?","T","E","M","AVR","T","M","R","$","M","M","R","B",null,"M","?","M","?","?","R","M","R","T","R","M","E","M"],"character_chosen":"THE_SERVANT","items_purchased":["Luminosity","DollysMirror"],"campfire_rested":1,"item_purchase_floors":[13,29],"current_hp_per_floor":[65,65,65,65,65,46,46,28,28,28,28,18,18,14,33,24,65,65,63,47,47,47,39,39,39,39,36,36,36,42,48,48,33,48,39,39,45,45,45,45,12,12,12,12,18,2,0,0],"gold":362,"neow_bonus":"REMOVE_CARD","is_daily":false,"chose_seed":false,"campfire_upgraded":5,"win_rate":0.0,"timestamp":1609823463,"path_taken":["M","?","?","?","?","E","?","E","T","M","?","M","?","M","R","BOSS","M","M","M","?","?","E","M","AVR","T","M","R","$","M","M","R","BOSS","M","?","M","?","?","R","?","R","T","R","M","E","M"],"items_purchased_type":["Card","Relic"],"build_version":"2020-12-22","purchased_purges":3,"victory":false,"max_hp_per_floor":[65,65,65,65,65,65,65,65,65,65,65,65,65,65,65,65,65,65,65,65,65,65,65,65,48,48,48,48,48,48,48,48,48,48,48,48,48,48,48,48,48,48,48,48,48,48,48,48],"card_choices":[{"not_picked":["FastForward","Defy","TimeTheft"],"picked":"SKIP","floor":1},{"not_picked":["Comet","Rewind","Spin"],"picked":"SKIP","floor":6},{"not_picked":["TimeWarp","Alleviate","Rewind"],"picked":"SKIP","floor":7},{"not_picked":["TimeWarp","Hightail"],"picked":"ReturningBlade","floor":8},{"not_picked":["Revamp","TimeWarp"],"picked":"ShiftingGears","floor":10},{"not_picked":["TimeWarp","FastForward","Potential"],"picked":"SKIP","floor":12},{"not_picked":["WasteNot","FastForward"],"picked":"GearUp","floor":14},{"not_picked":["Duplication","TheWorld"],"picked":"MurderousAura","floor":16},{"not_picked":["Rewind","WasteNot+1"],"picked":"InstantArmor","floor":18},{"not_picked":["Desolation","DoubleEdge"],"picked":"SilverBlades+1","floor":19},{"not_picked":["Revamp","ShatteredReality","Comet"],"picked":"SKIP","floor":20},{"not_picked":["Defy+1","Hightail"],"picked":"Rearm","floor":23},{"not_picked":["Unruled","DoubleEdge+1"],"picked":"Rearm","floor":24},{"not_picked":["Alleviate+1","Luminosity+1"],"picked":"InstantArmor","floor":27},{"not_picked":["Potential","Alleviate","Spin+1"],"picked":"SKIP","floor":30},{"not_picked":["Revamp","Barrier"],"picked":"SilverBlades","floor":31},{"not_picked":["MurderousAura","SoulSculpture"],"picked":"LightFlow","floor":33},{"not_picked":["TimeWarp","FanOfKnives+1","DoubleEdge"],"picked":"SKIP","floor":35},{"not_picked":["Reset","Replace","TimeWarp"],"picked":"SKIP","floor":37},{"not_picked":["Rewind","Alleviate+1"],"picked":"BottledTime","floor":41},{"not_picked":["Spin+1","TimeWarp"],"picked":"Rearm+1","floor":45},{"not_picked":["Deadline+1","Starlight","DoubleEdge+1"],"picked":"SKIP","floor":46}],"player_experience":212094,"relics_obtained":[{"floor":6,"key":"Grinning Jar"},{"floor":8,"key":"Bronze Scales"},{"floor":9,"key":"vexMod:RetaliationKit"},{"floor":22,"key":"Chameleon Ring"},{"floor":23,"key":"Simple Rune"},{"floor":26,"key":"Replay:Mystery Machine"},{"floor":43,"key":"Orichalcum"},{"floor":46,"key":"Nunchaku"}],"event_choices":[{"damage_healed":0,"gold_gain":0,"player_choice":"Forge","damage_taken":0,"max_hp_gain":0,"max_hp_loss":0,"event_name":"Accursed Blacksmith","floor":5,"gold_loss":0,"cards_upgraded":["KidneyShot"]},{"cards_removed":["Strike_S"],"damage_healed":0,"gold_gain":0,"player_choice":"Card Removal","damage_taken":0,"max_hp_gain":0,"max_hp_loss":0,"event_name":"The Cleric","floor":11,"gold_loss":50},{"cards_removed":["Strike_S"],"damage_healed":0,"gold_gain":0,"player_choice":"Give","damage_taken":0,"max_hp_gain":0,"max_hp_loss":0,"event_name":"betterNote:BetterNote","floor":21,"gold_loss":0,"cards_obtained":["Defend_S"]},{"cards_removed":["Rearm"],"damage_healed":0,"gold_gain":0,"player_choice":"Removed Skill","damage_taken":0,"max_hp_gain":0,"max_hp_loss":0,"event_name":"Falling","floor":36,"gold_loss":0},{"damage_healed":0,"gold_gain":0,"player_choice":"Ignored","damage_taken":0,"max_hp_gain":0,"max_hp_loss":0,"event_name":"Tomb of Lord Red Mask","floor":38,"gold_loss":0}],"is_beta":false,"boss_relics":[{"not_picked":["halation:Prosthetics","halation:HeavySnake"],"picked":"energizedSpire:DeadBattery"},{"not_picked":["Kintsugi","ReplayTheSpireMod:DimensionalGlitch"],"picked":"Replay:Wanted Poster"}],"items_purged_floors":[4,25,29],"is_endless":false,"potions_floor_spawned":[1,7,8,10,19,20,23,31,35,45,46],"killed_by":"Spire Growth","ascension_level":0}}