{"host":"dmdprxj8bosbz96f","time":1609881803,"event":{"mods":["AchievementEnabler","BaseMod","Colored Map","DeckTracker","Minty Spire (QoL Compilation)","Quick Restart","SuperFastMode","everything is the same but u backflip on backflip"],"gold_per_floor":[113,113,38,38,51,86,86,157,157,182,28,46,60,83,83,209,209,225,244,50,50,50],"floor_reached":21,"playtime":468,"items_purged":["Defend_R","Defend_R","Defend_R+1"],"score":260,"play_id":"c02eb5c5-d737-46e7-93dd-6d6ab01b47d5","local_time":"20210106062323","is_ascension_mode":true,"campfire_choices":[{"data":"Battle Trance","floor":7,"key":"SMITH"},{"floor":15,"key":"REST"}],"circlet_count":0,"master_deck":["Strike_R","Strike_R","Strike_R","Strike_R","Strike_R","Defend_R+1","Bash","Pommel Strike","Wild Strike","Battle Trance+1","Pommel Strike","Perfected Strike","Pommel Strike","Dual Wield","Immolate","Pommel Strike","Seeing Red"],"relics":["Burning Blood","NeowsBlessing","Bird Faced Urn","Golden Idol","Sundial","War Paint","Kunai","Vajra","SlaversCollar"],"acts_visited":["Exordium","TheCity"],"potions_floor_usage":[8,8,16,16],"damage_taken":[{"damage":0.0,"enemies":"Cultist","floor":1.0,"turns":1.0},{"damage":0.0,"enemies":"Jaw Worm","floor":5.0,"turns":1.0},{"damage":0.0,"enemies":"3 Sentries","floor":6.0,"turns":1.0},{"damage":33,"enemies":"Lagavulin Event","floor":8,"turns":5},{"damage":6,"enemies":"Small Slimes","floor":10,"turns":3},{"damage":8,"enemies":"Blue Slaver","floor":12,"turns":2},{"damage":31,"enemies":"Gremlin Gang","floor":13,"turns":4},{"damage":22,"enemies":"Slime Boss","floor":16,"turns":7},{"damage":47,"enemies":"Shell Parasite","floor":18,"turns":4},{"damage":4,"enemies":"Chosen","floor":19,"turns":3},{"damage":18,"enemies":"Shelled Parasite and Fungi","floor":21,"turns":2}],"seed_played":"1486208050278198302","potions_obtained":[{"floor":5.0,"key":"FearPotion"},{"floor":6,"key":"EssenceOfSteel"},{"floor":8,"key":"FearPotion"},{"floor":13,"key":"Block Potion"}],"is_trial":false,"path_per_floor":["M","T","$","?","M","E","R","?","T","M","$","M","M","T","R","B",null,"M","M","$","M"],"character_chosen":"IRONCLAD","items_purchased":["Pommel Strike","Seeing Red"],"campfire_rested":1,"item_purchase_floors":[11,20],"current_hp_per_floor":[80,80,80,74,74,74,74,47,47,47,47,45,20,20,42,26,74,33,35,35,17,17],"gold":50,"neow_bonus":"THREE_ENEMY_KILL","is_daily":false,"chose_seed":false,"campfire_upgraded":1,"win_rate":0.0,"timestamp":1609881803,"path_taken":["M","?","$","?","M","E","R","?","T","M","$","M","M","?","R","BOSS","M","?","$","M"],"items_purchased_type":["Card","Card"],"build_version":"2020-12-22","purchased_purges":3,"victory":false,"max_hp_per_floor":[80,80,80,74,74,74,74,74,74,74,74,74,74,74,74,74,74,74,74,74,74,74],"card_choices":[{"not_picked":["Havoc","Shrug It Off"],"picked":"Pommel Strike","floor":1.0},{"not_picked":["Bloodletting","Body Slam"],"picked":"Wild Strike","floor":5.0},{"not_picked":["Warcry","Wild Strike"],"picked":"Battle Trance","floor":6},{"not_picked":["Clothesline","Flex"],"picked":"Pommel Strike","floor":8},{"not_picked":["Clash","True Grit"],"picked":"Perfected Strike","floor":10},{"not_picked":["Spot Weakness","Heavy Blade"],"picked":"Dual Wield","floor":12},{"not_picked":["Sentinel","Uppercut","Sword Boomerang"],"picked":"SKIP","floor":13},{"not_picked":["Corruption","Juggernaut"],"picked":"Immolate","floor":16},{"not_picked":["Clothesline+1","Armaments"],"picked":"Pommel Strike","floor":18},{"not_picked":["Fire Breathing","Thunderclap","Body Slam"],"picked":"SKIP","floor":19}],"player_experience":144579,"relics_obtained":[{"floor":2.0,"key":"Bird Faced Urn"},{"floor":6,"key":"Sundial"},{"floor":8,"key":"War Paint"},{"floor":9,"key":"Kunai"},{"floor":14,"key":"Vajra"}],"event_choices":[{"damage_healed":0.0,"max_hp_gain":0.0,"max_hp_loss":6.0,"gold_gain":0.0,"event_name":"Golden Idol","player_choice":"Lose Max HP","floor":4.0,"gold_loss":0.0,"damage_taken":0.0,"relics_obtained":["Golden Idol"]},{"damage_healed":0,"gold_gain":0,"player_choice":"Searched \u00272\u0027 times","damage_taken":0,"max_hp_gain":0,"max_hp_loss":0,"event_name":"Dead Adventurer","floor":8,"gold_loss":0}],"is_beta":false,"boss_relics":[{"not_picked":["Tiny House","Runic Dome"],"picked":"SlaversCollar"}],"items_purged_floors":[3,11,20],"is_endless":false,"potions_floor_spawned":[5,6,8,13],"killed_by":"Shelled Parasite and Fungi","ascension_level":3}}