{"host":"kw4o7b3ro2ktmmbe","time":1609818653,"event":{"mods":["BaseMod","Evolution","Fireblade Mod","Minty Spire (QoL Compilation)","StSLib"],"gold_per_floor":[212,212,60,77,92,92,121,121,147,166,166,179,23,198,198,300,300,314,314,314,314,296,140,140,155,155,169,169,169],"floor_reached":28,"playtime":1977,"items_purged":[],"score":265,"play_id":"79d42099-418c-42fa-8c99-dd1becfa7e25","local_time":"20210105165053","is_ascension_mode":true,"campfire_choices":[{"data":"FireBladeMod:SoulSword","floor":6.0,"key":"SMITH"},{"floor":15.0,"key":"REST"},{"data":"FireBladeMod:SoulSword","floor":24,"key":"SMITH"}],"circlet_count":0,"master_deck":["FireBladeMod:FlamingSword","FireBladeMod:FireBarrier","FireBladeMod:RapidDodges","FireBladeMod:SoulSword+1","FireBladeMod:GetPumped","FireBladeMod:StunningBlow","FireBladeMod:LearnTells","Doubt","FireBladeMod:Improvise","FireBladeMod:FlashBang+1","FireBladeMod:BattleMage+1","FireBladeMod:DebilitatingBlow+1","FireBladeMod:Speed","Bite","Bite","Bite","Bite","Bite","FireBladeMod:SoulSword+1","FireBladeMod:ThirdDegree"],"relics":["FireBladeMod:DuelistLocket","EVO:Axolotl","FaceOfCleric","Nunchaku","Regal Pillow","Orichalcum","Shuriken","ClockworkSouvenir","Astrolabe","Bronze Scales","Medical Kit","Mercury Hourglass"],"acts_visited":["Exordium","TheCity"],"potions_floor_usage":[16,27,28,28],"damage_taken":[{"damage":0.0,"enemies":"2 Louse","floor":1.0,"turns":2.0},{"damage":0.0,"enemies":"Cultist","floor":4.0,"turns":3.0},{"damage":0.0,"enemies":"Jaw Worm","floor":5.0,"turns":4.0},{"damage":19.0,"enemies":"3 Sentries","floor":7.0,"turns":10.0},{"damage":5.0,"enemies":"Looter","floor":10.0,"turns":3.0},{"damage":7.0,"enemies":"Blue Slaver","floor":12.0,"turns":3.0},{"damage":45,"enemies":"Hexaghost","floor":16,"turns":11},{"damage":18,"enemies":"3 Byrds","floor":18,"turns":5},{"damage":16,"enemies":"2 Thieves","floor":22,"turns":4},{"damage":27,"enemies":"Chosen and Byrds","floor":25,"turns":7},{"damage":17,"enemies":"Shelled Parasite and Fungi","floor":27,"turns":7},{"damage":32,"enemies":"Slavers","floor":28,"turns":3}],"seed_played":"-7304646936358934687","potions_obtained":[{"floor":1.0,"key":"Strength Potion"},{"floor":5.0,"key":"BlessingOfTheForge"},{"floor":12.0,"key":"FearPotion"},{"floor":16,"key":"FireBladeMod:NapalmFlask"},{"floor":27,"key":"FireBladeMod:NapalmFlask"}],"is_trial":false,"path_per_floor":["M","?","$","M","M","R","E","?","T","M","T","M","$","?","R","B",null,"M","?","?","?","M","$","R","M","T","M","E"],"character_chosen":"THE_FIREBLADE","items_purchased":["Nunchaku","ClockworkSouvenir","Medical Kit"],"campfire_rested":1,"item_purchase_floors":[3,13,23],"current_hp_per_floor":[70,70,70,71,72,72,54,54,54,50,50,44,44,44,75,31,76,59,59,53,53,48,48,48,36,36,28,0,0],"gold":169,"neow_bonus":"HUNDRED_GOLD","is_daily":false,"chose_seed":false,"campfire_upgraded":2,"win_rate":0.0,"timestamp":1609818653,"path_taken":["M","?","?","M","M","R","E","?","T","M","?","?","$","?","R","BOSS","M","?","?","?","M","$","R","M","T","M","E"],"items_purchased_type":["Relic","Relic","Relic"],"build_version":"2020-12-22","purchased_purges":0,"victory":false,"max_hp_per_floor":[70,70,70,71,72,72,73,73,73,74,74,75,75,75,75,76,76,77,77,53,53,54,54,54,55,55,56,56,56],"card_choices":[{"not_picked":["FireBladeMod:Reposition","FireBladeMod:BasicSmash"],"picked":"FireBladeMod:RapidDodges","floor":1.0},{"not_picked":["FireBladeMod:BasicSmash","FireBladeMod:ComplexDefense"],"picked":"FireBladeMod:SoulSword","floor":4.0},{"not_picked":["FireBladeMod:Refreshment","FireBladeMod:DoubleDash","FireBladeMod:SoulStrike"],"picked":"SKIP","floor":5.0},{"not_picked":["FireBladeMod:Flames","FireBladeMod:QuickJabs"],"picked":"FireBladeMod:GetPumped","floor":7.0},{"not_picked":["FireBladeMod:Refreshment","FireBladeMod:StunningBlow"],"picked":"FireBladeMod:SmashingEndurance","floor":10.0},{"not_picked":["FireBladeMod:StingingSlash","FireBladeMod:ComplexDefense"],"picked":"FireBladeMod:LearnTells","floor":12.0},{"not_picked":["FireBladeMod:Blitzkreig","FireBladeMod:DebilitatingBlow"],"picked":"FireBladeMod:Improvise","floor":16},{"not_picked":["FireBladeMod:ScorchingCleave","FireBladeMod:Turtle"],"picked":"FireBladeMod:Speed","floor":18},{"not_picked":["FireBladeMod:ComboSlashes","FireBladeMod:SpinningSmash+1"],"picked":"FireBladeMod:SoulSword","floor":22},{"not_picked":["FireBladeMod:QuickJabs","FireBladeMod:Arson+1"],"picked":"FireBladeMod:ThirdDegree","floor":25},{"not_picked":["FireBladeMod:Shove","FireBladeMod:Flames","FireBladeMod:FerventSlash+1"],"picked":"SKIP","floor":27}],"player_experience":1834948,"relics_obtained":[{"floor":7.0,"key":"Regal Pillow"},{"floor":9.0,"key":"Orichalcum"},{"floor":11.0,"key":"Shuriken"},{"floor":26,"key":"Mercury Hourglass"}],"event_choices":[{"damage_healed":0.0,"max_hp_gain":0.0,"max_hp_loss":0.0,"gold_gain":0.0,"event_name":"FaceTrader","player_choice":"Trade","floor":2.0,"gold_loss":0.0,"damage_taken":0.0,"relics_obtained":["FaceOfCleric"]},{"damage_healed":0.0,"max_hp_gain":0.0,"max_hp_loss":0.0,"gold_gain":0.0,"cards_transformed":["FireBladeMod:DefendFireBlade"],"event_name":"Living Wall","player_choice":"Change","floor":8.0,"gold_loss":0.0,"damage_taken":0.0,"cards_obtained":["FireBladeMod:StunningBlow"]},{"damage_healed":0.0,"max_hp_gain":0.0,"max_hp_loss":0.0,"gold_gain":175.0,"event_name":"Liars Game","player_choice":"AGREE","floor":14.0,"gold_loss":0.0,"damage_taken":0.0,"cards_obtained":["Doubt"]},{"damage_healed":0,"gold_gain":0,"player_choice":"Ignored","damage_taken":0,"max_hp_gain":0,"max_hp_loss":0,"event_name":"Ghosts","floor":19,"gold_loss":0},{"damage_healed":0,"gold_gain":0,"player_choice":"Became a vampire","damage_taken":0,"max_hp_gain":0,"max_hp_loss":24,"event_name":"Vampires","floor":20,"gold_loss":0,"cards_obtained":["Bite","Bite","Bite","Bite","Bite"]},{"cards_removed":["FireBladeMod:SmashingEndurance"],"damage_healed":0,"gold_gain":0,"player_choice":"Gave Card","damage_taken":0,"relics_obtained":["Bronze Scales"],"max_hp_gain":0,"max_hp_loss":0,"event_name":"WeMeetAgain","floor":21,"gold_loss":0}],"is_beta":false,"boss_relics":[{"not_picked":["Snecko Eye","Empty Cage"],"picked":"Astrolabe"}],"items_purged_floors":[],"is_endless":false,"potions_floor_spawned":[1,5,12,16,27],"killed_by":"Slavers","ascension_level":2}}