{"host":"za51qju8r56bcr85","time":1609827132,"event":{"mods":["Act Like it!","BaseMod","Block Reminder","Googly Eyes","Minty Spire (QoL Compilation)","Quick Restart","Relic Sorter","Relic Stats","Shop Mod","StSLib","SuperFastMode"],"gold_per_floor":[110,185,185,205,205,205,215,248,248,144,144,160,195,208,208,282,282,293,309,41,41,41,67,80,80,104,104,104,154,167,185,185,260,260,274,291,141,153,170,170,190,190,216,216,245,195,195,207,207,207,207,207,207,73,104,104,104],"floor_reached":56,"playtime":1527,"items_purged":["Strike_R","Strike_R","Anger+1","Wild Strike","Bash"],"score":2089,"play_id":"2a1bce93-8879-4f5a-98f0-5ed0bb73eda1","local_time":"20210105141212","is_ascension_mode":true,"campfire_choices":[{"data":"Anger","floor":6.0,"key":"SMITH"},{"data":"Armaments","floor":11.0,"key":"SMITH"},{"data":"Berserk","floor":15.0,"key":"SMITH"},{"floor":25.0,"key":"REST"},{"data":"Burning Pact","floor":28.0,"key":"SMITH"},{"floor":32.0,"key":"REST"},{"data":"Impatience","floor":40.0,"key":"SMITH"},{"data":"Dark Embrace","floor":42.0,"key":"SMITH"},{"floor":49.0,"key":"RECALL"},{"data":"Rampage","floor":53.0,"key":"SMITH"}],"circlet_count":0,"master_deck":["AscendersBane","Defend_R","Defend_R","Defend_R","Defend_R","Burning Pact+1","Berserk+1","Armaments+1","Dark Embrace+1","Feel No Pain","Feed","Sever Soul","Rampage+1","Impatience+1","Shrug It Off","Disarm","Second Wind"],"relics":["Burning Blood","Frozen Eye","StrikeDummy","Incense Burner","Lantern","Philosopher\u0027s Stone","Art of War","Nloth\u0027s Gift","Lizard Tail","Smiling Mask","The Courier","Runic Dome","Centennial Puzzle","Toy Ornithopter"],"acts_visited":["Exordium","TheCity","TheBeyond","TheEnding"],"potions_floor_usage":[56,56],"damage_taken":[{"damage":2.0,"enemies":"2 Louse","floor":1.0,"turns":3.0},{"damage":4.0,"enemies":"Small Slimes","floor":4.0,"turns":3.0},{"damage":1.0,"enemies":"Cultist","floor":7.0,"turns":3.0},{"damage":50.0,"enemies":"Lagavulin","floor":8.0,"turns":8.0},{"damage":6.0,"enemies":"3 Louse","floor":12.0,"turns":9.0},{"damage":8.0,"enemies":"Gremlin Nob","floor":13.0,"turns":4.0},{"damage":16.0,"enemies":"Lots of Slimes","floor":14.0,"turns":9.0},{"damage":10.0,"enemies":"Hexaghost","floor":16.0,"turns":7.0},{"damage":15.0,"enemies":"2 Thieves","floor":18.0,"turns":5.0},{"damage":17.0,"enemies":"Shell Parasite","floor":19.0,"turns":5.0},{"damage":34.0,"enemies":"Slavers","floor":23.0,"turns":4.0},{"damage":13.0,"enemies":"Sentry and Sphere","floor":24.0,"turns":7.0},{"damage":17.0,"enemies":"Snake Plant","floor":30.0,"turns":2.0},{"damage":15.0,"enemies":"Cultist and Chosen","floor":31.0,"turns":5.0},{"damage":56.0,"enemies":"Collector","floor":33.0,"turns":8.0},{"damage":18.0,"enemies":"3 Shapes","floor":35.0,"turns":5.0},{"damage":26.0,"enemies":"Orb Walker","floor":36.0,"turns":4.0},{"damage":14.0,"enemies":"Sphere and 2 Shapes","floor":38.0,"turns":3.0},{"damage":1.0,"enemies":"Transient","floor":39.0,"turns":2.0},{"damage":0.0,"enemies":"Spire Growth","floor":41.0,"turns":1.0},{"damage":25.0,"enemies":"Giant Head","floor":45.0,"turns":6.0},{"damage":0.0,"enemies":"3 Darklings","floor":48.0,"turns":1.0},{"damage":0.0,"enemies":"Time Eater","floor":50.0,"turns":1.0},{"damage":0.0,"enemies":"Awakened One","floor":51.0,"turns":2.0},{"damage":34.0,"enemies":"Shield and Spear","floor":55.0,"turns":3.0},{"damage":53,"enemies":"The Heart","floor":56,"turns":5}],"seed_played":"-8215341375890771681","potions_obtained":[{"floor":7.0,"key":"BloodPotion"},{"floor":13.0,"key":"ColorlessPotion"},{"floor":14.0,"key":"BlessingOfTheForge"},{"floor":16.0,"key":"Weak Potion"},{"floor":18.0,"key":"Dexterity Potion"},{"floor":23.0,"key":"Energy Potion"},{"floor":33.0,"key":"SteroidPotion"},{"floor":35.0,"key":"Block Potion"},{"floor":36.0,"key":"SteroidPotion"}],"is_trial":false,"path_per_floor":["M","?","?","M","?","R","M","E","T","$","R","M","E","M","R","B",null,"M","M","$","?","?","E","M","R","T","T","R","?","M","M","R","B",null,"M","M","$","M","M","R","M","R","T","?","E","$","?","M","R","B","B",null,"R","$","E","B"],"character_chosen":"IRONCLAD","items_purchased":["Armaments","Art of War","Impatience","Shrug It Off","ColorlessPotion","Weak Potion"],"campfire_rested":2,"item_purchase_floors":[10,20,37,37,54,54],"current_hp_per_floor":[68,57,57,59,59,59,64,33,33,33,33,33,31,21,21,17,55,49,41,41,41,41,13,10,33,33,33,33,33,22,16,40,46,72,63,43,43,35,40,40,46,46,46,46,27,27,27,33,33,39,45,71,71,71,43,0,0],"gold":104,"neow_bonus":"REMOVE_TWO","is_daily":false,"chose_seed":false,"campfire_upgraded":7,"win_rate":0.0,"timestamp":1609827132,"path_taken":["M","?","?","?","?","R","M","E","T","$","R","?","E","M","R","BOSS","M","M","$","?","?","E","?","R","T","?","R","?","?","M","R","BOSS","M","?","$","M","M","R","M","R","T","?","E","$","?","?","R","BOSS","BOSS","R","$","E","BOSS"],"items_purchased_type":["Card","Relic","Card","Card","Potion","Potion"],"build_version":"2020-12-22","purchased_purges":5,"victory":false,"max_hp_per_floor":[68,68,68,68,68,68,68,68,68,68,68,68,68,68,68,68,68,71,74,74,74,74,74,78,78,78,78,78,78,78,81,81,81,81,84,84,84,84,84,84,84,84,84,80,80,80,80,80,80,80,80,80,80,80,80,80,80],"relic_stats":{"Lizard Tail":40,"Centennial Puzzle":[6],"counters":[26,115],"Art of War":[6],"Nloth\u0027s Gift":3,"Smiling Mask":210,"obtain_stats":[{"Lantern":13,"The Courier":27,"Incense Burner":9,"Smiling Mask":26,"Burning Blood":0,"Frozen Eye":1,"Runic Dome":34,"Lizard Tail":23,"Centennial Puzzle":45,"Philosopher\u0027s Stone":17,"CultistMask":5,"Art of War":20,"Nloth\u0027s Gift":22,"StrikeDummy":8,"Toy Ornithopter":55},{"Lantern":6,"The Courier":12,"Incense Burner":4,"Smiling Mask":12,"Burning Blood":0,"Frozen Eye":1,"Runic Dome":15,"Lizard Tail":11,"Centennial Puzzle":21,"Philosopher\u0027s Stone":8,"CultistMask":2,"Art of War":10,"Nloth\u0027s Gift":10,"StrikeDummy":4,"Toy Ornithopter":25},{"Lantern":30,"The Courier":67,"Incense Burner":17,"Smiling Mask":67,"Burning Blood":0,"Frozen Eye":3,"Runic Dome":82,"Lizard Tail":60,"Centennial Puzzle":103,"Philosopher\u0027s Stone":46,"CultistMask":6,"Art of War":56,"Nloth\u0027s Gift":56,"StrikeDummy":17,"Toy Ornithopter":110}],"Burning Blood":146,"Toy Ornithopter":10},"card_choices":[{"not_picked":["Flex","Cleave"],"picked":"Anger","floor":1.0},{"not_picked":["Perfected Strike","Iron Wave"],"picked":"Burning Pact","floor":4.0},{"not_picked":["Infernal Blade","Body Slam"],"picked":"Wild Strike","floor":7.0},{"not_picked":["Body Slam","Uppercut"],"picked":"Berserk","floor":8.0},{"not_picked":["Cleave","Thunderclap"],"picked":"Dark Embrace","floor":12.0},{"not_picked":["Shrug It Off","Rage"],"picked":"Feel No Pain","floor":13.0},{"not_picked":["Clothesline","Thunderclap","Carnage"],"picked":"SKIP","floor":14.0},{"not_picked":["Barricade","Brutality"],"picked":"Feed","floor":16.0},{"not_picked":["Cleave","Headbutt","Wild Strike"],"picked":"SKIP","floor":18.0},{"not_picked":["Whirlwind","Sever Soul","Dropkick"],"picked":"SKIP","floor":19.0},{"not_picked":["Entrench+1","Ghostly Armor","Uppercut"],"picked":"SKIP","floor":23.0},{"not_picked":["Wild Strike","Headbutt","Iron Wave"],"picked":"SKIP","floor":24.0},{"not_picked":["Intimidate","Wild Strike+1"],"picked":"Sever Soul","floor":30.0},{"not_picked":["True Grit","Cleave"],"picked":"Rampage","floor":31.0},{"not_picked":["Warcry","Sword Boomerang","Armaments"],"picked":"SKIP","floor":35.0},{"not_picked":["Clash","Armaments","True Grit"],"picked":"SKIP","floor":36.0},{"not_picked":["Pommel Strike","Corruption","Twin Strike"],"picked":"SKIP","floor":38.0},{"not_picked":["Warcry","Thunderclap","Reaper"],"picked":"SKIP","floor":39.0},{"not_picked":["Clash","Sentinel"],"picked":"Disarm","floor":41.0},{"not_picked":["Heavy Blade","Clothesline","Fiend Fire"],"picked":"SKIP","floor":45.0},{"not_picked":["Headbutt","Entrench","Cleave"],"picked":"SKIP","floor":48.0},{"not_picked":["Burning Pact","Sword Boomerang"],"picked":"Second Wind","floor":55.0}],"player_experience":1327252,"relics_obtained":[{"floor":8.0,"key":"StrikeDummy"},{"floor":9.0,"key":"Incense Burner"},{"floor":13.0,"key":"Lantern"},{"floor":23.0,"key":"Lizard Tail"},{"floor":26.0,"key":"Smiling Mask"},{"floor":27.0,"key":"The Courier"},{"floor":45.0,"key":"Centennial Puzzle"},{"floor":55.0,"key":"Toy Ornithopter"}],"event_choices":[{"damage_healed":0.0,"max_hp_gain":0.0,"max_hp_loss":0.0,"gold_gain":75.0,"event_name":"World of Goop","player_choice":"Gather Gold","floor":2.0,"gold_loss":0.0,"damage_taken":11.0},{"cards_removed":["Strike_R"],"damage_healed":0.0,"max_hp_gain":0.0,"max_hp_loss":0.0,"gold_gain":0.0,"event_name":"Bonfire Elementals","player_choice":"Offered Basic","floor":3.0,"gold_loss":0.0,"damage_taken":0.0},{"damage_healed":0.0,"max_hp_gain":0.0,"max_hp_loss":0.0,"gold_gain":0.0,"event_name":"FaceTrader","player_choice":"Trade","floor":5.0,"gold_loss":0.0,"damage_taken":0.0,"relics_obtained":["CultistMask"]},{"damage_healed":0.0,"max_hp_gain":0.0,"max_hp_loss":0.0,"gold_gain":0.0,"event_name":"Vampires","player_choice":"Ignored","floor":21.0,"gold_loss":0.0,"damage_taken":0.0},{"damage_healed":0.0,"max_hp_gain":0.0,"max_hp_loss":0.0,"gold_gain":0.0,"event_name":"N\u0027loth","player_choice":"Traded Relic","floor":22.0,"relics_lost":["CultistMask"],"gold_loss":0.0,"damage_taken":0.0,"relics_obtained":["Nloth\u0027s Gift"]},{"damage_healed":0.0,"max_hp_gain":0.0,"max_hp_loss":0.0,"gold_gain":0.0,"event_name":"The Joust","player_choice":"Bet on Murderer","floor":29.0,"gold_loss":50.0,"damage_taken":0.0},{"damage_healed":0.0,"max_hp_gain":0.0,"max_hp_loss":4.0,"gold_gain":0.0,"event_name":"Winding Halls","player_choice":"Max HP","floor":44.0,"gold_loss":0.0,"damage_taken":0.0},{"damage_healed":0.0,"max_hp_gain":0.0,"max_hp_loss":0.0,"gold_gain":0.0,"event_name":"SecretPortal","player_choice":"Ignored","floor":47.0,"gold_loss":0.0,"damage_taken":0.0}],"is_beta":false,"boss_relics":[{"not_picked":["Snecko Eye","Sozu"],"picked":"Philosopher\u0027s Stone"},{"not_picked":["Runic Cube","Black Blood"],"picked":"Runic Dome"}],"items_purged_floors":[10,20,37,46,54],"is_endless":false,"potions_floor_spawned":[7,13,14,16,18,23,33,35,36,38,48],"killed_by":"The Heart","ascension_level":20}}