{"host":"0nfdmr2b19ur4mbc","time":1609866180,"event":{"mods":["2.2 Compatiblity","AchievementEnabler","Aspiration","BaseMod","Better Match","Better Note","Better Third Choice","Better Vampires","Disable Question Mark Monsters","Googly Eyes","Hubris","Infinite Spire","Minty Spire (QoL Compilation)","Quick Restart","Rare Cards Sparkle","Replay The Spire","StSLib"],"gold_per_floor":[117,217,68,68,68,100,100,0,0,16,27,46,46,58,58,156,156,172,172,191,191,202,202,202,202,225,135,135,155,170,184,184,281,281,300,317,317,44,44,61,86,104,104,123,138,138,138,138,138,138],"floor_reached":51,"playtime":1994,"items_purged":["Defend_R","Strike_R","Defend_R","Strike_R"],"score":879,"play_id":"9172794b-69dc-496b-ad2b-457f89866dee","local_time":"20210105180300","is_ascension_mode":false,"campfire_choices":[{"data":"Bash","floor":7.0,"key":"SMITH"},{"data":"Shrug It Off","floor":15.0,"key":"SMITH"},{"data":"Strike_R","floor":23.0,"key":"PURGE"},{"data":"Defend_R","floor":25.0,"key":"PURGE"},{"data":"Strike_R","floor":28.0,"key":"PURGE"},{"floor":32.0,"key":"REST"},{"data":"Clash","floor":46,"key":"SMITH"}],"circlet_count":0,"master_deck":["Bash+1","Dropkick+1","Dropkick","Clash+1","Dropkick+1"],"relics":["Burning Blood","NeowsBlessing","Vajra","aspiration:TomeofQuesting","Black Star","Anchor","hubris:Backtick","Peace Pipe","aspiration:PoetsPen_weak","Bag of Preparation","Darkstone Periapt","infinitespire:PuzzleCube","Strawberry"],"acts_visited":["Exordium","TheCity","TheBeyond"],"potions_floor_usage":[45,50,50],"damage_taken":[{"damage":0.0,"enemies":"Small Slimes","floor":1.0,"turns":1.0},{"damage":0.0,"enemies":"Lagavulin","floor":6.0,"turns":1.0},{"damage":0.0,"enemies":"Cultist","floor":10.0,"turns":1.0},{"damage":0.0,"enemies":"2 Louse","floor":11.0,"turns":2.0},{"damage":9.0,"enemies":"2 Fungi Beasts","floor":12.0,"turns":4.0},{"damage":0.0,"enemies":"3 Louse","floor":14.0,"turns":3.0},{"damage":58.0,"enemies":"Fading Forest","floor":16.0,"turns":11.0},{"damage":37.0,"enemies":"3 Byrds","floor":18.0,"turns":7.0},{"damage":0.0,"enemies":"Chosen","floor":20.0,"turns":3.0},{"damage":0.0,"enemies":"Snecko","floor":22.0,"turns":4.0},{"damage":50.0,"enemies":"Sentry and Sphere","floor":29.0,"turns":6.0},{"damage":0.0,"enemies":"Snake Plant","floor":30.0,"turns":2.0},{"damage":0.0,"enemies":"Shelled Parasite and Fungi","floor":31.0,"turns":2.0},{"damage":0.0,"enemies":"Collector","floor":33.0,"turns":2.0},{"damage":0.0,"enemies":"Orb Walker","floor":35.0,"turns":1.0},{"damage":3.0,"enemies":"3 Shapes","floor":36.0,"turns":3.0},{"damage":0,"enemies":"Sphere and 2 Shapes","floor":40,"turns":3},{"damage":0,"enemies":"Nightmare","floor":41,"turns":1},{"damage":0,"enemies":"Transient","floor":42,"turns":3},{"damage":13,"enemies":"Jaw Worm Horde","floor":44,"turns":2},{"damage":20,"enemies":"Sphere and 2 Shapes","floor":45,"turns":3},{"damage":50,"enemies":"Awakened One","floor":50,"turns":4}],"seed_played":"1505229827231952848","potions_obtained":[{"floor":10.0,"key":"Swift Potion"},{"floor":11.0,"key":"Fruit Juice"},{"floor":14.0,"key":"BloodPotion"},{"floor":18.0,"key":"Reflective Coating"},{"floor":29.0,"key":"BlessingOfTheForge"},{"floor":31.0,"key":"AttackPotion"},{"floor":36.0,"key":"BloodPotion"},{"floor":40,"key":"BloodPotion"},{"floor":42,"key":"Regen Potion"}],"is_trial":false,"path_per_floor":["M","?","$","?","?","E","R","$","T","M","M","M","?","M","R","B",null,"M","?","M","AVR","M","R","?","R","T","?","R","M","M","M","R","B",null,"M","M","?","$","?","M","NM","M","T","M","M","R","?","?","R","B",null],"character_chosen":"IRONCLAD","items_purchased":["Dropkick","Bag of Preparation"],"campfire_rested":1,"item_purchase_floors":[3,38],"current_hp_per_floor":[80,80,80,80,80,80,80,80,80,80,85,82,82,85,85,55,85,71,71,77,77,83,83,83,83,83,83,83,39,45,51,76,82,85,85,85,85,85,85,85,85,85,92,85,71,71,80,85,85,59],"gold":138,"neow_bonus":"THREE_ENEMY_KILL","is_daily":false,"chose_seed":false,"campfire_upgraded":3,"win_rate":0.0,"timestamp":1609866180,"path_taken":["M","?","$","?","?","E","R","$","T","M","M","M","?","M","R","BOSS","M","?","?","AVR","M","R","?","R","T","?","R","M","M","?","R","BOSS","M","M","?","$","?","M","NM","M","T","?","?","R","?","?","R","BOSS"],"items_purchased_type":["Card","Relic"],"build_version":"2020-12-22","purchased_purges":4,"victory":true,"max_hp_per_floor":[80,80,80,80,80,80,80,80,80,80,85,85,85,85,85,85,85,85,85,85,85,85,85,85,85,85,85,85,85,85,85,85,85,85,85,85,85,85,85,85,85,85,92,92,92,92,92,92,92,92],"card_choices":[{"not_picked":["ReplayTheSpireMod:Strike From Hell","Power Through","Body Slam"],"picked":"SKIP","floor":1.0},{"not_picked":["hubris:ReadiedAction","Heavy Blade"],"picked":"Shrug It Off","floor":6.0},{"not_picked":["Fire Breathing","Feed","Shockwave"],"picked":"SKIP","floor":10.0},{"not_picked":["Body Slam","Headbutt","Burning Pact"],"picked":"SKIP","floor":11.0},{"not_picked":["Run Through","Thunderclap","Dark Embrace"],"picked":"SKIP","floor":12.0},{"not_picked":["Pommel Strike","Body Slam","ReplayTheSpireMod:Strike From Hell"],"picked":"SKIP","floor":14.0},{"not_picked":["Flex+1","True Grit+1","Thunderclap+1"],"picked":"SKIP","floor":18.0},{"not_picked":["Run Through","Pummel"],"picked":"Clash","floor":20.0},{"not_picked":["True Grit","Clash","Whirlwind"],"picked":"SKIP","floor":22.0},{"not_picked":["Blood for Blood","Bloodletting","True Grit+1"],"picked":"SKIP","floor":29.0},{"not_picked":["Bloodletting","Sword Boomerang","Perfected Strike"],"picked":"SKIP","floor":30.0},{"not_picked":["Evolve","Rampage","Disarm"],"picked":"SKIP","floor":31.0},{"not_picked":["Clash+1","Headbutt+1","Inflame"],"picked":"SKIP","floor":35.0},{"not_picked":["Clothesline+1","Inflame","Iron Wave+1"],"picked":"SKIP","floor":36.0},{"not_picked":["Immolate","Replay:Undeath\u0027s Touch","Dual Wield"],"picked":"SKIP","floor":40},{"not_picked":["Sword Boomerang","Thunderclap+1","Clash"],"picked":"SKIP","floor":41},{"not_picked":["Clash","Entrench+1","Clothesline+1"],"picked":"SKIP","floor":42},{"not_picked":["Body Slam+1","Bludgeon","Anger+1"],"picked":"SKIP","floor":44},{"not_picked":["Feel No Pain","Twin Strike+1","Anger+1"],"picked":"SKIP","floor":45}],"player_experience":148432,"relics_obtained":[{"floor":6.0,"key":"Vajra"},{"floor":9.0,"key":"aspiration:TomeofQuesting"},{"floor":41,"key":"infinitespire:PuzzleCube"},{"floor":43,"key":"Strawberry"}],"event_choices":[{"damage_healed":0.0,"max_hp_gain":0.0,"max_hp_loss":0.0,"gold_gain":100.0,"event_name":"Golden Shrine","player_choice":"Pray","floor":2.0,"gold_loss":0.0,"damage_taken":0.0},{"damage_healed":0.0,"max_hp_gain":0.0,"max_hp_loss":0.0,"gold_gain":0.0,"event_name":"The Woman in Blue","player_choice":"Bought 0 Potions","floor":19.0,"gold_loss":0.0,"damage_taken":0.0},{"damage_healed":0.0,"max_hp_gain":0.0,"max_hp_loss":0.0,"gold_gain":0.0,"event_name":"betterNote:BetterNote","player_choice":"Ignored","floor":24.0,"gold_loss":0.0,"damage_taken":0.0,"cards_obtained":["infinitespire:Collect"]},{"cards_removed":["Defend_R"],"damage_healed":0.0,"max_hp_gain":0.0,"max_hp_loss":0.0,"gold_gain":0.0,"event_name":"Designer","player_choice":"Upgrade and Remove","floor":27.0,"gold_loss":90.0,"damage_taken":0.0,"cards_upgraded":["Dropkick"]},{"damage_healed":0,"gold_gain":0,"player_choice":"Gave Potion","damage_taken":0,"relics_obtained":["Darkstone Periapt"],"max_hp_gain":0,"max_hp_loss":0,"event_name":"WeMeetAgain","floor":39,"gold_loss":0},{"cards_removed":["Shrug It Off"],"damage_healed":5,"gold_gain":0,"player_choice":"Offered Common","damage_taken":0,"max_hp_gain":0,"max_hp_loss":0,"event_name":"Bonfire Elementals","floor":48,"gold_loss":0},{"cards_removed":["Shrug It Off"],"damage_healed":5,"gold_gain":0,"player_choice":"Offered Special","damage_taken":0,"max_hp_gain":0,"max_hp_loss":0,"event_name":"Bonfire Elementals","floor":48,"gold_loss":0},{"damage_healed":0,"gold_gain":0,"player_choice":"Copied","damage_taken":0,"max_hp_gain":0,"max_hp_loss":0,"event_name":"Duplicator","floor":49,"gold_loss":0,"cards_obtained":["Dropkick"]}],"is_beta":false,"boss_relics":[{"not_picked":["Cursed Key","hubris:BlackHole"],"picked":"Black Star"},{"not_picked":["Sozu","Replay:Bronze Core"],"picked":"aspiration:PoetsPen_weak"}],"items_purged_floors":[3,8,21,38],"is_endless":false,"potions_floor_spawned":[10,11,14,18,29,31,36,40,42],"ascension_level":0}}