{"host":"d66n7ln59ex8canu","time":1609815567,"event":{"mods":["AchievementEnabler","BaseMod","Colored Map","Minty Spire (QoL Compilation)","Quick Restart","StSLib"],"gold_per_floor":[111,71,88,7,7,43,43,87,87,87,87,52,52,76,76,76,76],"floor_reached":16,"playtime":399,"items_purged":[],"score":203,"play_id":"540730ee-4df3-4c03-9150-d988f8f3b90c","local_time":"20210104215927","is_ascension_mode":true,"campfire_choices":[{"data":"Bloodletting","floor":7,"key":"SMITH"},{"data":"Armaments","floor":15,"key":"SMITH"}],"circlet_count":0,"master_deck":["AscendersBane","Strike_R+1","Strike_R","Strike_R","Strike_R","Strike_R","Defend_R","Defend_R","Defend_R","Defend_R","Bash","Intimidate","Ghostly Armor","Armaments+1","Rampage+1","Injury","Bloodletting+1","Limit Break+1","Twin Strike"],"relics":["Burning Blood","NeowsBlessing","Golden Idol","Sundial","Calipers","Question Card","Matryoshka"],"acts_visited":["Exordium"],"potions_floor_usage":[8,16],"damage_taken":[{"damage":0,"enemies":"Cultist","floor":1,"turns":1},{"damage":0,"enemies":"Small Slimes","floor":3,"turns":1},{"damage":0,"enemies":"Gremlin Nob","floor":6,"turns":1},{"damage":37,"enemies":"3 Sentries","floor":8,"turns":12},{"damage":0,"enemies":"2 Louse","floor":14,"turns":3},{"damage":55,"enemies":"The Guardian","floor":16,"turns":13}],"seed_played":"8532435465545897012","potions_obtained":[{"floor":1,"key":"Dexterity Potion"},{"floor":14,"key":"Ancient Potion"}],"is_trial":false,"path_per_floor":["M","$","M","$","?","E","R","E","T","?","?","?","T","M","R","B"],"character_chosen":"IRONCLAD","items_purchased":["Ghostly Armor","Rampage"],"campfire_rested":0,"item_purchase_floors":[2,4],"current_hp_per_floor":[78,78,80,80,80,80,80,49,49,49,33,53,53,59,59,4,4],"gold":76,"neow_bonus":"THREE_ENEMY_KILL","is_daily":false,"chose_seed":false,"campfire_upgraded":2,"win_rate":0.0,"timestamp":1609815567,"path_taken":["M","$","?","$","?","E","R","E","T","?","?","?","?","M","R","BOSS"],"items_purchased_type":["Card","Card"],"build_version":"2020-12-22","purchased_purges":0,"victory":false,"max_hp_per_floor":[80,80,80,80,80,80,80,80,80,80,80,80,80,80,80,80,80],"card_choices":[{"not_picked":["Armaments","Clothesline"],"picked":"Intimidate","floor":1},{"not_picked":["Rupture","Flex"],"picked":"Armaments","floor":3},{"not_picked":["Twin Strike","Havoc"],"picked":"Bloodletting","floor":6},{"not_picked":["Iron Wave","Pummel"],"picked":"Limit Break","floor":8},{"not_picked":["Reckless Charge","Warcry","Heavy Blade"],"picked":"Twin Strike","floor":14}],"player_experience":305794,"relics_obtained":[{"floor":6,"key":"Sundial"},{"floor":8,"key":"Calipers"},{"floor":9,"key":"Question Card"},{"floor":13,"key":"Matryoshka"}],"event_choices":[{"damage_healed":0,"gold_gain":0,"player_choice":"Take Wound","damage_taken":0,"relics_obtained":["Golden Idol"],"max_hp_gain":0,"max_hp_loss":0,"event_name":"Golden Idol","floor":5,"gold_loss":0,"cards_obtained":["Injury"]},{"damage_healed":0,"gold_gain":0,"player_choice":"Grow","damage_taken":0,"max_hp_gain":0,"max_hp_loss":0,"event_name":"Living Wall","floor":10,"gold_loss":0,"cards_upgraded":["Limit Break"]},{"damage_healed":0,"gold_gain":0,"player_choice":"Entered Light","damage_taken":16,"max_hp_gain":0,"max_hp_loss":0,"event_name":"Shining Light","floor":11,"gold_loss":0,"cards_upgraded":["Rampage","Strike_R"]},{"damage_healed":20,"gold_gain":0,"player_choice":"Healed","damage_taken":0,"max_hp_gain":0,"max_hp_loss":0,"event_name":"The Cleric","floor":12,"gold_loss":35}],"is_beta":false,"boss_relics":[],"items_purged_floors":[],"is_endless":false,"potions_floor_spawned":[1,14],"killed_by":"The Guardian","ascension_level":11}}