{"host":"h0xw20cia6ppa69g","time":1609845640,"event":{"mods":["AchievementEnabler","BaseMod","Colored Map","Filter the Spire","Googly Eyes","Minty Spire (QoL Compilation)","Relic Stats","StSLib","The Awakened One except there are too many feathers","everything is the same but u backflip on backflip"],"gold_per_floor":[117,135,135,150,169,195,209,235,235,261,261,296,324,338,338,439,439,459,357,376,389,389,419,419,446,446,476,488,298,314,328,328,428,428,444,108,108,128,128,154,167,193,193,226,226,226,252,271,271,271,271,271,7,39,39],"floor_reached":56,"playtime":6231,"items_purged":["Accuracy","Slice","Riddle With Holes+1","Corpse Explosion"],"score":1904,"play_id":"c440e6c1-c7d6-4a42-9ce0-02120cde5982","local_time":"20210105052040","is_ascension_mode":true,"campfire_choices":[{"floor":11,"key":"REST"},{"data":"Expertise","floor":15,"key":"SMITH"},{"data":"Acrobatics","floor":24,"key":"SMITH"},{"data":"Malaise","floor":28,"key":"SMITH"},{"data":"Adrenaline","floor":32,"key":"SMITH"},{"floor":45,"key":"RECALL"},{"data":"After Image","floor":49,"key":"SMITH"},{"data":"Madness","floor":52,"key":"SMITH"}],"circlet_count":0,"master_deck":["Survivor","Neutralize","Heel Hook","Doppelganger+1","Expertise+1","Heel Hook","Burst+1","Malaise+1","Crippling Poison","PiercingWail","Acrobatics+1","Adrenaline+1","Acrobatics+1","Venomology","Madness+1","Madness","After Image+1","Adrenaline"],"relics":["Pandora\u0027s Box","Potion Belt","Pantograph","Pear","Sundial","Lizard Tail","Odd Mushroom","Coffee Dripper","Singing Bowl","War Paint","The Courier","MawBank","Bag of Marbles","Black Star","Frozen Eye","Vajra","Strawberry","Art of War","Mummified Hand","Anchor","Mercury Hourglass","InkBottle","Ornamental Fan","Gremlin Horn","Akabeko","Bottled Tornado"],"acts_visited":["Exordium","TheCity","TheBeyond","TheEnding"],"potions_floor_usage":[10,21,23,25,31,31,38,40,41,54,54,55,55,55,55,55,55,55,55,55,55,55],"damage_taken":[{"damage":0,"enemies":"2 Louse","floor":1,"turns":1},{"damage":14,"enemies":"Small Slimes","floor":2,"turns":5},{"damage":0,"enemies":"Jaw Worm","floor":4,"turns":3},{"damage":11,"enemies":"Exordium Wildlife","floor":5,"turns":2},{"damage":10,"enemies":"Gremlin Nob","floor":6,"turns":4},{"damage":6,"enemies":"Looter","floor":7,"turns":3},{"damage":0,"enemies":"Lagavulin","floor":8,"turns":7},{"damage":21,"enemies":"3 Sentries","floor":10,"turns":3},{"damage":13,"enemies":"Lagavulin","floor":12,"turns":7},{"damage":6,"enemies":"The Mushroom Lair","floor":13,"turns":2},{"damage":0,"enemies":"2 Fungi Beasts","floor":14,"turns":3},{"damage":12,"enemies":"Hexaghost","floor":16,"turns":9},{"damage":0,"enemies":"3 Byrds","floor":18,"turns":2},{"damage":0,"enemies":"Shell Parasite","floor":20,"turns":5},{"damage":0,"enemies":"Snecko","floor":21,"turns":5},{"damage":0,"enemies":"Gremlin Leader","floor":23,"turns":4},{"damage":4,"enemies":"Slavers","floor":25,"turns":2},{"damage":0,"enemies":"Book of Stabbing","floor":27,"turns":4},{"damage":0,"enemies":"Snake Plant","floor":30,"turns":3},{"damage":0,"enemies":"Shelled Parasite and Fungi","floor":31,"turns":3},{"damage":0,"enemies":"Automaton","floor":33,"turns":2},{"damage":0,"enemies":"3 Shapes","floor":35,"turns":1},{"damage":0,"enemies":"3 Darklings","floor":38,"turns":1},{"damage":0,"enemies":"Nemesis","floor":40,"turns":3},{"damage":0,"enemies":"Transient","floor":41,"turns":5},{"damage":0,"enemies":"Giant Head","floor":42,"turns":3},{"damage":0,"enemies":"Nemesis","floor":44,"turns":5},{"damage":0,"enemies":"Giant Head","floor":47,"turns":4},{"damage":0,"enemies":"Writhing Mass","floor":48,"turns":4},{"damage":0,"enemies":"Donu and Deca","floor":50,"turns":1},{"damage":0,"enemies":"Shield and Spear","floor":54,"turns":3},{"damage":0,"enemies":"The Heart","floor":55,"turns":4}],"seed_played":"-7180579196741324071","potions_obtained":[{"floor":2,"key":"ColorlessPotion"},{"floor":7,"key":"Swift Potion"},{"floor":10,"key":"Swift Potion"},{"floor":14,"key":"Explosive Potion"},{"floor":16,"key":"ColorlessPotion"},{"floor":20,"key":"Poison Potion"},{"floor":25,"key":"DuplicationPotion"},{"floor":31,"key":"SteroidPotion"},{"floor":44,"key":"LiquidMemories"},{"floor":54,"key":"LiquidMemories"}],"is_trial":false,"path_per_floor":["M","M","?","M","M","E","M","E","T","E","R","E","?","M","R","B",null,"M","$","M","M","?","E","R","E","T","E","R","$","M","M","R","B",null,"M","$","?","M","?","E","M","E","T","E","R","?","E","M","R","B",null,"R","$","E","B",null],"character_chosen":"THE_SILENT","items_purchased":["Acrobatics","Bag of Marbles","Frozen Eye","Vajra","GamblersBrew","EntropicBrew"],"campfire_rested":1,"item_purchase_floors":[19,29,36,36,53,53],"current_hp_per_floor":[70,56,42,42,31,21,15,15,25,4,28,15,9,9,9,22,80,80,80,80,80,65,67,67,65,65,65,65,65,67,69,69,95,95,97,97,97,99,87,96,98,100,100,102,102,102,104,104,104,116,116,116,116,116,116],"gold":39,"neow_bonus":"BOSS_RELIC","is_daily":false,"chose_seed":false,"campfire_upgraded":6,"win_rate":0.0,"timestamp":1609845640,"path_taken":["M","M","?","M","M","E","M","E","T","E","R","E","?","M","R","BOSS","M","$","M","M","?","E","R","E","T","E","R","$","M","M","R","BOSS","M","$","?","M","?","E","M","E","T","E","R","?","E","M","R","BOSS","R","$","E","BOSS"],"items_purchased_type":["Card","Relic","Relic","Relic","Potion","Potion"],"build_version":"2020-12-22","purchased_purges":4,"victory":true,"max_hp_per_floor":[70,70,70,70,70,70,70,70,80,80,80,80,80,80,80,80,80,80,80,80,80,85,87,87,89,89,89,89,89,91,93,93,95,95,97,97,97,99,99,108,110,112,112,114,114,114,116,116,116,116,116,116,116,116,116],"relic_stats":{"Singing Bowl":24,"Gremlin Horn":[1,1],"counters":[32,113],"War Paint":["Acrobatics","Burst"],"MawBank":24,"Mercury Hourglass":[54],"Lizard Tail":0,"Sundial":[398],"Mummified Hand":[6],"Ornamental Fan":[300],"Pantograph":61,"Pandora\u0027s Box":["Heel Hook","Riddle With Holes","Accuracy","Doppelganger","Expertise","Heel Hook","Burst","Slice","Malaise","Corpse Explosion"],"Black Star":5,"Art of War":[2],"obtain_stats":[{"Singing Bowl":23,"Gremlin Horn":47,"Vajra":36,"Bottled Tornado":54,"Frozen Eye":36,"Lizard Tail":12,"Sundial":10,"Mummified Hand":42,"Pantograph":8,"Strawberry":40,"InkBottle":44,"Ring of the Snake":0,"Potion Belt":6,"Pear":9,"The Courier":26,"Odd Mushroom":13,"War Paint":25,"MawBank":27,"Akabeko":54,"Mercury Hourglass":44,"Anchor":42,"Ornamental Fan":47,"Pandora\u0027s Box":0,"Coffee Dripper":17,"Bag of Marbles":29,"Black Star":34,"Art of War":40},{"Singing Bowl":16,"Gremlin Horn":28,"Vajra":22,"Bottled Tornado":31,"Frozen Eye":22,"Lizard Tail":9,"Sundial":8,"Mummified Hand":26,"Pantograph":7,"Strawberry":24,"InkBottle":27,"Ring of the Snake":0,"Potion Belt":5,"Pear":7,"The Courier":17,"Odd Mushroom":10,"War Paint":17,"MawBank":18,"Akabeko":31,"Mercury Hourglass":27,"Anchor":26,"Ornamental Fan":28,"Pandora\u0027s Box":0,"Coffee Dripper":12,"Bag of Marbles":18,"Black Star":21,"Art of War":24},{"Singing Bowl":65,"Gremlin Horn":101,"Vajra":80,"Bottled Tornado":109,"Frozen Eye":80,"Lizard Tail":35,"Sundial":28,"Mummified Hand":92,"Pantograph":25,"Strawberry":84,"InkBottle":97,"Ring of the Snake":0,"Potion Belt":15,"Pear":25,"The Courier":67,"Odd Mushroom":37,"War Paint":67,"MawBank":71,"Akabeko":109,"Mercury Hourglass":97,"Anchor":92,"Ornamental Fan":101,"Pandora\u0027s Box":0,"Coffee Dripper":49,"Bag of Marbles":71,"Black Star":79,"Art of War":84}],"InkBottle":[39]},"card_choices":[{"not_picked":["Underhanded Strike","All Out Attack","Outmaneuver"],"picked":"SKIP","floor":1},{"not_picked":["Blade Dance","Poisoned Stab","Cloak And Dagger"],"picked":"SKIP","floor":2},{"not_picked":["Backflip","Acrobatics","Riddle With Holes"],"picked":"SKIP","floor":4},{"not_picked":["Eviscerate","Deadly Poison","Blur"],"picked":"SKIP","floor":5},{"not_picked":["Outmaneuver","Predator","Crippling Poison"],"picked":"SKIP","floor":6},{"not_picked":["Outmaneuver","Predator"],"picked":"Crippling Poison","floor":6},{"not_picked":["Distraction","Cloak And Dagger"],"picked":"PiercingWail","floor":7},{"not_picked":["Cloak And Dagger","Accuracy","Sucker Punch"],"picked":"SKIP","floor":8},{"not_picked":["Doppelganger","Sucker Punch","Bane"],"picked":"SKIP","floor":10},{"not_picked":["Sucker Punch","Eviscerate","A Thousand Cuts"],"picked":"SKIP","floor":12},{"not_picked":["Slice","Prepared"],"picked":"Acrobatics","floor":13},{"not_picked":["Blade Dance","Choke","Concentrate"],"picked":"SKIP","floor":14},{"not_picked":["Storm of Steel","A Thousand Cuts"],"picked":"Adrenaline","floor":16},{"not_picked":["Deadly Poison+1","Slice+1"],"picked":"Terror+1","floor":18},{"not_picked":["Backflip+1","Well Laid Plans","Crippling Poison+1"],"picked":"SKIP","floor":20},{"not_picked":["Masterful Stab","Flying Knee","Quick Slash"],"picked":"SKIP","floor":21},{"not_picked":["Poisoned Stab","Blade Dance+1","Crippling Poison+1"],"picked":"Singing Bowl","floor":23},{"not_picked":["Cloak And Dagger+1","Phantasmal Killer","Noxious Fumes"],"picked":"Singing Bowl","floor":25},{"not_picked":["Dagger Spray","Poisoned Stab"],"picked":"Venomology","floor":27},{"not_picked":["Heel Hook","Skewer","Blade Dance"],"picked":"Singing Bowl","floor":30},{"not_picked":["Dash","Deadly Poison","Terror"],"picked":"Singing Bowl","floor":31},{"not_picked":["Die Die Die","Doppelganger","A Thousand Cuts"],"picked":"Singing Bowl","floor":33},{"not_picked":["Dagger Throw+1","Flying Knee+1","Cloak And Dagger+1"],"picked":"Singing Bowl","floor":35},{"not_picked":["PiercingWail+1","Outmaneuver","Calculated Gamble+1"],"picked":"Singing Bowl","floor":38},{"not_picked":["Caltrops+1","Night Terror","Finisher+1"],"picked":"Singing Bowl","floor":40},{"not_picked":["Poisoned Stab","Underhanded Strike+1","Finisher+1"],"picked":"Singing Bowl","floor":41},{"not_picked":["Poisoned Stab+1","Blade Dance+1","Blur+1"],"picked":"Singing Bowl","floor":42},{"not_picked":["Dodge and Roll+1","Dagger Throw+1","Deadly Poison"],"picked":"Singing Bowl","floor":44},{"not_picked":["Dagger Spray","Finisher+1","Blur+1"],"picked":"Singing Bowl","floor":47},{"not_picked":["Prepared","Outmaneuver+1"],"picked":"After Image","floor":48},{"not_picked":["Skewer","All Out Attack+1"],"picked":"Adrenaline","floor":54}],"player_experience":3622829,"relics_obtained":[{"floor":6,"key":"Potion Belt"},{"floor":8,"key":"Pantograph"},{"floor":9,"key":"Pear"},{"floor":10,"key":"Sundial"},{"floor":12,"key":"Lizard Tail"},{"floor":13,"key":"Odd Mushroom"},{"floor":23,"key":"Singing Bowl"},{"floor":25,"key":"War Paint"},{"floor":26,"key":"The Courier"},{"floor":27,"key":"MawBank"},{"floor":40,"key":"Strawberry"},{"floor":40,"key":"Art of War"},{"floor":42,"key":"Mummified Hand"},{"floor":42,"key":"Anchor"},{"floor":44,"key":"Mercury Hourglass"},{"floor":44,"key":"InkBottle"},{"floor":47,"key":"Ornamental Fan"},{"floor":47,"key":"Gremlin Horn"},{"floor":54,"key":"Akabeko"},{"floor":54,"key":"Bottled Tornado"}],"event_choices":[{"damage_healed":0,"gold_gain":0,"player_choice":"Entered Light","damage_taken":14,"max_hp_gain":0,"max_hp_loss":0,"event_name":"Shining Light","floor":3,"gold_loss":0,"cards_upgraded":["Riddle With Holes","Doppelganger"]},{"damage_healed":0,"gold_gain":0,"player_choice":"Fought Mushrooms","damage_taken":0,"max_hp_gain":0,"max_hp_loss":0,"event_name":"Mushrooms","floor":13,"gold_loss":0},{"damage_healed":0,"gold_gain":0,"player_choice":"Shed Blood","damage_taken":20,"max_hp_gain":5,"max_hp_loss":0,"event_name":"Forgotten Altar","floor":22,"gold_loss":0},{"cards_removed":["Terror"],"damage_healed":0,"gold_gain":0,"player_choice":"Removed Skill","damage_taken":0,"max_hp_gain":0,"max_hp_loss":0,"event_name":"Falling","floor":37,"gold_loss":0},{"damage_healed":0,"gold_gain":0,"player_choice":"Embrace Madness","damage_taken":12,"max_hp_gain":0,"max_hp_loss":0,"event_name":"Winding Halls","floor":39,"gold_loss":0,"cards_obtained":["Madness","Madness"]},{"damage_healed":0,"gold_gain":0,"player_choice":"Ignored","damage_taken":0,"max_hp_gain":0,"max_hp_loss":0,"event_name":"Tomb of Lord Red Mask","floor":46,"gold_loss":0}],"is_beta":false,"boss_relics":[{"not_picked":["Calling Bell","Cursed Key"],"picked":"Coffee Dripper"},{"not_picked":["Astrolabe","WristBlade"],"picked":"Black Star"}],"items_purged_floors":[19,29,36,53],"is_endless":false,"potions_floor_spawned":[2,7,10,14,16,20,25,31,41,42,44,54],"ascension_level":1}}