{"host":"ad59wuc8ynh8u2z6","time":1609841065,"event":{"mods":["AchievementEnabler","BaseMod","Colored Powertips","DeckTracker","Highlight Path","Minty Spire (QoL Compilation)","Permanent Neow"],"gold_per_floor":[11,22,22,97,112,142,142,92,92,121,46,70,87,114,114,216,216,234,234,134,154,29,29,54,72,72,99,99,99,126,139,139,139,139],"floor_reached":33,"playtime":1230,"items_purged":["Strike_R","Bash","Defend_R"],"score":353,"play_id":"86a75d65-3c80-4962-8bbb-216dd1d1ffec","local_time":"20210105110425","is_ascension_mode":true,"campfire_choices":[{"data":"Metallicize","floor":7.0,"key":"SMITH"},{"data":"Whirlwind","floor":15,"key":"SMITH"},{"data":"Combust","floor":23,"key":"SMITH"},{"data":"Metallicize","floor":29,"key":"SMITH"},{"floor":32,"key":"REST"}],"circlet_count":0,"master_deck":["Defend_R","Defend_R","Defend_R","Combust+1","Metallicize+1","Metallicize+1","Whirlwind+1","Shockwave+1"],"relics":["Burning Blood","Pocketwatch","TungstenRod","Du-Vu Doll","Strawberry","PreservedInsect","Velvet Choker","MutagenicStrength","Anchor","InkBottle","Potion Belt","Lizard Tail"],"acts_visited":["Exordium","TheCity"],"potions_floor_usage":[],"damage_taken":[{"damage":11.0,"enemies":"Jaw Worm","floor":1.0,"turns":4.0},{"damage":2.0,"enemies":"2 Louse","floor":2.0,"turns":3.0},{"damage":3.0,"enemies":"Cultist","floor":5.0,"turns":5.0},{"damage":17.0,"enemies":"Gremlin Nob","floor":6.0,"turns":3.0},{"damage":5.0,"enemies":"3 Sentries","floor":10.0,"turns":4.0},{"damage":5,"enemies":"Exordium Wildlife","floor":13,"turns":4},{"damage":39,"enemies":"Gremlin Nob","floor":14,"turns":8},{"damage":32,"enemies":"The Guardian","floor":16,"turns":16},{"damage":0,"enemies":"Chosen","floor":18,"turns":4},{"damage":14,"enemies":"2 Thieves","floor":21,"turns":4},{"damage":20,"enemies":"Book of Stabbing","floor":24,"turns":6},{"damage":17,"enemies":"Centurion and Healer","floor":25,"turns":3},{"damage":11,"enemies":"Slavers","floor":27,"turns":3},{"damage":20,"enemies":"Book of Stabbing","floor":30,"turns":4},{"damage":12,"enemies":"Sentry and Sphere","floor":31,"turns":5},{"damage":51,"enemies":"Automaton","floor":33,"turns":9}],"seed_played":"-2828101406557286360","potions_obtained":[{"floor":1.0,"key":"LiquidMemories"},{"floor":2.0,"key":"BlessingOfTheForge"},{"floor":5.0,"key":"SmokeBomb"},{"floor":13,"key":"EssenceOfSteel"},{"floor":21,"key":"DuplicationPotion"},{"floor":24,"key":"Regen Potion"},{"floor":30,"key":"Swift Potion"}],"is_trial":false,"path_per_floor":["M","M","?","?","M","E","R","?","T","E","$","T","M","E","R","B",null,"M","?","$","M","$","R","E","M","T","E","?","R","E","M","R","B"],"character_chosen":"IRONCLAD","items_purchased":[],"campfire_rested":1,"item_purchase_floors":[],"current_hp_per_floor":[75,79,79,68,71,60,60,60,60,61,61,68,69,36,36,10,87,87,87,87,79,79,79,65,54,54,49,49,49,35,29,55,4,4],"gold":139,"neow_bonus":"REMOVE_TWO","is_daily":false,"chose_seed":false,"campfire_upgraded":4,"win_rate":0.0,"timestamp":1609841065,"path_taken":["M","M","?","?","M","E","R","?","T","E","$","?","?","E","R","BOSS","M","?","$","M","$","R","E","M","T","E","?","R","E","M","R","BOSS"],"items_purchased_type":[],"build_version":"2020-12-22","purchased_purges":3,"victory":false,"max_hp_per_floor":[80,80,80,80,80,80,80,80,80,80,80,87,87,87,87,87,87,87,87,87,87,87,87,87,87,87,87,87,87,87,87,87,87,87],"card_choices":[{"not_picked":["Cleave","Anger"],"picked":"Combust","floor":1.0},{"not_picked":["Inflame","Shrug It Off"],"picked":"Metallicize","floor":2.0},{"not_picked":["Shrug It Off","Sword Boomerang"],"picked":"Fire Breathing","floor":5.0},{"not_picked":["Burning Pact","Searing Blow"],"picked":"Metallicize","floor":6.0},{"not_picked":["Rupture","Heavy Blade","Sever Soul"],"picked":"SKIP","floor":10.0},{"not_picked":["Sever Soul","True Grit","Cleave"],"picked":"SKIP","floor":13},{"not_picked":["Armaments","Sword Boomerang"],"picked":"Whirlwind","floor":14},{"not_picked":["Clothesline","Rupture","Cleave+1"],"picked":"SKIP","floor":18},{"not_picked":["Flex","Impervious","Iron Wave+1"],"picked":"SKIP","floor":21},{"not_picked":["Second Wind","Heavy Blade","Shrug It Off"],"picked":"SKIP","floor":24},{"not_picked":["Ghostly Armor","Cleave+1","Headbutt"],"picked":"SKIP","floor":25},{"not_picked":["Whirlwind","Warcry","Feed"],"picked":"SKIP","floor":27},{"not_picked":["Demon Form","Iron Wave"],"picked":"Shockwave+1","floor":30},{"not_picked":["Pommel Strike","Anger","Heavy Blade"],"picked":"SKIP","floor":31}],"player_experience":34534,"relics_obtained":[{"floor":6.0,"key":"Pocketwatch"},{"floor":9.0,"key":"TungstenRod"},{"floor":10.0,"key":"Du-Vu Doll"},{"floor":12,"key":"Strawberry"},{"floor":14,"key":"PreservedInsect"},{"floor":24,"key":"Anchor"},{"floor":26,"key":"InkBottle"},{"floor":27,"key":"Potion Belt"},{"floor":30,"key":"Lizard Tail"}],"event_choices":[{"cards_removed":["Strike_R"],"damage_healed":0.0,"max_hp_gain":0.0,"max_hp_loss":0.0,"gold_gain":0.0,"event_name":"Living Wall","player_choice":"Forget","floor":3.0,"gold_loss":0.0,"damage_taken":0.0},{"damage_healed":0.0,"max_hp_gain":0.0,"max_hp_loss":0.0,"gold_gain":75.0,"event_name":"World of Goop","player_choice":"Gather Gold","floor":4.0,"gold_loss":0.0,"damage_taken":11.0},{"cards_removed":["Strike_R"],"damage_healed":0.0,"max_hp_gain":0.0,"max_hp_loss":0.0,"gold_gain":0.0,"event_name":"The Cleric","player_choice":"Card Removal","floor":8.0,"gold_loss":50.0,"damage_taken":0.0},{"damage_healed":0,"gold_gain":0,"player_choice":"Inject Mutagens","damage_taken":0,"relics_obtained":["MutagenicStrength"],"max_hp_gain":0,"max_hp_loss":0,"event_name":"Drug Dealer","floor":19,"gold_loss":0},{"cards_removed":["Fire Breathing"],"damage_healed":0,"gold_gain":0,"player_choice":"Purged","damage_taken":0,"max_hp_gain":0,"max_hp_loss":0,"event_name":"Purifier","floor":28,"gold_loss":0}],"is_beta":false,"boss_relics":[{"not_picked":["Philosopher\u0027s Stone","Runic Dome"],"picked":"Velvet Choker"}],"items_purged_floors":[11,20,22],"is_endless":false,"potions_floor_spawned":[1,2,5,13,21,24,30],"killed_by":"Automaton","ascension_level":2}}