{"host":"0azimyi6n3ugndj4","time":1609809407,"event":{"mods":["2.2 Compatiblity","BaseMod","Bestiary","Conspire","Curses Come First","Defuse TimeMaze Blight","Hermit","Hubris","Hyrulean Relics","Infinite Spire","Jorbs\u0027s Wanderer Trilogy","Minty Spire (QoL Compilation)","Relic Stats","Replay The Spire","StSLib","SuperFastMode","The Cursed","The Hierophant","Uncapped","¡¼?Úª?ø«¡½REMEMod"],"gold_per_floor":[124,399,422,422,427,423,423],"floor_reached":6,"playtime":138,"items_purged":[],"score":197,"play_id":"14774983-4563-47c9-8fa6-64e0f895449d","local_time":"20210105101647","daily_mods":["SealedDeck","Hoarder","Insanity","Chimera","Specialized","ControlledChaos","Allstar","Diverse","Colorless Cards","Heirloom","Time Dilation","Flight","Elite Swarm","Binary"],"is_ascension_mode":true,"campfire_choices":[],"circlet_count":0,"master_deck":["Demon Form","Wraith Form v2","Echo Form","DevaForm","stsjorbsmod:ArcaneForm","stsjorbsmod:WastingForm","AscendersBane","Bash","Survivor","Zap","Eruption","Strike_R","Strike_G","Strike_B","Defend_R","Defend_G","Defend_P","Hologram","hierophant:Refuge","hermit:DeadMansHand","Body Slam","Replay:Undeath\u0027s Touch","Sucker Punch","stsjorbsmod:Materialize","hierophant:Shelter","stsjorbsmod:Prepare","Underhanded Strike","Blur","hermit:TakeAim","hierophant:Shelter","hermit:DeadMansHand","Go for the Eyes","TheCursedMod:TroublousMinions","Vengeance","Backstab","SandsOfTime","stsjorbsmod:BurningFlask","TheCursedMod:CursedBlade","Battle Trance","JustLucky","hierophant:PristineSoul","Prostrate","Dramatic Entrance","Conclude","stsjorbsmod:SchoolsOfMagic","stsjorbsmod:BlackTentacles","BowlingBash","hermit:Glare","Streamline","ReplayTheSpireMod:Shiv Toss","hermit:TrackingShot","hubris:SlightOfHand","Compile Driver","ThirdEye","PiercingWail","Replay:AtTheReady","hierophant:Doubloon","hierophant:Remorse","Cleave","Streamline","hierophant:FlamingChariot","Barrage","stsjorbsmod:Hurt","Streamline","stsjorbsmod:WeightOfMemory","Dagger Spray","hermit:Headshot","hierophant:HammerAndAnvil","hierophant:HammerAndAnvil","hierophant:HammerAndAnvil","hierophant:HammerAndAnvil","hierophant:HammerAndAnvil","hierophant:HammerAndAnvil","hierophant:HammerAndAnvil","hierophant:HammerAndAnvil","hierophant:HammerAndAnvil","hierophant:HammerAndAnvil","hierophant:HammerAndAnvil","hierophant:HammerAndAnvil","hierophant:HammerAndAnvil","hierophant:HammerAndAnvil","hierophant:HammerAndAnvil","Anger","Anger","Anger","stsjorbsmod:Prepare","stsjorbsmod:Prepare","stsjorbsmod:Prepare","Shockwave","Shockwave","Shockwave","TheCursedMod:Hemoplague","TheCursedMod:Hemoplague","TheCursedMod:Hemoplague","Headbutt","Headbutt","Headbutt","stsjorbsmod:FaerieFire","stsjorbsmod:FaerieFire","stsjorbsmod:FaerieFire","TheCursedMod:TacticalStrike","TheCursedMod:TacticalStrike","TheCursedMod:TacticalStrike","Entrench","Entrench","Entrench","hierophant:PassingBell","hierophant:PassingBell","hierophant:PassingBell","Cleave","Cleave","Cleave","stsjorbsmod:DrainLife","stsjorbsmod:DrainLife","stsjorbsmod:DrainLife","Regret","Regret"],"relics":["stsjorbsmod:GrimoireRelic","Frozen Eye","Busted Crown","REME_ComplimentaryCards","Dead Branch"],"acts_visited":["Exordium"],"potions_floor_usage":[6],"damage_taken":[{"damage":0,"enemies":"Small Slimes","floor":1,"turns":3},{"damage":4,"enemies":"Cultist","floor":3,"turns":3},{"damage":0,"enemies":"2 Louse","floor":5,"turns":2},{"damage":99,"enemies":"Gremlin Nob","floor":6,"turns":4}],"seed_played":"-8361947105799534410","potions_obtained":[{"floor":3,"key":"Strength Potion"}],"is_trial":true,"path_per_floor":["M","?","M","?","M","E"],"character_chosen":"WANDERER","items_purchased":[],"campfire_rested":0,"item_purchase_floors":[],"current_hp_per_floor":[58,58,54,54,54,0,0],"gold":423,"neow_bonus":"","is_daily":false,"chose_seed":false,"campfire_upgraded":0,"win_rate":0.0,"timestamp":1609809407,"path_taken":["M","?","?","?","M","E"],"items_purchased_type":[],"build_version":"2020-12-22","purchased_purges":0,"victory":false,"max_hp_per_floor":[64,64,64,64,64,72,72],"relic_stats":{"Busted Crown":14,"counters":[4,12],"Dead Branch":[18],"obtain_stats":[{"Frozen Eye":0,"Busted Crown":0,"Dead Branch":0,"stsjorbsmod:GrimoireRelic":0,"REME_ComplimentaryCards":0},{"Frozen Eye":0,"Busted Crown":0,"Dead Branch":0,"stsjorbsmod:GrimoireRelic":0,"REME_ComplimentaryCards":0},{"Frozen Eye":0,"Busted Crown":0,"Dead Branch":0,"stsjorbsmod:GrimoireRelic":0,"REME_ComplimentaryCards":0}]},"card_choices":[],"player_experience":1540844,"relics_obtained":[],"event_choices":[{"damage_healed":0,"gold_gain":275,"player_choice":"Desecrate","damage_taken":0,"max_hp_gain":0,"max_hp_loss":0,"event_name":"Golden Shrine","floor":2,"gold_loss":0,"cards_obtained":["Regret"]},{"cards_removed":["Regret"],"damage_healed":0,"gold_gain":0,"player_choice":"Card Removal","damage_taken":0,"max_hp_gain":0,"max_hp_loss":0,"event_name":"Wheel of Change","floor":4,"gold_loss":0}],"is_beta":false,"boss_relics":[],"items_purged_floors":[],"is_endless":false,"potions_floor_spawned":[3],"killed_by":"Gremlin Nob","ascension_level":20}}