{"host":"ewfe3cr33ktd9xzj","time":1609830886,"event":{"mods":["AchievementEnabler","BaseMod","Colored Map","Custom Start","DeckTracker","Minty Spire (QoL Compilation)","Rare Cards Sparkle","StSLib","everything is the same but u backflip on backflip"],"gold_per_floor":[112,127,52,52,52,52,93,93,171,243,243,264,308,323,323,417,417,441,461,96,120,145,91,91,112,138,154,204,204,204],"floor_reached":29,"playtime":767,"items_purged":["Strike_G","Strike_G"],"score":520,"play_id":"bb925205-5ab5-4a9b-abd4-f14ab94c4f6d","local_time":"20210105161446","is_ascension_mode":true,"campfire_choices":[{"data":"Deadly Poison","floor":6.0,"key":"SMITH"},{"data":"Riddle With Holes","floor":8.0,"key":"SMITH"},{"data":"Footwork","floor":15.0,"key":"SMITH"},{"data":"Calculated Gamble","floor":24.0,"key":"SMITH"}],"circlet_count":0,"master_deck":["AscendersBane","Strike_G","Strike_G","Defend_G","Defend_G","Defend_G","Defend_G","Defend_G","Survivor","Neutralize","Riddle With Holes+1","Reflex","Deadly Poison+1","Footwork+1","Dagger Throw","Corpse Explosion","After Image+1","Calculated Gamble+1","Calculated Gamble","Eviscerate+1","Acrobatics+1"],"relics":["Ring of the Snake","NeowsBlessing","Golden Idol","CaptainsWheel","Matryoshka","Omamori","Frozen Egg 2","Happy Flower","HoveringKite","Toxic Egg 2","CeramicFish","Tiny Chest"],"acts_visited":["Exordium","TheCity"],"potions_floor_usage":[],"damage_taken":[{"damage":0.0,"enemies":"Jaw Worm","floor":1.0,"turns":1.0},{"damage":0.0,"enemies":"2 Louse","floor":2.0,"turns":1.0},{"damage":0.0,"enemies":"Lagavulin","floor":7.0,"turns":1.0},{"damage":8.0,"enemies":"Small Slimes","floor":12.0,"turns":5.0},{"damage":11.0,"enemies":"Gremlin Nob","floor":13.0,"turns":4.0},{"damage":8.0,"enemies":"Blue Slaver","floor":14.0,"turns":4.0},{"damage":9.0,"enemies":"The Guardian","floor":16.0,"turns":9.0},{"damage":10.0,"enemies":"3 Byrds","floor":18.0,"turns":2.0},{"damage":0.0,"enemies":"Spheric Guardian","floor":19.0,"turns":4.0},{"damage":19.0,"enemies":"Cultist and Chosen","floor":21.0,"turns":7.0},{"damage":6.0,"enemies":"Snake Plant","floor":22.0,"turns":4.0},{"damage":4.0,"enemies":"Shelled Parasite and Fungi","floor":25.0,"turns":6.0},{"damage":10.0,"enemies":"Snecko","floor":27.0,"turns":5.0},{"damage":13,"enemies":"Gremlin Leader","floor":29,"turns":2}],"seed_played":"3701202909071568694","potions_obtained":[{"floor":12.0,"key":"BlessingOfTheForge"},{"floor":13.0,"key":"PowerPotion"},{"floor":14.0,"key":"PowerPotion"},{"floor":18.0,"key":"EntropicBrew"},{"floor":21.0,"key":"BlessingOfTheForge"}],"is_trial":false,"path_per_floor":["M","M","$","?","?","R","E","R","T","T","?","M","E","M","R","B",null,"M","M","$","M","M","$","R","M","T","M","?","E"],"character_chosen":"THE_SILENT","items_purchased":["Toxic Egg 2","Acrobatics+1"],"campfire_rested":0,"item_purchase_floors":[20,23],"current_hp_per_floor":[59,59,59,36,36,36,36,36,36,36,58,50,39,31,31,22,55,45,45,45,26,20,20,20,16,16,6,6,0,0],"gold":204,"neow_bonus":"THREE_ENEMY_KILL","is_daily":false,"chose_seed":false,"campfire_upgraded":4,"win_rate":0.0,"timestamp":1609830886,"path_taken":["M","M","$","?","?","R","E","R","T","?","?","M","E","M","R","BOSS","M","M","$","M","M","$","R","M","T","M","?","E"],"items_purchased_type":["Relic","Card"],"build_version":"2020-12-22","purchased_purges":2,"victory":false,"max_hp_per_floor":[66,66,66,66,66,66,66,66,66,66,66,66,66,66,66,66,66,66,66,66,66,66,66,66,66,66,66,66,66,66],"card_choices":[{"not_picked":["PiercingWail","Backflip"],"picked":"Riddle With Holes","floor":1.0},{"not_picked":["Dagger Spray","Backflip"],"picked":"Reflex","floor":2.0},{"not_picked":["Cloak And Dagger","Catalyst"],"picked":"Footwork","floor":7.0},{"not_picked":["Reflex","Outmaneuver"],"picked":"Dagger Throw","floor":12.0},{"not_picked":["Deadly Poison","Deflect","Slice"],"picked":"SKIP","floor":13.0},{"not_picked":["Flying Knee","Cloak And Dagger"],"picked":"Corpse Explosion","floor":14.0},{"not_picked":["Die Die Die","Doppelganger"],"picked":"After Image+1","floor":16.0},{"not_picked":["Blade Dance","Cloak And Dagger"],"picked":"Calculated Gamble","floor":18.0},{"not_picked":["Bane","Blade Dance+1"],"picked":"Calculated Gamble","floor":19.0},{"not_picked":["Deflect+1","Dagger Throw"],"picked":"Eviscerate+1","floor":21.0},{"not_picked":["Slice","Sucker Punch","Setup+1"],"picked":"SKIP","floor":22.0},{"not_picked":["Poisoned Stab+1","Outmaneuver+1","Sucker Punch"],"picked":"SKIP","floor":25.0},{"not_picked":["Accuracy+1","Caltrops+1","Outmaneuver+1"],"picked":"SKIP","floor":27.0}],"player_experience":20315,"relics_obtained":[{"floor":7.0,"key":"CaptainsWheel"},{"floor":9.0,"key":"Matryoshka"},{"floor":10.0,"key":"Omamori"},{"floor":10.0,"key":"Frozen Egg 2"},{"floor":13.0,"key":"Happy Flower"},{"floor":26.0,"key":"CeramicFish"},{"floor":26.0,"key":"Tiny Chest"}],"event_choices":[{"damage_healed":0.0,"max_hp_gain":0.0,"max_hp_loss":0.0,"gold_gain":0.0,"event_name":"Golden Idol","player_choice":"Take Damage","floor":4.0,"gold_loss":0.0,"damage_taken":23.0,"relics_obtained":["Golden Idol"]},{"damage_healed":0.0,"max_hp_gain":0.0,"max_hp_loss":0.0,"gold_gain":0.0,"cards_transformed":["Strike_G"],"event_name":"Living Wall","player_choice":"Change","floor":5.0,"gold_loss":0.0,"damage_taken":0.0,"cards_obtained":["Deadly Poison"]},{"damage_healed":22.0,"max_hp_gain":0.0,"max_hp_loss":0.0,"gold_gain":0.0,"event_name":"Big Fish","player_choice":"Banana","floor":11.0,"gold_loss":0.0,"damage_taken":0.0},{"damage_healed":0.0,"max_hp_gain":0.0,"max_hp_loss":0.0,"gold_gain":50.0,"event_name":"Nest","player_choice":"Stole From Cult","floor":28.0,"gold_loss":0.0,"damage_taken":0.0}],"is_beta":false,"boss_relics":[{"not_picked":["Black Star","Philosopher\u0027s Stone"],"picked":"HoveringKite"}],"items_purged_floors":[3,20],"is_endless":false,"potions_floor_spawned":[12,13,14,18,21,22,25],"killed_by":"Gremlin Leader","ascension_level":20}}