{"host":"56ghxnzsglgdq727","time":1609852564,"event":{"mods":["AchievementEnabler","BaseMod","Downfall","Minty Spire (QoL Compilation)","StSLib"],"gold_per_floor":[99,99,99,99,99,125,125,166,186,186,186,201,126,141,170,170,170,170],"floor_reached":16,"playtime":609,"items_purged":[],"score":113,"play_id":"5bbc3206-d2f2-4f26-a0f0-c47710d4d079","local_time":"20210105081604","is_ascension_mode":true,"campfire_choices":[{"data":"champ:Taunt","floor":1,"key":"SMITH"},{"floor":13,"key":"REST"}],"circlet_count":0,"master_deck":["champ:Strike","champ:Strike","champ:Strike","champ:Defend","champ:Defend","champ:Defend","champ:Defend","champ:Execute","champ:Taunt+1","champ:PreciseThrust","champ:Haymaker","champ:HeavySlash+1","champ:BringItOn"],"relics":["champ:ChampionCrown","downfall:HeartsMalice","Pear","hexamod:BolsterEngine","CeramicFish","downfall:HeartBlessingGreen"],"acts_visited":["Exordium"],"potions_floor_usage":[9,16,16],"damage_taken":[{"damage":0,"enemies":"Cultist","floor":2,"turns":1},{"damage":0,"enemies":"Jaw Worm","floor":3,"turns":1},{"damage":0,"enemies":"2 Louse","floor":4,"turns":1},{"damage":59,"enemies":"3 Sentries","floor":6,"turns":14},{"damage":23,"enemies":"Gremlin Nob","floor":8,"turns":5},{"damage":15,"enemies":"Lots of Slimes","floor":9,"turns":8},{"damage":3,"enemies":"3 Louse","floor":12,"turns":4},{"damage":4,"enemies":"2 Fungi Beasts","floor":14,"turns":5},{"damage":22,"enemies":"Lots of Slimes","floor":15,"turns":5},{"damage":0,"enemies":"downfall:Defect","floor":16,"turns":3}],"seed_played":"-1551378662616523175","potions_obtained":[{"floor":6,"key":"Block Potion"},{"floor":8,"key":"champ:TechniquePotion"},{"floor":9,"key":"SpeedPotion"},{"floor":12,"key":"champ:TechniquePotion"}],"is_trial":false,"path_per_floor":["R","M","M","M","?","E","T","E","M","?","?","M","R","M","M","B"],"character_chosen":"THE_CHAMP","items_purchased":[],"campfire_rested":1,"item_purchase_floors":[],"current_hp_per_floor":[90,90,90,90,90,51,51,28,13,13,18,15,45,41,19,19,19,19],"gold":170,"neow_bonus":"THREE_ENEMY_KILL","is_daily":false,"chose_seed":false,"campfire_upgraded":1,"win_rate":0.0,"timestamp":1609852564,"path_taken":["R","M","M","?","?","E","T","E","M","?","?","?","R","M","M","BOSS"],"items_purchased_type":[],"build_version":"2020-12-22","purchased_purges":0,"victory":false,"max_hp_per_floor":[90,90,90,90,90,100,100,100,100,100,100,100,100,100,100,100,100,100],"card_choices":[{"not_picked":["champ:CrookedStrike","champ:BringItOn"],"picked":"champ:PreciseThrust","floor":2},{"not_picked":["champ:TornadoPunch","champ:Circumvent"],"picked":"champ:BladeFlurry","floor":3},{"not_picked":["champ:Circumvent","champ:ShieldSigil"],"picked":"champ:Haymaker","floor":4},{"not_picked":["champ:BladeFlurry","champ:FightOn","champ:StanceDance"],"picked":"SKIP","floor":6},{"not_picked":["champ:ShieldSlam","champ:Control"],"picked":"champ:HeavySlash","floor":8},{"not_picked":["champ:EnGarde","champ:BladeFlurry","champ:ShieldSigil"],"picked":"SKIP","floor":9},{"not_picked":["champ:DefensiveShout","champ:Encircle","champ:FanOfKnives"],"picked":"SKIP","floor":12},{"not_picked":["champ:FalseCounter","champ:RageSigil","champ:Haymaker"],"picked":"SKIP","floor":14},{"not_picked":["champ:StanceDance","champ:FlashCut"],"picked":"champ:BringItOn","floor":15}],"player_experience":167409,"relics_obtained":[{"floor":6,"key":"Pear"},{"floor":7,"key":"hexamod:BolsterEngine"},{"floor":8,"key":"CeramicFish"}],"event_choices":[{"damage_healed":0,"gold_gain":0,"player_choice":"Grow","damage_taken":0,"max_hp_gain":0,"max_hp_loss":0,"event_name":"Living Wall","floor":10,"gold_loss":0,"cards_upgraded":["champ:HeavySlash"]},{"cards_removed":["champ:BladeFlurry"],"damage_healed":5,"gold_gain":0,"player_choice":"Offered Common","damage_taken":0,"max_hp_gain":0,"max_hp_loss":0,"event_name":"Bonfire Elementals","floor":11,"gold_loss":0},{"cards_removed":["champ:BladeFlurry"],"damage_healed":5,"gold_gain":0,"player_choice":"Offered Special","damage_taken":0,"max_hp_gain":0,"max_hp_loss":0,"event_name":"Bonfire Elementals","floor":11,"gold_loss":0}],"is_beta":false,"boss_relics":[],"items_purged_floors":[],"is_endless":false,"potions_floor_spawned":[6,8,9,12],"killed_by":"downfall:Defect","ascension_level":1}}