{"host":"dgf4n6lo35jtjz0c","time":1609824461,"event":{"mods":["AchievementEnabler","BaseMod","Bestiary","Colored Powertips","Minty Spire (QoL Compilation)"],"gold_per_floor":[113,127,142,153,165,165,198,210,210,171,182,182,182,182,182,303,303,333,364,392,425,437,449,494,524,559,592,604,616,651,663,675,807,819,855,891,921,952,977,989,1019,1094,1106,1139,1151,1183,1210,1222,1234,1246],"floor_reached":51,"playtime":9571,"items_purged":[],"score":781,"play_id":"9714c0ee-45a4-47b9-ae8f-f05550d46c2d","local_time":"20210105162741","is_ascension_mode":false,"campfire_choices":[{"data":"Footwork","floor":6.0,"key":"SMITH"},{"floor":12.0,"key":"REST"},{"floor":15.0,"key":"REST"},{"data":"Noxious Fumes","floor":23.0,"key":"SMITH"},{"data":"Bullet Time","floor":29.0,"key":"SMITH"},{"data":"Backflip","floor":32.0,"key":"SMITH"},{"data":"Neutralize","floor":40.0,"key":"SMITH"},{"data":"Cloak And Dagger","floor":45.0,"key":"SMITH"},{"data":"Dagger Spray","floor":49.0,"key":"SMITH"}],"circlet_count":0,"master_deck":["Defend_G","Defend_G","Defend_G","Defend_G","Defend_G","Survivor","Neutralize+1","Backflip+1","Dagger Spray+1","Skewer","Cloak And Dagger+1","Footwork+1","Noxious Fumes+1","Dagger Spray","Blade Dance","Parasite","Injury","Bullet Time+1","CurseOfTheBell","Eviscerate+1","Doppelganger+1","Dodge and Roll+1","Backflip+1","Bite","Bite","Bite","Bite","Bite","Catalyst+1","Crippling Poison+1","Backflip+1","Ghostly+1","Ghostly+1","Ghostly+1","Ghostly+1","Ghostly+1","Calculated Gamble+1","Bullet Time+1","Backflip+1","Infinite Blades+1","Infinite Blades+1","Parasite","Crippling Poison+1","Flechettes+1","Riddle With Holes+1","Distraction+1","Dagger Spray+1","Violence+1"],"relics":["Snecko Eye","Anchor","Happy Flower","Golden Idol","Calling Bell","MawBank","Toxic Egg 2","CaptainsWheel","Potion Belt","Bronze Scales","Blue Candle","Runic Dome","Lizard Tail","Gambling Chip"],"acts_visited":[],"potions_floor_usage":[50],"damage_taken":[{"damage":3.0,"enemies":"Small Slimes","floor":1.0,"turns":5.0},{"damage":3.0,"enemies":"Jaw Worm","floor":2.0,"turns":6.0},{"damage":0.0,"enemies":"2 Louse","floor":3.0,"turns":3.0},{"damage":0.0,"enemies":"2 Fungi Beasts","floor":4.0,"turns":3.0},{"damage":0.0,"enemies":"Looter","floor":5.0,"turns":4.0},{"damage":51.0,"enemies":"Gremlin Nob","floor":7.0,"turns":6.0},{"damage":4.0,"enemies":"Large Slime","floor":8.0,"turns":7.0},{"damage":1.0,"enemies":"Gremlin Gang","floor":11.0,"turns":7.0},{"damage":35.0,"enemies":"Slime Boss","floor":16.0,"turns":12.0},{"damage":1.0,"enemies":"Shell Parasite","floor":18.0,"turns":6.0},{"damage":11.0,"enemies":"Chosen","floor":19.0,"turns":7.0},{"damage":1.0,"enemies":"Centurion and Healer","floor":20.0,"turns":5.0},{"damage":0.0,"enemies":"Snecko","floor":21.0,"turns":7.0},{"damage":7.0,"enemies":"Gremlin Leader","floor":24.0,"turns":8.0},{"damage":6.0,"enemies":"Chosen and Byrds","floor":25.0,"turns":7.0},{"damage":0.0,"enemies":"Cultist and Chosen","floor":27.0,"turns":6.0},{"damage":0.0,"enemies":"3 Cultists","floor":30.0,"turns":5.0},{"damage":26.0,"enemies":"Automaton","floor":33.0,"turns":11.0},{"damage":1.0,"enemies":"Orb Walker","floor":35.0,"turns":3.0},{"damage":8.0,"enemies":"3 Shapes","floor":36.0,"turns":5.0},{"damage":0.0,"enemies":"Sphere and 2 Shapes","floor":37.0,"turns":6.0},{"damage":0.0,"enemies":"Transient","floor":38.0,"turns":5.0},{"damage":10.0,"enemies":"Writhing Mass","floor":39.0,"turns":6.0},{"damage":2.0,"enemies":"4 Shapes","floor":41.0,"turns":4.0},{"damage":14.0,"enemies":"Mind Bloom Boss Battle","floor":42.0,"turns":8.0},{"damage":6.0,"enemies":"Jaw Worm Horde","floor":44.0,"turns":3.0},{"damage":1.0,"enemies":"Transient","floor":46.0,"turns":5.0},{"damage":0.0,"enemies":"Spire Growth","floor":47.0,"turns":5.0},{"damage":55,"enemies":"Awakened One","floor":50,"turns":15}],"seed_played":"3112028493100232425","potions_obtained":[{"floor":3.0,"key":"SmokeBomb"},{"floor":5.0,"key":"BlessingOfTheForge"},{"floor":7.0,"key":"SpeedPotion"},{"floor":11.0,"key":"SpeedPotion"},{"floor":18.0,"key":"LiquidBronze"},{"floor":20.0,"key":"EntropicBrew"},{"floor":21.0,"key":"LiquidMemories"},{"floor":30.0,"key":"LiquidMemories"},{"floor":33.0,"key":"FearPotion"},{"floor":35.0,"key":"GhostInAJar"},{"floor":37.0,"key":"Energy Potion"},{"floor":38.0,"key":"FairyPotion"},{"floor":44.0,"key":"PowerPotion"}],"is_trial":false,"path_per_floor":["M","M","M","M","M","R","E","M","T","?","M","R","?","?","R","B",null,"M","M","M","M","?","R","E","M","T","M","?","R","M","T","R","B",null,"M","M","M","M","M","R","M","?","T","M","R","M","M","?","R","B",null],"character_chosen":"THE_SILENT","items_purchased":[],"campfire_rested":2,"item_purchase_floors":[],"current_hp_per_floor":[67,64,64,64,64,64,13,9,9,9,8,29,46,46,67,32,70,69,58,57,57,49,49,49,45,45,49,24,24,24,24,24,8,24,24,20,24,24,24,24,24,10,10,4,4,11,17,17,17,9],"gold":1258,"neow_bonus":"BOSS_RELIC","is_daily":false,"chose_seed":false,"campfire_upgraded":7,"win_rate":0.0,"timestamp":1609824461,"path_taken":["M","M","M","M","M","R","E","M","T","?","M","R","?","?","R","BOSS","M","M","M","M","?","R","E","M","T","M","?","R","M","?","R","BOSS","M","M","M","M","M","R","M","?","T","M","R","M","M","?","R","BOSS"],"items_purchased_type":[],"build_version":"2020-12-22","purchased_purges":0,"victory":true,"max_hp_per_floor":[70,70,70,70,70,70,70,70,70,70,70,70,70,70,70,70,70,70,70,70,70,49,49,49,49,49,49,24,24,24,24,24,24,24,24,24,24,24,24,24,24,24,24,24,24,24,24,24,24,24],"card_choices":[{"not_picked":["Masterful Stab","Sucker Punch"],"picked":"Backflip","floor":1.0},{"not_picked":["Cloak And Dagger","Blur"],"picked":"Dagger Spray","floor":2.0},{"not_picked":["Prepared","Dagger Throw"],"picked":"Skewer","floor":3.0},{"not_picked":["Deflect","Acrobatics"],"picked":"Cloak And Dagger","floor":4.0},{"not_picked":["Blade Dance","Choke"],"picked":"Footwork","floor":5.0},{"not_picked":["Prepared","Outmaneuver"],"picked":"Noxious Fumes","floor":7.0},{"not_picked":["Acrobatics","Slice"],"picked":"Dagger Spray","floor":8.0},{"not_picked":["Blur","Prepared"],"picked":"Blade Dance","floor":11.0},{"not_picked":["Malaise","Die Die Die"],"picked":"Bullet Time","floor":16.0},{"not_picked":["Sucker Punch+1","Quick Slash+1"],"picked":"Eviscerate+1","floor":18.0},{"not_picked":["Backstab","Dodge and Roll+1"],"picked":"Doppelganger+1","floor":19.0},{"not_picked":["Poisoned Stab","PiercingWail+1"],"picked":"Dodge and Roll+1","floor":20.0},{"not_picked":["Outmaneuver+1","Blade Dance+1"],"picked":"Backflip+1","floor":21.0},{"not_picked":["Choke","Adrenaline+1"],"picked":"Catalyst+1","floor":24.0},{"not_picked":["Acrobatics+1","PiercingWail+1"],"picked":"Crippling Poison+1","floor":25.0},{"not_picked":["Sucker Punch","Slice"],"picked":"Backflip+1","floor":27.0},{"not_picked":["Deflect+1","PiercingWail+1"],"picked":"Calculated Gamble+1","floor":30.0},{"not_picked":["Phantasmal Killer+1","Malaise+1"],"picked":"Bullet Time+1","floor":33.0},{"not_picked":["Endless Agony+1","Quick Slash+1"],"picked":"Backflip+1","floor":35.0},{"not_picked":["PiercingWail+1","Underhanded Strike+1"],"picked":"Infinite Blades+1","floor":36.0},{"not_picked":["Bane+1","Wraith Form v2","Dagger Throw"],"picked":"SKIP","floor":37.0},{"not_picked":["Accuracy","Deadly Poison+1"],"picked":"Infinite Blades+1","floor":38.0},{"not_picked":["Sucker Punch+1","Dagger Throw"],"picked":"Crippling Poison+1","floor":39.0},{"not_picked":["Dagger Spray+1","Underhanded Strike"],"picked":"Flechettes+1","floor":41.0},{"not_picked":["Sucker Punch","Slice"],"picked":"Riddle With Holes+1","floor":42.0},{"not_picked":["Well Laid Plans","Acrobatics+1"],"picked":"Distraction+1","floor":44.0},{"not_picked":["Dagger Throw","Calculated Gamble+1","Tactician+1"],"picked":"SKIP","floor":46.0},{"not_picked":["Blade Dance+1","Flying Knee+1"],"picked":"Dagger Spray+1","floor":47.0},{"not_picked":["Madness+1","Deep Breath+1"],"picked":"Violence+1","floor":48.0}],"player_experience":53576,"relics_obtained":[{"floor":7.0,"key":"Anchor"},{"floor":9.0,"key":"Happy Flower"},{"floor":17.0,"key":"MawBank"},{"floor":17.0,"key":"Toxic Egg 2"},{"floor":17.0,"key":"CaptainsWheel"},{"floor":24.0,"key":"Potion Belt"},{"floor":26.0,"key":"Bronze Scales"},{"floor":31.0,"key":"Blue Candle"},{"floor":42.0,"key":"Lizard Tail"},{"floor":43.0,"key":"Gambling Chip"}],"event_choices":[{"damage_healed":0.0,"max_hp_gain":0.0,"max_hp_loss":0.0,"gold_gain":0.0,"event_name":"World of Goop","player_choice":"Left Gold","floor":10.0,"gold_loss":39.0,"damage_taken":0.0},{"damage_healed":17.0,"max_hp_gain":0.0,"max_hp_loss":0.0,"gold_gain":0.0,"event_name":"Mushrooms","player_choice":"Healed and dodged fight","floor":13.0,"gold_loss":0.0,"damage_taken":0.0,"cards_obtained":["Parasite"]},{"damage_healed":0.0,"max_hp_gain":0.0,"max_hp_loss":0.0,"gold_gain":0.0,"event_name":"Golden Idol","player_choice":"Take Wound","floor":14.0,"gold_loss":0.0,"damage_taken":0.0,"relics_obtained":["Golden Idol"],"cards_obtained":["Injury"]},{"damage_healed":0.0,"max_hp_gain":0.0,"max_hp_loss":21.0,"gold_gain":0.0,"event_name":"Vampires","player_choice":"Became a vampire","floor":22.0,"gold_loss":0.0,"damage_taken":0.0,"cards_obtained":["Bite","Bite","Bite","Bite","Bite"]},{"damage_healed":0.0,"max_hp_gain":0.0,"max_hp_loss":25.0,"gold_gain":0.0,"event_name":"Ghosts","player_choice":"Became a Ghost","floor":28.0,"gold_loss":0.0,"damage_taken":0.0,"cards_obtained":["Ghostly","Ghostly","Ghostly","Ghostly","Ghostly"]},{"damage_healed":0.0,"max_hp_gain":0.0,"max_hp_loss":0.0,"gold_gain":0.0,"event_name":"MindBloom","player_choice":"Fight","floor":42.0,"gold_loss":0.0,"damage_taken":0.0},{"damage_healed":0.0,"max_hp_gain":0.0,"max_hp_loss":0.0,"gold_gain":0.0,"event_name":"SensoryStone","player_choice":"Memory 1","floor":48.0,"gold_loss":0.0,"damage_taken":0.0}],"is_beta":false,"boss_relics":[{"not_picked":["SlaversCollar","HoveringKite"],"picked":"Calling Bell"},{"not_picked":["Astrolabe","Fusion Hammer"],"picked":"Runic Dome"}],"items_purged_floors":[],"is_endless":false,"potions_floor_spawned":[3,5,7,8,11,18,20,21,30,33,35,37,38,44],"ascension_level":0}}