{"host":"2yqfi47fogfu1ic4","time":1609890540,"event":{"mods":["AchievementEnabler","BaseMod","Colored Map","Colored Powertips","Highlight Path","Minty Spire (QoL Compilation)","Permanent Neow","Relic Stats","StSLib"],"gold_per_floor":[116,136,150,168,168,168,208,221,301,301,314,314,68,109,109,202,202,223,223,138,138,158,158,181,181,233,49,324,199,213,213,213,309,309,333,333,358,358,26,59,74,74,74,112,112,0,0,24,24,24,24,24,24,24,63,63],"floor_reached":57,"playtime":8063,"items_purged":["Strike_G","Strike_G","Regret"],"score":2961,"play_id":"ce7bcf1f-5242-4d79-9378-6702e7744c8b","local_time":"20210106004900","is_ascension_mode":true,"campfire_choices":[{"data":"Dash","floor":10,"key":"SMITH"},{"data":"Poisoned Stab","floor":12,"key":"SMITH"},{"data":"Catalyst","floor":15,"key":"SMITH"},{"data":"Wraith Form v2","floor":23,"key":"SMITH"},{"data":"Deadly Poison","floor":25,"key":"SMITH"},{"data":"Wraith Form v2","floor":32,"key":"SMITH"},{"data":"Well Laid Plans","floor":42,"key":"SMITH"},{"data":"Catalyst","floor":45,"key":"SMITH"},{"floor":49,"key":"RECALL"},{"data":"Calculated Gamble","floor":53,"key":"SMITH"}],"circlet_count":0,"master_deck":["AscendersBane","Survivor","Neutralize","Dash+1","PiercingWail","Poisoned Stab+1","Acrobatics","Underhanded Strike+1","Backflip","Skewer+1","Catalyst+1","Dagger Spray+1","Masterful Stab+1","Deadly Poison+1","Wraith Form v2+1","Sucker Punch+1","RitualDagger+1","Backflip","Acrobatics+1","Terror","Crippling Poison","Wraith Form v2+1","Malaise+1","Calculated Gamble+1","Calculated Gamble","Underhanded Strike+1","Catalyst+1","Eviscerate+1","Cloak And Dagger","Flying Knee+1","Well Laid Plans+1","Acrobatics","Bouncing Flask+1"],"relics":["Velvet Choker","Golden Idol","Molten Egg 2","Paper Crane","Mango","Philosopher\u0027s Stone","Orichalcum","Anchor","Pandora\u0027s Box","Bag of Preparation","War Paint","Bag of Marbles","Tough Bandages","Red Mask","Art of War"],"acts_visited":["Exordium","TheCity","TheBeyond","TheEnding"],"potions_floor_usage":[14,24,44,56,56],"damage_taken":[{"damage":0.0,"enemies":"Jaw Worm","floor":1.0,"turns":4.0},{"damage":0.0,"enemies":"2 Louse","floor":2.0,"turns":3.0},{"damage":0.0,"enemies":"Cultist","floor":3.0,"turns":4.0},{"damage":0,"enemies":"Large Slime","floor":4,"turns":10},{"damage":33,"enemies":"Lagavulin","floor":7,"turns":9},{"damage":0,"enemies":"Gremlin Gang","floor":8,"turns":6},{"damage":6,"enemies":"Lots of Slimes","floor":11,"turns":5},{"damage":0,"enemies":"Gremlin Nob","floor":14,"turns":3},{"damage":0,"enemies":"The Guardian","floor":16,"turns":9},{"damage":2,"enemies":"Spheric Guardian","floor":18,"turns":4},{"damage":7,"enemies":"Chosen","floor":22,"turns":3},{"damage":10,"enemies":"Shelled Parasite and Fungi","floor":24,"turns":5},{"damage":0,"enemies":"Snecko","floor":30,"turns":3},{"damage":20,"enemies":"Champ","floor":33,"turns":11},{"damage":0,"enemies":"3 Shapes","floor":35,"turns":3},{"damage":0,"enemies":"Orb Walker","floor":37,"turns":4},{"damage":0,"enemies":"Reptomancer","floor":40,"turns":6},{"damage":0,"enemies":"Sphere and 2 Shapes","floor":41,"turns":4},{"damage":4,"enemies":"Giant Head","floor":44,"turns":8},{"damage":0,"enemies":"Jaw Worm Horde","floor":48,"turns":3},{"damage":0,"enemies":"Donu and Deca","floor":50,"turns":8},{"damage":1,"enemies":"Awakened One","floor":51,"turns":14},{"damage":0,"enemies":"Shield and Spear","floor":55,"turns":7},{"damage":27,"enemies":"The Heart","floor":56,"turns":7}],"seed_played":"4426465969398534145","potions_obtained":[{"floor":7,"key":"GamblersBrew"},{"floor":8,"key":"FearPotion"},{"floor":14,"key":"Strength Potion"},{"floor":41,"key":"Fire Potion"}],"is_trial":false,"path_per_floor":["M","M","M","M","?","?","E","M","T","R","M","R","$","E","R","B",null,"M","?","?","?","M","R","M","R","T","$","?","$","M","?","R","B",null,"M","?","M","$","$","E","M","R","T","E","R","?","?","M","R","B","B",null,"R","$","E","B",null],"character_chosen":"THE_SILENT","items_purchased":["Catalyst","Dagger Spray+1","Masterful Stab+1","Terror","Bag of Preparation","War Paint"],"campfire_rested":0,"item_purchase_floors":[13,13,13,27,39,39],"current_hp_per_floor":[59,59,59,59,59,59,26,26,26,26,20,20,20,34,34,34,64,62,56,56,45,38,38,28,28,28,28,28,28,28,28,28,8,58,58,58,58,58,58,58,58,58,58,54,54,54,54,54,54,54,53,66,66,66,66,39],"gold":63,"neow_bonus":"BOSS_RELIC","is_daily":false,"chose_seed":false,"campfire_upgraded":9,"win_rate":0.0,"timestamp":1609890540,"path_taken":["M","M","M","M","?","?","E","M","T","R","M","R","$","E","R","BOSS","M","?","?","?","M","R","?","R","T","$","?","$","?","?","R","BOSS","M","?","M","?","$","E","?","R","T","E","R","?","?","M","R","BOSS","BOSS","R","$","E","BOSS"],"items_purchased_type":["Card","Card","Card","Card","Relic","Relic"],"build_version":"2020-12-22","purchased_purges":3,"victory":true,"max_hp_per_floor":[66,66,66,66,60,60,60,60,60,60,60,60,60,74,74,74,74,74,74,74,74,74,74,74,74,74,74,74,74,74,74,74,74,74,74,70,70,70,70,70,70,70,70,70,70,70,70,70,70,70,70,70,70,70,70,70],"relic_stats":{"Tough Bandages":[192],"counters":[24,143],"Golden Idol":174,"Pandora\u0027s Box":["Venomology","Calculated Gamble","Calculated Gamble","Underhanded Strike","Catalyst","Eviscerate","Cloak And Dagger","Flying Knee"],"Bag of Preparation":[16],"Art of War":[3],"Orichalcum":[168],"War Paint":["Malaise","Acrobatics"],"obtain_stats":[{"Golden Idol":5,"Velvet Choker":0,"Mango":14,"Bag of Preparation":39,"Paper Crane":9,"Orichalcum":20,"War Paint":39,"Anchor":26,"Tough Bandages":44,"Molten Egg 2":7,"Philosopher\u0027s Stone":17,"Pandora\u0027s Box":34,"Bag of Marbles":40,"Red Mask":46,"Art of War":55,"Ring of the Snake":0},{"Golden Idol":4,"Velvet Choker":0,"Mango":8,"Bag of Preparation":16,"Paper Crane":6,"Orichalcum":10,"War Paint":16,"Anchor":12,"Tough Bandages":19,"Molten Egg 2":5,"Philosopher\u0027s Stone":9,"Pandora\u0027s Box":14,"Bag of Marbles":17,"Red Mask":19,"Art of War":23,"Ring of the Snake":0},{"Golden Idol":21,"Velvet Choker":0,"Mango":44,"Bag of Preparation":86,"Paper Crane":36,"Orichalcum":57,"War Paint":86,"Anchor":65,"Tough Bandages":104,"Molten Egg 2":30,"Philosopher\u0027s Stone":53,"Pandora\u0027s Box":79,"Bag of Marbles":92,"Red Mask":104,"Art of War":136,"Ring of the Snake":0}]},"card_choices":[{"not_picked":["Blade Dance","Prepared"],"picked":"Dash","floor":1.0},{"not_picked":["Deflect","Caltrops"],"picked":"PiercingWail","floor":2.0},{"not_picked":["Calculated Gamble","Dodge and Roll","Deflect"],"picked":"SKIP","floor":3.0},{"not_picked":["Calculated Gamble","Dodge and Roll","Deflect"],"picked":"SKIP","floor":3.0},{"not_picked":["A Thousand Cuts","Heel Hook"],"picked":"Poisoned Stab","floor":4},{"not_picked":["Tactician","Bane+1"],"picked":"Underhanded Strike+1","floor":7},{"not_picked":["Acrobatics","Prepared"],"picked":"Backflip","floor":8},{"not_picked":["Tactician","Cloak And Dagger"],"picked":"Skewer+1","floor":11},{"not_picked":["Caltrops","Underhanded Strike+1"],"picked":"Deadly Poison","floor":14},{"not_picked":["Night Terror","Adrenaline"],"picked":"Wraith Form v2","floor":16},{"not_picked":["Underhanded Strike+1","Calculated Gamble"],"picked":"Sucker Punch+1","floor":18},{"not_picked":["Unload+1","Cloak And Dagger"],"picked":"Backflip","floor":22},{"not_picked":["Outmaneuver","Deadly Poison"],"picked":"Acrobatics","floor":24},{"not_picked":["Quick Slash+1","Poisoned Stab+1"],"picked":"Crippling Poison","floor":30},{"not_picked":["Doppelganger","Unload+1"],"picked":"Malaise","floor":33},{"not_picked":["Catalyst","Backflip"],"picked":"Well Laid Plans","floor":35},{"not_picked":["Sucker Punch+1","Blade Dance","Concentrate"],"picked":"SKIP","floor":37},{"not_picked":["Riddle With Holes+1","Terror"],"picked":"Acrobatics","floor":40},{"not_picked":["Caltrops","Deflect","Slice+1"],"picked":"SKIP","floor":41},{"not_picked":["Quick Slash+1","Crippling Poison","Flechettes+1"],"picked":"SKIP","floor":44},{"not_picked":["Predator+1","Outmaneuver+1","Cloak And Dagger"],"picked":"SKIP","floor":48},{"not_picked":["Footwork","Underhanded Strike+1"],"picked":"Bouncing Flask+1","floor":55}],"player_experience":2083211,"relics_obtained":[{"floor":7,"key":"Molten Egg 2"},{"floor":9,"key":"Paper Crane"},{"floor":14,"key":"Mango"},{"floor":26,"key":"Anchor"},{"floor":40,"key":"Bag of Marbles"},{"floor":44,"key":"Tough Bandages"},{"floor":55,"key":"Art of War"}],"event_choices":[{"damage_healed":0,"gold_gain":0,"player_choice":"Lose Max HP","damage_taken":0,"relics_obtained":["Golden Idol"],"max_hp_gain":0,"max_hp_loss":6,"event_name":"Golden Idol","floor":5,"gold_loss":0},{"damage_healed":0,"gold_gain":0,"player_choice":"1 cards matched","damage_taken":0,"max_hp_gain":0,"max_hp_loss":0,"event_name":"Match and Keep!","floor":6,"gold_loss":0,"cards_obtained":["Acrobatics"]},{"damage_healed":0,"gold_gain":0,"player_choice":"Joined the Cult","damage_taken":6,"max_hp_gain":0,"max_hp_loss":0,"event_name":"Nest","floor":19,"gold_loss":0,"cards_obtained":["RitualDagger"]},{"damage_healed":0,"gold_gain":0,"player_choice":"Obtained Relic","damage_taken":0,"relics_obtained":["Orichalcum"],"max_hp_gain":0,"max_hp_loss":0,"event_name":"Addict","floor":20,"gold_loss":85},{"damage_healed":0,"gold_gain":0,"player_choice":"Damaged","damage_taken":11,"max_hp_gain":0,"max_hp_loss":0,"event_name":"Wheel of Change","floor":21,"gold_loss":0},{"damage_healed":0,"gold_gain":275,"player_choice":"Desecrate","damage_taken":0,"max_hp_gain":0,"max_hp_loss":0,"event_name":"Golden Shrine","floor":28,"gold_loss":0,"cards_obtained":["Regret"]},{"damage_healed":0,"gold_gain":0,"player_choice":"Read","damage_taken":0,"max_hp_gain":0,"max_hp_loss":0,"event_name":"The Library","floor":31,"gold_loss":0,"cards_obtained":["Wraith Form v2"]},{"damage_healed":0,"gold_gain":0,"player_choice":"Max HP","damage_taken":0,"max_hp_gain":0,"max_hp_loss":4,"event_name":"Winding Halls","floor":36,"gold_loss":0},{"damage_healed":0,"gold_gain":0,"player_choice":"Paid","damage_taken":0,"relics_obtained":["Red Mask"],"max_hp_gain":0,"max_hp_loss":0,"event_name":"Tomb of Lord Red Mask","floor":46,"gold_loss":112},{"cards_removed":["Venomology"],"damage_healed":0,"gold_gain":0,"player_choice":"Removed Skill","damage_taken":0,"max_hp_gain":0,"max_hp_loss":0,"event_name":"Falling","floor":47,"gold_loss":0}],"is_beta":false,"boss_relics":[{"not_picked":["Cursed Key","Busted Crown"],"picked":"Philosopher\u0027s Stone"},{"not_picked":["Tiny House","Sozu"],"picked":"Pandora\u0027s Box"}],"items_purged_floors":[13,27,29],"is_endless":false,"potions_floor_spawned":[7,8,11,14,18,22,40,41,44],"ascension_level":20}}