{"host":"Ceyx","time":1609822600,"event":{"mods":["BaseMod","Beaked The Cultist","BetterRewards","Conspire","Downfall","Hermit","Lobotomy","Minty Spire (QoL Compilation)","Shop Mod","StSLib","The Jungle","The Poker Player"],"gold_per_floor":[110,129,129,129,139,139,64,92,146,146,162,437,454,354,354,460,460,479,479,504,520,223,257,257,292,292,292,302,302,322,345,345,345,345],"floor_reached":33,"playtime":2600,"items_purged":["hermit:Defend_Hermit"],"score":287,"play_id":"ed8924c2-6c37-407a-b358-acf8eb7f5083","local_time":"20210105115640","is_ascension_mode":false,"campfire_choices":[{"data":"hermit:Manifest","floor":6.0,"key":"SMITH"},{"data":"hermit:Covet","floor":10.0,"key":"SMITH"},{"data":"Ghostly","floor":15.0,"key":"SMITH"},{"floor":24,"key":"REST"},{"floor":29,"key":"REST"},{"floor":32,"key":"REST"}],"circlet_count":0,"master_deck":["hermit:Strike_Hermit","hermit:Strike_Hermit","hermit:Strike_Hermit","hermit:Strike_Hermit","hermit:Defend_Hermit","hermit:Defend_Hermit","hermit:Defend_Hermit","hermit:Snapshot","hermit:Covet+1","hermit:Manifest+1","hermit:Ricochet","Regret","hermit:BigShot","hermit:Scavenge","hermit:Ricochet","Regret","hermit:Snipe","Ghostly+1","hermit:FinalCanter","hermit:BodyArmor","Slimebound:CheckThePlaybook","Slimebound:Icky","hermit:Dive+1","hermit:TrackingShot+1","hermit:RoundhouseKick","hermit:Showdown","hermit:Snapshot","hermit:Enervate","hermit:Gambit","hermit:Grudge","hermit:EyeOfTheStorm","hermit:Roulette+1"],"relics":["hermit:Momento","Strawberry","conspire:InfiniteJournal","Oddly Smooth Stone","SlaversCollar","Membership Card","Bag of Preparation","conspire:TopHat","Lantern","Frozen Egg 2","Dream Catcher"],"acts_visited":["Exordium","TheCity"],"potions_floor_usage":[25,30,31,33],"damage_taken":[{"damage":2.0,"enemies":"2 Louse","floor":1.0,"turns":3.0},{"damage":1.0,"enemies":"Cultist","floor":2.0,"turns":5.0},{"damage":0.0,"enemies":"Small Slimes","floor":5.0,"turns":3.0},{"damage":34.0,"enemies":"3 Sentries","floor":8.0,"turns":9.0},{"damage":0.0,"enemies":"Exordium Thugs","floor":11.0,"turns":4.0},{"damage":11.0,"enemies":"3 Louse","floor":13.0,"turns":3.0},{"damage":13.0,"enemies":"The Guardian","floor":16.0,"turns":13.0},{"damage":10.0,"enemies":"3 Byrds","floor":18.0,"turns":6.0},{"damage":5.0,"enemies":"2 Thieves","floor":20.0,"turns":4.0},{"damage":21.0,"enemies":"Snake Plant","floor":21.0,"turns":4.0},{"damage":51,"enemies":"Book of Stabbing","floor":23,"turns":6},{"damage":7,"enemies":"Gremlin Leader","floor":25,"turns":4},{"damage":20,"enemies":"Sentry and Sphere","floor":28,"turns":4},{"damage":5,"enemies":"Shelled Parasite and Fungi","floor":30,"turns":3},{"damage":4,"enemies":"Cultist and Chosen","floor":31,"turns":4},{"damage":56,"enemies":"Collector","floor":33,"turns":5}],"seed_played":"-840176346761397619","potions_obtained":[{"floor":1.0,"key":"hexamod:EctoCoolerPotion"},{"floor":11.0,"key":"hermit:Eclipse"},{"floor":16.0,"key":"FearPotion"},{"floor":23,"key":"hermit:BlackBile"},{"floor":25,"key":"FearPotion"},{"floor":30,"key":"Block Potion"},{"floor":31,"key":"FearPotion"}],"is_trial":false,"path_per_floor":["M","M","?","?","M","R","$","E","T","R","M","?","M","?","R","B",null,"M","?","M","M","$","E","R","E","T","?","M","R","M","M","R","B"],"character_chosen":"HERMIT","items_purchased":["Membership Card","Bag of Preparation","conspire:TopHat"],"campfire_rested":3,"item_purchase_floors":[22,22,22],"current_hp_per_floor":[80,79,86,86,86,86,86,52,52,52,52,52,41,41,41,28,89,79,79,74,53,53,2,28,21,21,21,1,27,22,18,44,0,0],"gold":345,"neow_bonus":"TEN_PERCENT_HP_BONUS","is_daily":false,"chose_seed":false,"campfire_upgraded":3,"win_rate":0.0,"timestamp":1609822600,"path_taken":["M","M","?","?","?","R","?","E","T","R","M","?","?","?","R","BOSS","M","?","M","M","$","E","R","E","T","?","M","R","M","?","R","BOSS"],"items_purchased_type":["Relic","Relic","Relic"],"build_version":"2020-12-18","purchased_purges":1,"victory":false,"max_hp_per_floor":[82,82,89,89,89,89,89,89,89,89,89,89,89,89,89,89,89,89,89,89,89,89,89,89,89,89,89,89,89,89,89,89,89,89],"card_choices":[{"not_picked":["hermit:LuckOfTheDraw","hermit:HoleUp"],"picked":"hermit:Manifest","floor":1.0},{"not_picked":["hermit:WideOpen","hermit:Gestalt"],"picked":"hermit:Ricochet","floor":2.0},{"not_picked":["hermit:Glare","hermit:PistolWhip"],"picked":"hermit:BigShot","floor":5.0},{"not_picked":["hermit:NoHoldsBarred","hermit:HighCaliber"],"picked":"hermit:Scavenge","floor":8.0},{"not_picked":["hermit:HoleUp","hermit:LowProfile"],"picked":"hermit:Ricochet","floor":11.0},{"not_picked":["hermit:Headshot","hermit:PistolWhip"],"picked":"hermit:Snipe","floor":13.0},{"not_picked":["hermit:FromBeyond","hermit:Dissolve"],"picked":"hermit:FinalCanter","floor":16.0},{"not_picked":["hermit:Coalescence","hermit:LuckOfTheDraw"],"picked":"hermit:BodyArmor","floor":18.0},{"not_picked":["hermit:ItchyTrigger","hermit:Desperado"],"picked":"hermit:Dive+1","floor":20.0},{"not_picked":["hermit:Feint","hermit:Misfire"],"picked":"hermit:TrackingShot+1","floor":21.0},{"not_picked":["hermit:Desperado","hermit:Glare+1"],"picked":"hermit:RoundhouseKick","floor":23},{"not_picked":["hermit:SprayPray","hermit:Cheat"],"picked":"hermit:Showdown","floor":25},{"not_picked":["hermit:Showdown","hermit:CalledShot"],"picked":"hermit:Enervate","floor":28},{"not_picked":["hermit:LowProfile","hermit:Horror"],"picked":"hermit:Gambit","floor":29},{"not_picked":["hermit:CursedWeapon+1","hermit:Dive"],"picked":"hermit:Grudge","floor":30},{"not_picked":["hermit:LowProfile","hermit:GoldenBullet"],"picked":"hermit:EyeOfTheStorm","floor":31},{"not_picked":["hermit:Snipe","hermit:LowProfile"],"picked":"hermit:Roulette+1","floor":32}],"player_experience":516143,"relics_obtained":[{"floor":8.0,"key":"Oddly Smooth Stone"},{"floor":23,"key":"Lantern"},{"floor":25,"key":"Frozen Egg 2"},{"floor":26,"key":"Dream Catcher"}],"event_choices":[{"damage_healed":0.0,"max_hp_gain":0.0,"max_hp_loss":0.0,"gold_gain":0.0,"event_name":"Big Fish","player_choice":"Box","floor":3.0,"gold_loss":0.0,"damage_taken":0.0,"relics_obtained":["Strawberry"],"cards_obtained":["Regret"]},{"damage_healed":0.0,"max_hp_gain":0.0,"max_hp_loss":0.0,"gold_gain":0.0,"event_name":"WeMeetAgain","player_choice":"Gave Potion","floor":4.0,"gold_loss":0.0,"damage_taken":0.0,"relics_obtained":["conspire:InfiniteJournal"]},{"damage_healed":0.0,"max_hp_gain":0.0,"max_hp_loss":0.0,"gold_gain":275.0,"event_name":"Golden Shrine","player_choice":"Desecrate","floor":12.0,"gold_loss":0.0,"damage_taken":0.0,"cards_obtained":["Regret"]},{"damage_healed":0.0,"max_hp_gain":0.0,"max_hp_loss":0.0,"gold_gain":0.0,"event_name":"conspire:LoneGhost","player_choice":"Argue","floor":14.0,"gold_loss":0.0,"damage_taken":0.0},{"damage_healed":0,"gold_gain":0,"player_choice":"Copied","damage_taken":0,"max_hp_gain":0,"max_hp_loss":0,"event_name":"Duplicator","floor":27,"gold_loss":0,"cards_obtained":["hermit:Snapshot"]}],"is_beta":true,"boss_relics":[{"not_picked":["conspire:RoyalGoblet","Astrolabe"],"picked":"SlaversCollar"}],"items_purged_floors":[7],"is_endless":false,"potions_floor_spawned":[1,11,16,23,25,30,31],"killed_by":"Collector","ascension_level":0}}