{"host":"ywrl54yaurj31tya","time":1609889273,"event":{"mods":["AchievementEnabler","BaseMod","Colored Map","Keyboard Shortcuts","Minty Spire (QoL Compilation)","Quick Restart","Rare Cards Sparkle","StSLib","SuperFastMode","everything is the same but u backflip on backflip"],"gold_per_floor":[109,69,69,69,81,116,132,132,158,189,201,230,259,115,115,189,189,208,108,127,2,0,0,19,19,46,78,128,145,171,171,171,248,248,267,277,277,127,142,142,142,142,195,208,218,218,42,42,42,42],"floor_reached":51,"playtime":1170,"items_purged":["Strike_P","Alpha","MasterReality","BowlingBash"],"score":1599,"play_id":"2feda62f-57f4-41ec-8502-3a1a7ace1fe1","local_time":"20210106082753","is_ascension_mode":true,"campfire_choices":[{"data":"Eruption","floor":8,"key":"SMITH"},{"data":"CrushJoints","floor":11,"key":"SMITH"},{"data":"Tantrum","floor":15,"key":"SMITH"},{"data":"MentalFortress","floor":23,"key":"SMITH"},{"data":"Scrawl","floor":25,"key":"SMITH"},{"floor":32,"key":"REST"},{"data":"FlurryOfBlows","floor":40,"key":"SMITH"},{"data":"Crescendo","floor":42,"key":"SMITH"},{"data":"Wallop","floor":46,"key":"SMITH"},{"data":"WheelKick","floor":49,"key":"SMITH"}],"circlet_count":0,"master_deck":["AscendersBane","Eruption+1","Vigilance","InnerPeace+1","FearNoEvil","EmptyFist","CrushJoints+1","Wallop+1","Crescendo+1","Tantrum+1","MentalFortress+1","Sanctity","Scrawl+1","FlurryOfBlows+1","WheelKick+1","Bandage Up"],"relics":["PureWater","NeowsBlessing","Blood Vial","Strawberry","MawBank","Pandora\u0027s Box","TeardropLocket","Gambling Chip","Matryoshka","Sozu","MealTicket","Pen Nib"],"acts_visited":["Exordium","TheCity","TheBeyond"],"potions_floor_usage":[10,27,33,50],"damage_taken":[{"damage":0,"enemies":"2 Louse","floor":1,"turns":1},{"damage":0,"enemies":"Small Slimes","floor":5,"turns":1},{"damage":0,"enemies":"Lagavulin","floor":6,"turns":1},{"damage":0,"enemies":"Cultist","floor":7,"turns":2},{"damage":20,"enemies":"3 Sentries","floor":10,"turns":8},{"damage":11,"enemies":"Blue Slaver","floor":12,"turns":2},{"damage":6,"enemies":"2 Fungi Beasts","floor":13,"turns":2},{"damage":0,"enemies":"Slime Boss","floor":16,"turns":3},{"damage":0,"enemies":"Spheric Guardian","floor":18,"turns":1},{"damage":18,"enemies":"3 Byrds","floor":20,"turns":4},{"damage":14,"enemies":"Centurion and Healer","floor":24,"turns":4},{"damage":0,"enemies":"Gremlin Leader","floor":27,"turns":3},{"damage":0,"enemies":"Cultist and Chosen","floor":29,"turns":2},{"damage":14,"enemies":"Book of Stabbing","floor":30,"turns":3},{"damage":28,"enemies":"Collector","floor":33,"turns":5},{"damage":0,"enemies":"Orb Walker","floor":35,"turns":1},{"damage":3,"enemies":"3 Darklings","floor":36,"turns":3},{"damage":4,"enemies":"Sphere and 2 Shapes","floor":39,"turns":4},{"damage":22,"enemies":"4 Shapes","floor":44,"turns":4},{"damage":0,"enemies":"Jaw Worm Horde","floor":45,"turns":2},{"damage":42,"enemies":"Donu and Deca","floor":50,"turns":7}],"seed_played":"350886429728856450","potions_obtained":[{"floor":6,"key":"Block Potion"},{"floor":10,"key":"SkillPotion"},{"floor":12,"key":"SteroidPotion"},{"floor":20,"key":"GamblersBrew"},{"floor":33,"key":"BottledMiracle"}],"is_trial":false,"path_per_floor":["M","$","?","?","M","E","M","R","T","E","R","M","M","$","R","B",null,"M","$","M","$","?","R","M","R","T","E","?","M","E","T","R","B",null,"M","M","?","$","M","R","?","R","T","M","M","R","$","?","R","B",null],"character_chosen":"WATCHER","items_purchased":["InnerPeace","Tantrum","WheelKick","Bandage Up"],"campfire_rested":1,"item_purchase_floors":[2,14,47,47],"current_hp_per_floor":[61,61,41,41,41,41,43,43,50,32,32,23,19,19,19,21,62,64,64,48,48,48,48,36,36,36,38,38,40,28,28,50,24,62,64,63,63,63,61,61,61,61,61,41,43,43,58,58,58,22],"gold":42,"neow_bonus":"THREE_ENEMY_KILL","is_daily":false,"chose_seed":false,"campfire_upgraded":9,"win_rate":0.0,"timestamp":1609889273,"path_taken":["M","$","?","?","M","E","M","R","T","E","R","M","M","$","R","BOSS","M","$","M","$","?","R","M","R","T","E","?","M","E","?","R","BOSS","M","M","?","$","M","R","?","R","T","M","M","R","$","?","R","BOSS"],"items_purchased_type":["Card","Card","Card","Card"],"build_version":"2020-12-22","purchased_purges":4,"victory":true,"max_hp_per_floor":[68,68,68,68,68,68,68,68,75,75,75,75,75,75,75,75,75,75,75,75,75,75,75,75,75,75,75,75,75,75,75,75,75,75,75,75,75,75,75,75,75,75,75,75,75,75,75,75,75,75],"card_choices":[{"not_picked":["EmptyBody","Weave","ClearTheMind"],"picked":"SKIP","floor":1},{"not_picked":["Halt","SandsOfTime"],"picked":"FearNoEvil","floor":5},{"not_picked":["SashWhip","JustLucky"],"picked":"EmptyFist","floor":6},{"not_picked":["Vengeance","DevaForm"],"picked":"BowlingBash","floor":7},{"not_picked":["Meditate","FlurryOfBlows"],"picked":"CrushJoints","floor":10},{"not_picked":["FlurryOfBlows","ThirdEye"],"picked":"Wallop","floor":12},{"not_picked":["Study","EmptyFist"],"picked":"Crescendo","floor":13},{"not_picked":["Wireheading","SignatureMove","FlyingSleeves+1"],"picked":"SKIP","floor":18},{"not_picked":["FearNoEvil","EmptyFist","BowlingBash"],"picked":"SKIP","floor":20},{"not_picked":["SashWhip","Perseverance","EmptyFist"],"picked":"SKIP","floor":24},{"not_picked":["Nirvana","FollowUp+1","WheelKick"],"picked":"SKIP","floor":27},{"not_picked":["InnerPeace","FlurryOfBlows","Nirvana"],"picked":"SKIP","floor":29},{"not_picked":["InnerPeace","Nirvana"],"picked":"FlurryOfBlows","floor":29},{"not_picked":["Wish","Halt","Perseverance"],"picked":"SKIP","floor":30},{"not_picked":["CutThroughFate","SignatureMove+1","FollowUp"],"picked":"SKIP","floor":35},{"not_picked":["InnerPeace","Consecrate","ThirdEye+1"],"picked":"SKIP","floor":36},{"not_picked":["WaveOfTheHand","BowlingBash","Conclude+1"],"picked":"SKIP","floor":39},{"not_picked":["EmptyBody","Sanctity","Halt"],"picked":"SKIP","floor":44},{"not_picked":["ClearTheMind+1","InnerPeace","Indignation"],"picked":"SKIP","floor":45}],"player_experience":584675,"relics_obtained":[{"floor":6,"key":"Blood Vial"},{"floor":9,"key":"Strawberry"},{"floor":10,"key":"MawBank"},{"floor":27,"key":"TeardropLocket"},{"floor":30,"key":"Gambling Chip"},{"floor":31,"key":"Matryoshka"},{"floor":43,"key":"MealTicket"},{"floor":43,"key":"Pen Nib"}],"event_choices":[{"damage_healed":0,"gold_gain":0,"player_choice":"Entered Light","damage_taken":20,"max_hp_gain":0,"max_hp_loss":0,"event_name":"Shining Light","floor":3,"gold_loss":0,"cards_upgraded":["InnerPeace","Defend_P"]},{"cards_removed":["Defend_P"],"damage_healed":0,"gold_gain":0,"player_choice":"Card Removal","damage_taken":0,"max_hp_gain":0,"max_hp_loss":0,"event_name":"Wheel of Change","floor":4,"gold_loss":0},{"damage_healed":0,"gold_gain":0,"player_choice":"Paid Fearfully","damage_taken":0,"max_hp_gain":0,"max_hp_loss":0,"event_name":"Masked Bandits","floor":22,"gold_loss":2},{"damage_healed":0,"gold_gain":50,"player_choice":"Stole From Cult","damage_taken":0,"max_hp_gain":0,"max_hp_loss":0,"event_name":"Nest","floor":28,"gold_loss":0},{"cards_removed":["Evaluate"],"damage_healed":0,"gold_gain":0,"player_choice":"Removed Skill","damage_taken":0,"max_hp_gain":0,"max_hp_loss":0,"event_name":"Falling","floor":37,"gold_loss":0},{"damage_healed":0,"gold_gain":0,"player_choice":"Ignored","damage_taken":0,"max_hp_gain":0,"max_hp_loss":0,"event_name":"Tomb of Lord Red Mask","floor":41,"gold_loss":0},{"damage_healed":0,"gold_gain":0,"player_choice":"Ignored","damage_taken":0,"max_hp_gain":0,"max_hp_loss":0,"event_name":"Mysterious Sphere","floor":48,"gold_loss":0}],"is_beta":false,"boss_relics":[{"not_picked":["Tiny House","SacredBark"],"picked":"Pandora\u0027s Box"},{"not_picked":["Black Star","Empty Cage"],"picked":"Sozu"}],"items_purged_floors":[14,19,21,38],"is_endless":false,"potions_floor_spawned":[6,10,12,20,33,35,39],"ascension_level":19}}