{"host":"bux1pdxjwq4dkad9","time":1609834374,"event":{"mods":["BaseMod","Colored Map","Minty Spire (QoL Compilation)","Quick Restart","Spicy Shops","StSLib","SuperFastMode","°æ“≈ŒÔMod°øºÚµ•”Œœ∑"],"gold_per_floor":[115,40,40,40,56,56,88,98,98,114,124,124,153,165,165,239,239,259,259,277,290,210,239,239,270,270,295,295,314,314,314,314,387,387,402,352,352,76,87,121,121,131,131,131,165,165,194,208,208,208,208,208,208,158,192,192],"floor_reached":57,"playtime":1476,"items_purged":["Strike_G","Strike_G","Storm of Steel","Bouncing Flask","Survivor"],"score":3716,"play_id":"383b2f73-7d6e-4207-830b-28b23c3ae4aa","local_time":"20210105161254","is_ascension_mode":true,"campfire_choices":[{"data":"Eviscerate","floor":6.0,"key":"SMITH"},{"data":"Prepared","floor":12.0,"key":"SMITH"},{"data":"Neutralize","floor":15.0,"key":"SMITH"},{"floor":24.0,"key":"RECALL"},{"data":"After Image","floor":28.0,"key":"SMITH"},{"data":"Terror","floor":32.0,"key":"SMITH"},{"data":"Noxious Fumes","floor":41,"key":"SMITH"},{"data":"Bouncing Flask","floor":44,"key":"SMITH"},{"data":"1","floor":49,"key":"LIFT"},{"data":"2","floor":53,"key":"LIFT"}],"circlet_count":0,"master_deck":["AscendersBane","Neutralize+1","Eviscerate+1","Prepared+1","After Image+1","Terror+1","Calculated Gamble","Venomology","Blade Dance","Bouncing Flask+1","Noxious Fumes+1","Deflect","Grand Finale+1","Madness","Madness","Adrenaline"],"relics":["Ring of the Snake","ImprovedEquipment","Incense Burner","The Courier","Mercury Hourglass","Lantern","Philosopher\u0027s Stone","Smiling Mask","Prayer Wheel","Happy Flower","Pandora\u0027s Box","Sundial","Whetstone","Letter Opener","Gremlin Horn","Girya","Centennial Puzzle"],"acts_visited":["Exordium","TheCity","TheBeyond","TheEnding"],"potions_floor_usage":[42,45,48,55,56,56,56,56],"damage_taken":[{"damage":0.0,"enemies":"2 Louse","floor":1.0,"turns":2.0},{"damage":0.0,"enemies":"Small Slimes","floor":5.0,"turns":3.0},{"damage":0.0,"enemies":"Gremlin Nob","floor":7.0,"turns":4.0},{"damage":0.0,"enemies":"Jaw Worm","floor":8.0,"turns":2.0},{"damage":0.0,"enemies":"Exordium Thugs","floor":10.0,"turns":2.0},{"damage":0.0,"enemies":"Blue Slaver","floor":11.0,"turns":2.0},{"damage":0.0,"enemies":"Lagavulin","floor":13.0,"turns":2.0},{"damage":0.0,"enemies":"3 Louse","floor":14.0,"turns":2.0},{"damage":0.0,"enemies":"Slime Boss","floor":16.0,"turns":6.0},{"damage":0.0,"enemies":"3 Byrds","floor":18.0,"turns":1.0},{"damage":0.0,"enemies":"2 Thieves","floor":20.0,"turns":1.0},{"damage":0.0,"enemies":"Centurion and Healer","floor":21.0,"turns":2.0},{"damage":0.0,"enemies":"Slavers","floor":23.0,"turns":1.0},{"damage":0.0,"enemies":"Gremlin Leader","floor":25.0,"turns":1.0},{"damage":0.0,"enemies":"Slavers","floor":27.0,"turns":1.0},{"damage":0.0,"enemies":"Snecko","floor":29.0,"turns":1.0},{"damage":0.0,"enemies":"Collector","floor":33.0,"turns":1.0},{"damage":0.0,"enemies":"3 Shapes","floor":35.0,"turns":1.0},{"damage":0.0,"enemies":"Orb Walker","floor":39.0,"turns":1.0},{"damage":0.0,"enemies":"Giant Head","floor":40.0,"turns":1.0},{"damage":0,"enemies":"Transient","floor":42,"turns":1},{"damage":0,"enemies":"Nemesis","floor":45,"turns":1},{"damage":0,"enemies":"Reptomancer","floor":47,"turns":1},{"damage":0,"enemies":"4 Shapes","floor":48,"turns":1},{"damage":0,"enemies":"Donu and Deca","floor":50,"turns":1},{"damage":0,"enemies":"Time Eater","floor":51,"turns":1},{"damage":0,"enemies":"Shield and Spear","floor":55,"turns":1},{"damage":0,"enemies":"The Heart","floor":56,"turns":3}],"seed_played":"-247637074331263518","potions_obtained":[{"floor":1.0,"key":"Fire Potion"},{"floor":5.0,"key":"Poison Potion"},{"floor":8.0,"key":"EntropicBrew"},{"floor":18.0,"key":"LiquidMemories"}],"is_trial":false,"path_per_floor":["M","$","?","?","M","R","E","M","T","M","M","R","E","M","R","B",null,"M","?","M","M","$","E","R","E","T","E","R","M","?","?","R","B",null,"M","$","?","$","M","E","R","M","T","R","E","?","E","M","R","B","B",null,"R","$","E","B",null],"character_chosen":"THE_SILENT","items_purchased":["Sundial"],"campfire_rested":0,"item_purchase_floors":[38],"current_hp_per_floor":[59,59,48,53,53,53,53,53,53,53,53,53,53,53,53,53,67,67,67,67,67,67,67,67,67,67,67,67,67,67,67,67,67,70,70,70,70,70,70,70,70,70,70,70,70,57,57,57,57,57,57,68,68,68,68,68],"gold":192,"neow_bonus":"THREE_CARDS","is_daily":false,"chose_seed":false,"campfire_upgraded":7,"win_rate":0.0,"timestamp":1609834374,"path_taken":["M","$","?","?","M","R","E","M","T","M","M","R","E","M","R","BOSS","M","?","M","M","$","E","R","E","T","E","R","M","?","?","R","BOSS","M","$","?","$","M","E","R","M","T","R","E","?","E","M","R","BOSS","BOSS","R","$","E","BOSS"],"items_purchased_type":["Relic"],"build_version":"2020-12-22","purchased_purges":5,"victory":true,"max_hp_per_floor":[66,66,66,71,71,71,71,71,71,71,71,71,71,71,71,71,71,71,71,71,71,71,71,71,71,71,71,71,71,71,71,71,71,71,71,71,71,71,71,71,71,71,71,71,71,71,71,71,71,71,71,71,71,71,71,71],"card_choices":[{"not_picked":["Heel Hook","Blade Dance"],"picked":"Eviscerate","floor":0.0},{"not_picked":["Caltrops","Skewer","Outmaneuver"],"picked":"SKIP","floor":1.0},{"not_picked":["Blade Dance","Flechettes"],"picked":"Prepared","floor":5.0},{"not_picked":["Sucker Punch","Bane","Prepared"],"picked":"SKIP","floor":7.0},{"not_picked":["Predator","Poisoned Stab","Well Laid Plans"],"picked":"SKIP","floor":8.0},{"not_picked":["Backstab","Caltrops","Acrobatics"],"picked":"SKIP","floor":10.0},{"not_picked":["Leg Sweep","Cloak And Dagger","Deflect"],"picked":"SKIP","floor":11.0},{"not_picked":["Setup","Deadly Poison","Dodge and Roll"],"picked":"SKIP","floor":13.0},{"not_picked":["Crippling Poison","PiercingWail","Sucker Punch"],"picked":"SKIP","floor":14.0},{"not_picked":["Storm of Steel","Malaise"],"picked":"After Image","floor":16.0},{"not_picked":["Heel Hook+1","Skewer","Deflect"],"picked":"SKIP","floor":18.0},{"not_picked":["Escape Plan","Sucker Punch","Setup+1"],"picked":"SKIP","floor":20.0},{"not_picked":["Bane","Blur"],"picked":"Calculated Gamble","floor":21.0},{"not_picked":["Prepared","Infinite Blades","Deflect"],"picked":"SKIP","floor":23.0},{"not_picked":["Deadly Poison","Underhanded Strike","Doppelganger"],"picked":"SKIP","floor":25.0},{"not_picked":["Eviscerate","Infinite Blades","Endless Agony"],"picked":"SKIP","floor":27.0},{"not_picked":["Choke","Terror","Blade Dance"],"picked":"SKIP","floor":29.0},{"not_picked":["Acrobatics","Slice","Deflect"],"picked":"SKIP","floor":29.0},{"not_picked":["PiercingWail","Underhanded Strike","Acrobatics"],"picked":"SKIP","floor":35.0},{"not_picked":["Dagger Spray","Flechettes","Backstab+1"],"picked":"SKIP","floor":35.0},{"not_picked":["Skewer","Dagger Throw","Dagger Spray+1"],"picked":"SKIP","floor":39.0},{"not_picked":["Predator","Bane","Outmaneuver"],"picked":"SKIP","floor":39.0},{"not_picked":["Backstab","PiercingWail"],"picked":"Grand Finale","floor":40},{"not_picked":["Leg Sweep","Expertise","Caltrops"],"picked":"SKIP","floor":42},{"not_picked":["Outmaneuver","Slice+1","Deflect"],"picked":"SKIP","floor":42},{"not_picked":["Leg Sweep","Escape Plan","Eviscerate+1"],"picked":"SKIP","floor":45},{"not_picked":["Underhanded Strike","Grand Finale","Predator"],"picked":"SKIP","floor":47},{"not_picked":["Flechettes","Flying Knee+1","Noxious Fumes"],"picked":"SKIP","floor":48},{"not_picked":["Riddle With Holes","Slice","Quick Slash"],"picked":"SKIP","floor":48},{"not_picked":["A Thousand Cuts","Deadly Poison"],"picked":"Adrenaline","floor":55}],"player_experience":2342881,"relics_obtained":[{"floor":7.0,"key":"The Courier"},{"floor":9.0,"key":"Mercury Hourglass"},{"floor":13.0,"key":"Lantern"},{"floor":23.0,"key":"Smiling Mask"},{"floor":25.0,"key":"Prayer Wheel"},{"floor":27.0,"key":"Happy Flower"},{"floor":40,"key":"Whetstone"},{"floor":43,"key":"Letter Opener"},{"floor":45,"key":"Gremlin Horn"},{"floor":47,"key":"Girya"},{"floor":55,"key":"Centennial Puzzle"}],"event_choices":[{"damage_healed":0.0,"max_hp_gain":0.0,"max_hp_loss":0.0,"gold_gain":0.0,"event_name":"Scrap Ooze","player_choice":"Success","floor":3.0,"gold_loss":0.0,"damage_taken":11.0,"relics_obtained":["Incense Burner"]},{"damage_healed":0.0,"max_hp_gain":5.0,"max_hp_loss":0.0,"gold_gain":0.0,"event_name":"Big Fish","player_choice":"Donut","floor":4.0,"gold_loss":0.0,"damage_taken":0.0},{"damage_healed":0.0,"max_hp_gain":0.0,"max_hp_loss":0.0,"gold_gain":0.0,"event_name":"The Library","player_choice":"Read","floor":19.0,"gold_loss":0.0,"damage_taken":0.0,"cards_obtained":["Terror"]},{"cards_removed":["Strike_G"],"damage_healed":0.0,"max_hp_gain":0.0,"max_hp_loss":0.0,"gold_gain":0.0,"event_name":"Back to Basics","player_choice":"Elegance","floor":30.0,"gold_loss":0.0,"damage_taken":0.0},{"damage_healed":0.0,"max_hp_gain":0.0,"max_hp_loss":0.0,"gold_gain":0.0,"event_name":"Ghosts","player_choice":"Ignored","floor":31.0,"gold_loss":0.0,"damage_taken":0.0},{"damage_healed":0.0,"max_hp_gain":0.0,"max_hp_loss":0.0,"gold_gain":0.0,"event_name":"Tomb of Lord Red Mask","player_choice":"Ignored","floor":37.0,"gold_loss":0.0,"damage_taken":0.0},{"damage_healed":0,"gold_gain":0,"player_choice":"Embrace Madness","damage_taken":13,"max_hp_gain":0,"max_hp_loss":0,"event_name":"Winding Halls","floor":46,"gold_loss":0,"cards_obtained":["Madness","Madness"]}],"is_beta":false,"boss_relics":[{"not_picked":["WristBlade","Sozu"],"picked":"Philosopher\u0027s Stone"},{"not_picked":["Fusion Hammer","Tiny House"],"picked":"Pandora\u0027s Box"}],"items_purged_floors":[2,22,36,38,54],"is_endless":false,"potions_floor_spawned":[1,5,8,18,23,29,33,35,42,45,47],"ascension_level":20}}