{"host":"91blwi3hgehj6ch9","time":1609887299,"event":{"mods":["2.2 Compatiblity","AchievementEnabler","BaseMod","Colored Map","DeckTracker","Keyboard Shortcuts","Minty Spire (QoL Compilation)","Permanent Neow","Quick Restart","StSLib","SuperFastMode"],"gold_per_floor":[127,52,75,75,99,99,99,128,152,217,227,227,247,147,147,147,147],"floor_reached":16,"playtime":488,"items_purged":["Strike_G","Strike_G"],"score":143,"play_id":"8f05d1ce-a955-437a-9b23-d017980c0133","local_time":"20210106075459","is_ascension_mode":true,"campfire_choices":[{"data":"Blade Dance","floor":6,"key":"SMITH"},{"data":"Adrenaline","floor":12,"key":"SMITH"},{"data":"Acrobatics","floor":15,"key":"SMITH"}],"circlet_count":0,"master_deck":["AscendersBane","Strike_G","Strike_G","Strike_G","Defend_G+1","Defend_G","Defend_G","Defend_G+1","Survivor","Neutralize","Dash","Blur","Blade Dance+1","Adrenaline+1","Acrobatics+1","Backflip"],"relics":["Ring of the Snake","CeramicFish","Orichalcum","Art of War"],"acts_visited":["Exordium"],"potions_floor_usage":[10,16],"damage_taken":[{"damage":1.0,"enemies":"2 Louse","floor":1.0,"turns":3.0},{"damage":4,"enemies":"Cultist","floor":3,"turns":5},{"damage":0,"enemies":"Small Slimes","floor":5,"turns":4},{"damage":2,"enemies":"2 Fungi Beasts","floor":8,"turns":4},{"damage":13,"enemies":"3 Sentries","floor":10,"turns":10},{"damage":0,"enemies":"Exordium Wildlife","floor":11,"turns":4},{"damage":1,"enemies":"Gremlin Gang","floor":13,"turns":9},{"damage":50,"enemies":"Slime Boss","floor":16,"turns":6}],"seed_played":"4131895479475733001","potions_obtained":[{"floor":1.0,"key":"Energy Potion"},{"floor":5,"key":"Regen Potion"}],"is_trial":false,"path_per_floor":["M","$","M","?","M","R","?","M","T","?","M","R","M","$","R","B"],"character_chosen":"THE_SILENT","items_purchased":[],"campfire_rested":0,"item_purchase_floors":[],"current_hp_per_floor":[62,62,58,44,44,44,44,42,42,44,44,44,43,43,43,0,0],"gold":147,"neow_bonus":"RANDOM_COMMON_RELIC","is_daily":false,"chose_seed":false,"campfire_upgraded":3,"win_rate":0.0,"timestamp":1609887299,"path_taken":["M","$","M","?","M","R","?","?","T","?","M","R","M","$","R","BOSS"],"items_purchased_type":[],"build_version":"2020-12-22","purchased_purges":2,"victory":false,"max_hp_per_floor":[70,70,70,70,70,70,70,70,70,70,70,70,70,70,70,70,70],"card_choices":[{"not_picked":["Well Laid Plans","Eviscerate"],"picked":"Dash","floor":1.0},{"not_picked":["Flying Knee","Underhanded Strike"],"picked":"Blur","floor":3},{"not_picked":["Cloak And Dagger","Outmaneuver"],"picked":"Blade Dance","floor":5},{"not_picked":["Tactician","Outmaneuver"],"picked":"Adrenaline","floor":8},{"not_picked":["Distraction","Backflip"],"picked":"Acrobatics","floor":10},{"not_picked":["Flying Knee","All Out Attack","Outmaneuver"],"picked":"SKIP","floor":11},{"not_picked":["Flying Knee","All Out Attack","Outmaneuver"],"picked":"SKIP","floor":11},{"not_picked":["PiercingWail","Skewer"],"picked":"Backflip","floor":13}],"player_experience":87908,"relics_obtained":[{"floor":9,"key":"Orichalcum"},{"floor":10,"key":"Art of War"}],"event_choices":[{"damage_healed":0,"gold_gain":0,"player_choice":"Entered Light","damage_taken":14,"max_hp_gain":0,"max_hp_loss":0,"event_name":"Shining Light","floor":4,"gold_loss":0,"cards_upgraded":["Defend_G","Defend_G"]},{"cards_removed":["Defend_G"],"damage_healed":0,"gold_gain":0,"player_choice":"Purged","damage_taken":0,"max_hp_gain":0,"max_hp_loss":0,"event_name":"Purifier","floor":7,"gold_loss":0},{"damage_healed":0,"gold_gain":30,"player_choice":"Searched \u00272\u0027 times","damage_taken":0,"max_hp_gain":0,"max_hp_loss":0,"event_name":"Dead Adventurer","floor":10,"gold_loss":0}],"is_beta":false,"boss_relics":[],"items_purged_floors":[2,14],"is_endless":false,"potions_floor_spawned":[1,5],"killed_by":"Slime Boss","ascension_level":11}}