{"host":"uoq8e77duj6rs50g","time":1609875832,"event":{"mods":["BaseMod","Better Match","Better Note","Better Third Choice","BetterRewards","Block Reminder","ChefMod","Curses Come First","Hermit","Hubris","Ironclad Rager","Minty Spire (QoL Compilation)","Relic Stats","Replay The Spire","Shade Mod","StSLib","The Blue Laboratory","The Cursed","The Dragon Tamer","The Exalted","The Judge","The Marked","The Runesmith","The Servant 0.9.4","TheSwordswoman"],"gold_per_floor":[110,110,110,127,77,110,110,142,169,179,210,210,223,223,223,323,323,338,278,289,41,55,55,90,90,90,90,103,118,217,147,147,252,252,268,379,391,129,129,129,160,160,160,189,189,218,84,95,95,95],"floor_reached":51,"playtime":3198,"items_purged":[],"score":843,"play_id":"b94be500-0bf9-4efb-b8ff-f8e0f4b157ac","local_time":"20210105144352","is_ascension_mode":true,"campfire_choices":[{"data":"Bash","floor":7,"key":"SMITH"},{"floor":12,"key":"REST"},{"floor":15,"key":"REST"},{"floor":23,"key":"REST"},{"floor":25,"key":"REST"},{"data":"Defragment","floor":27,"key":"SMITH"},{"data":"FIFO Queue","floor":32,"key":"SMITH"},{"data":"Crystallizer","floor":40,"key":"SMITH"},{"floor":42,"key":"REST"},{"floor":49,"key":"REST"}],"circlet_count":0,"master_deck":["Strike_B","Strike_B","Strike_B","Defend_B","Defend_B","Defend_B","Zap+1","Heatsinks","Bash+1","Static Discharge","Iron Wave","Electrodynamics","Crystallizer+1","Ball Lightning","Genetic Algorithm","Machine Learning","Auto Shields","Defragment+1","Steam+1","Cold Snap","Streamline+1","FIFO Queue+1","Mirror Shield+1","Barrage+1","Fusion+1","BasicCrystalCard+1","ReplayTheSpireMod:Calculation Training+1","Loop","Time Bomb+1","Crystallizer+1","Crystallizer+1","Loop+1","Trip+1","hubris:Ukulele+1"],"relics":["NeowsBlessing","Iron Core","MealTicket","Regal Pillow","Bag of Preparation","betterThird:SlimedRelic","Replay:Grab Bag","hubris:RunicObelisk","ChewingGum","Nuclear Battery","Toxic Egg 2","Art of War","hubris:BundleOfHerbs","Honey Jar","Replay:Bottled Snecko","Frozen Egg 2","The Courier","Centennial Puzzle","InkBottle","hubris:CrystalStatue"],"acts_visited":["Exordium","TheCity","TheBeyond"],"potions_floor_usage":[11,20,37],"damage_taken":[{"damage":0,"enemies":"2 Louse","floor":1,"turns":1},{"damage":0,"enemies":"Small Slimes","floor":4,"turns":1},{"damage":0,"enemies":"3 Sentries","floor":6,"turns":2},{"damage":22,"enemies":"Replay:BlueRogue","floor":8,"turns":5},{"damage":7,"enemies":"Jaw Worm","floor":10,"turns":3},{"damage":17,"enemies":"3 Sentries","floor":11,"turns":3},{"damage":3,"enemies":"Blue Slaver","floor":13,"turns":2},{"damage":40,"enemies":"Hexaghost","floor":16,"turns":9},{"damage":27,"enemies":"Spheric Guardian","floor":18,"turns":3},{"damage":18,"enemies":"Shell Parasite","floor":20,"turns":4},{"damage":14,"enemies":"Snecko","floor":22,"turns":4},{"damage":24,"enemies":"Slavers","floor":24,"turns":3},{"damage":0,"enemies":"Centurion and Healer","floor":28,"turns":4},{"damage":13,"enemies":"Shelled Parasite and Fungi","floor":29,"turns":4},{"damage":27,"enemies":"Champ","floor":33,"turns":11},{"damage":0,"enemies":"3 Shapes","floor":35,"turns":4},{"damage":7,"enemies":"3 Darklings","floor":37,"turns":4},{"damage":9,"enemies":"R_Hoarder","floor":41,"turns":6},{"damage":22,"enemies":"Reptomancer","floor":44,"turns":6},{"damage":2,"enemies":"R_Hoarder","floor":46,"turns":5},{"damage":14,"enemies":"Transient","floor":48,"turns":5},{"damage":53,"enemies":"Awakened One","floor":50,"turns":6}],"seed_played":"-6050936799293786996","potions_obtained":[{"floor":1,"key":"Fire Potion"},{"floor":6,"key":"SkillPotion"},{"floor":8,"key":"blueLaboratory:FrostheartPotion"},{"floor":20,"key":"blueLaboratory:BottledHope"},{"floor":22,"key":"SteroidPotion"},{"floor":29,"key":"SkillPotion"},{"floor":35,"key":"blueLaboratory:TrueEctoplasm"},{"floor":44,"key":"blueLaboratory:BottledHope"},{"floor":46,"key":"blueLaboratory:StoneskinPotion"}],"is_trial":false,"path_per_floor":["M","?","?","M","?","E","R","E","T","M","E","R","M","?","R","B",null,"M","?","M","$","M","R","E","R","T","R","M","M","?","$","R","B",null,"M","?","M","$","?","R","E","R","T","E","T","E","$","M","R","B",null],"character_chosen":"DEFECT","items_purchased":["Toxic Egg 2","FIFO Queue","Replay:Bottled Snecko","Loop+1","Trip+1"],"campfire_rested":6,"item_purchase_floors":[21,31,38,47,47],"current_hp_per_floor":[75,68,68,68,68,68,68,46,46,39,22,59,56,45,75,35,75,48,48,30,45,31,68,44,75,75,75,75,62,62,75,75,66,75,75,57,50,65,65,65,56,71,71,49,49,47,62,48,71,62],"gold":95,"neow_bonus":"THREE_ENEMY_KILL","is_daily":false,"chose_seed":false,"campfire_upgraded":4,"win_rate":0.0,"timestamp":1609875832,"path_taken":["M","?","?","M","?","E","R","E","T","M","E","R","M","?","R","BOSS","M","?","M","$","M","R","E","R","T","R","M","M","?","$","R","BOSS","M","?","M","$","?","R","E","R","T","E","?","E","?","M","R","BOSS"],"items_purchased_type":["Relic","Card","Relic","Card","Card"],"build_version":"2020-12-22","purchased_purges":0,"victory":true,"max_hp_per_floor":[75,75,75,75,75,75,75,75,75,75,75,75,75,75,75,75,75,75,75,75,75,75,75,75,75,75,75,75,75,75,75,75,75,75,75,75,75,75,71,71,71,71,71,71,71,71,71,71,71,71],"relic_stats":{"Regal Pillow":49,"Centennial Puzzle":[9],"counters":[22,95],"MealTicket":58,"Bag of Preparation":[25],"Art of War":[8],"obtain_stats":[{"Iron Core":3,"Regal Pillow":8,"hubris:CrystalStatue":46,"NeowsBlessing":0,"Replay:Grab Bag":17,"The Courier":43,"Bag of Preparation":11,"hubris:RunicObelisk":17,"Frozen Egg 2":41,"Nuclear Battery":17,"Centennial Puzzle":44,"betterThird:SlimedRelic":14,"Honey Jar":34,"MealTicket":6,"ChewingGum":17,"hubris:BundleOfHerbs":26,"Art of War":24,"Replay:Bottled Snecko":38,"Toxic Egg 2":21,"Cracked Core":0,"InkBottle":45},{"Iron Core":1,"Regal Pillow":4,"hubris:CrystalStatue":20,"NeowsBlessing":0,"Replay:Grab Bag":8,"The Courier":18,"Bag of Preparation":6,"hubris:RunicObelisk":8,"Frozen Egg 2":18,"Nuclear Battery":8,"Centennial Puzzle":19,"betterThird:SlimedRelic":7,"Honey Jar":15,"MealTicket":3,"ChewingGum":8,"hubris:BundleOfHerbs":12,"Art of War":12,"Replay:Bottled Snecko":17,"Toxic Egg 2":10,"Cracked Core":0,"InkBottle":19},{"Iron Core":1,"Regal Pillow":9,"hubris:CrystalStatue":84,"NeowsBlessing":0,"Replay:Grab Bag":26,"The Courier":73,"Bag of Preparation":15,"hubris:RunicObelisk":26,"Frozen Egg 2":73,"Nuclear Battery":26,"Centennial Puzzle":79,"betterThird:SlimedRelic":17,"Honey Jar":59,"MealTicket":4,"ChewingGum":26,"hubris:BundleOfHerbs":40,"Art of War":40,"Replay:Bottled Snecko":67,"Toxic Egg 2":33,"Cracked Core":0,"InkBottle":79}],"InkBottle":[9]},"card_choices":[{"not_picked":["ReplayTheSpireMod:Reroute Power","Reprogram"],"picked":"Heatsinks","floor":1},{"not_picked":["Iron Wave","Tempest"],"picked":"Static Discharge","floor":4},{"not_picked":["Go for the Eyes","Sweeping Beam"],"picked":"Iron Wave","floor":6},{"not_picked":["Rebound","Tempest"],"picked":"Electrodynamics","floor":8},{"not_picked":["FTL","Melter"],"picked":"Crystallizer","floor":10},{"not_picked":["Rebound","Sweeping Beam"],"picked":"Ball Lightning","floor":11},{"not_picked":["Ball Lightning","Anger"],"picked":"Genetic Algorithm","floor":13},{"not_picked":["Amplify","hubris:DoWhile"],"picked":"Machine Learning","floor":16},{"not_picked":["ReplaySort","Steam+1","Tempest"],"picked":"SKIP","floor":18},{"not_picked":["Recycle","Turbo"],"picked":"Auto Shields","floor":20},{"not_picked":["Barrage+1","Scrape"],"picked":"Defragment","floor":22},{"not_picked":["Gash+1","Barrage"],"picked":"Steam+1","floor":24},{"not_picked":["Blizzard","Compile Driver+1"],"picked":"Cold Snap","floor":28},{"not_picked":["Cold Snap","Undo+1"],"picked":"Streamline+1","floor":29},{"not_picked":["Rainbow+1","hubris:DoWhile+1"],"picked":"Mirror Shield+1","floor":33},{"not_picked":["Stack+1","Beam Cell+1","Capacitor+1"],"picked":"Barrage+1","floor":35},{"not_picked":["Barrage","Lockon+1","Scrape+1"],"picked":"Fusion+1","floor":36},{"not_picked":["Tempest+1","Skim+1","Undo+1"],"picked":"BasicCrystalCard+1","floor":36},{"not_picked":["Glacier+1","hubris:SpecializedCircuitry","Steam+1"],"picked":"ReplayTheSpireMod:Calculation Training+1","floor":36},{"not_picked":["Doom and Gloom","Gash+1","Conserve Battery+1"],"picked":"Loop","floor":37},{"not_picked":["FIFO Queue+1","BootSequence+1","Streamline+1"],"picked":"Time Bomb+1","floor":41},{"not_picked":["Loop+1","Chill+1","Sweeping Beam+1"],"picked":"Crystallizer+1","floor":44},{"not_picked":["Redo+1","Hologram+1","Rebound"],"picked":"Crystallizer+1","floor":46},{"not_picked":["Skim+1","Turbo+1","Sunder+1"],"picked":"hubris:Ukulele+1","floor":48}],"player_experience":382151,"relics_obtained":[{"floor":6,"key":"MealTicket"},{"floor":8,"key":"Regal Pillow"},{"floor":11,"key":"Bag of Preparation"},{"floor":24,"key":"Art of War"},{"floor":26,"key":"hubris:BundleOfHerbs"},{"floor":41,"key":"Frozen Egg 2"},{"floor":43,"key":"The Courier"},{"floor":44,"key":"Centennial Puzzle"},{"floor":45,"key":"InkBottle"},{"floor":46,"key":"hubris:CrystalStatue"}],"event_choices":[{"cards_removed":["Strike_B"],"damage_healed":0,"gold_gain":0,"player_choice":"Card Removal","damage_taken":0,"max_hp_gain":0,"max_hp_loss":0,"event_name":"The Cleric","floor":5,"gold_loss":50},{"damage_healed":0,"gold_gain":0,"player_choice":"Slimed","damage_taken":11,"max_hp_gain":1,"max_hp_loss":0,"event_name":"betterThird:BetterGoop","floor":14,"gold_loss":0},{"damage_healed":0,"gold_gain":99,"player_choice":"Steal","damage_taken":0,"max_hp_gain":0,"max_hp_loss":0,"event_name":"betterThird:BetterNest","floor":30,"gold_loss":0},{"damage_healed":0,"gold_gain":0,"player_choice":"Max HP","damage_taken":0,"max_hp_gain":0,"max_hp_loss":4,"event_name":"Winding Halls","floor":39,"gold_loss":0}],"is_beta":false,"boss_relics":[{"not_picked":["SacredBark","Replay:Ancient Bell"],"picked":"Replay:Grab Bag"},{"not_picked":["Abe\u0027s Treasure","Coffee Dripper"],"picked":"hubris:RunicObelisk"},{"not_picked":["Velvet Choker","Busted Crown"],"picked":"ChewingGum"},{"not_picked":["Astrolabe","Ring of Chaos"],"picked":"Nuclear Battery"},{"not_picked":["hubris:ScarierMask","hubris:Stopwatch"],"picked":"Honey Jar"}],"items_purged_floors":[],"is_endless":false,"potions_floor_spawned":[1,6,8,20,22,29,35,44,46],"ascension_level":2}}