{"host":"8ps3pfk2b2drr3ex","time":1609881937,"event":{"mods":["2.2 Compatiblity","AchievementEnabler","Act Like it!","BaseMod","Bestiary","Better Match","BetterRewards","Card Forge","Colored Map","Colored Powertips","Conspire","Evolution","Friendly Minions","Gensokyo","GifTheSpireLib","Gold Saver","Hallownest","Hubris","Minty Spire (QoL Compilation)","Permanent Neow","Random Character Button","Random Character Mod","Rare Cards Sparkle","Relic Filter","Replay The Spire","Shop Mod","StSLib","Stuff the Spire","The Animator","The Bug Knight"],"gold_per_floor":[1279,1304,1326,1356,568,595,610,275,275,275,275,275,304,304,304,401,401,415,415,415,29,45,80,80,112,112,146,165,95,95,110,110,213,213,224,17,35,35,35,63,63,90,90,90,104,179,197,232,232,232,232,232,50,80,80],"floor_reached":56,"playtime":12027,"items_purged":["animator:Defend","animator:Defend"],"score":1456,"play_id":"1fdef807-8b23-4c40-b473-2827f390fc24","local_time":"20210105162537","is_ascension_mode":true,"campfire_choices":[{"data":"animator:Tatsumaki","floor":11.0,"key":"SMITH"},{"data":"StuffTheSpire:Harmony","floor":15.0,"key":"SMITH"},{"data":"animator:Boros","floor":24.0,"key":"SMITH"},{"data":"animator:YachiyoNanami","floor":30.0,"key":"SMITH"},{"data":"animator:Evileye","floor":32.0,"key":"SMITH"},{"data":"animator:HououinKyouma","floor":41.0,"key":"SMITH"},{"floor":44.0,"key":"RECALL"},{"data":"StuffTheSpire:Harmony+1","floor":49.0,"key":"SMITH"},{"data":"StuffTheSpire:Harmony+2","floor":49.0,"key":"SMITH"},{"data":"animator:SakuraMatou","floor":52.0,"key":"SMITH"},{"data":"animator:Biyorigo","floor":52.0,"key":"SMITH"}],"circlet_count":0,"master_deck":["animator:KyokoSakura","animator:Shuna","animator:Genos","animator:Gillette","animator:Defend","animator:Alexander","animator:SakuraMatou+1","animator:Evileye+1","animator:Tatsumaki+1","animator:TanyaDegurechaff","animator:YachiyoNanami+1","animator:OrikoMikuni","animator:PandorasActor+1","StuffTheSpire:Harmony+3","animator:Biyorigo+1","animator:Eve+1","animator:Boros+1","animator:PandorasActor","Pot Of Greed","Pot Of Greed","animator:Arpeggio+1","animator:Archer","animator:Eve","animator:YaoHaDucy+1","Pot Of Greed","animator:Archer","animator:Archer","animator:PandorasActor","animator:Arpeggio","animator:HououinKyouma+1","animator:Arpeggio","animator:Ainz","animator:Laby","animator:Ciel+1"],"relics":["animator:LivingPicture","animator:ColorlessFragment","Hammer of Thor","Seething Fire","Anvil of the Gods","EVO:Axolotl","HandDrill","Iron Hammer","Chameleon Ring","Sling","StuffTheSpire:Experiment12","SlaversCollar","hubris:Icosahedron","Anchor","Grinning Jar","Tiny Chest","hubris:PeanutButter","ChewingGum","StuffTheSpire:Wildfire","Lizard Tail","conspire:InfiniteJournal","Bottled Flame","Replay:Arrowhead","StuffTheSpire:OldFever","Bottled Tornado"],"acts_visited":["Exordium","TheCity","TheBeyond","TheEnding"],"potions_floor_usage":[55],"damage_taken":[{"damage":0.0,"enemies":"Cultist","floor":1.0,"turns":4.0},{"damage":1.0,"enemies":"2 Louse","floor":2.0,"turns":2.0},{"damage":0.0,"enemies":"Small Slimes","floor":3.0,"turns":2.0},{"damage":2.0,"enemies":"2 Fungi Beasts","floor":4.0,"turns":5.0},{"damage":3.0,"enemies":"Replay:BlueRogue","floor":6.0,"turns":5.0},{"damage":12.0,"enemies":"Blue Slaver","floor":7.0,"turns":3.0},{"damage":0.0,"enemies":"HollowMod:MossKnight","floor":13.0,"turns":5.0},{"damage":13.0,"enemies":"The Guardian","floor":16.0,"turns":8.0},{"damage":44.0,"enemies":"conspire:FuzzyDice","floor":18.0,"turns":7.0},{"damage":0.0,"enemies":"Chosen","floor":22.0,"turns":9.0},{"damage":0.0,"enemies":"conspire:Head Lice","floor":23.0,"turns":6.0},{"damage":0.0,"enemies":"Gremlin Leader","floor":25.0,"turns":6.0},{"damage":6.0,"enemies":"animator:HornedBat","floor":27.0,"turns":6.0},{"damage":36.0,"enemies":"3 Cultists","floor":28.0,"turns":5.0},{"damage":3.0,"enemies":"Snake Plant","floor":31.0,"turns":6.0},{"damage":13.0,"enemies":"Collector","floor":33.0,"turns":7.0},{"damage":4.0,"enemies":"3 Darklings","floor":35.0,"turns":5.0},{"damage":1.0,"enemies":"Orb Walker","floor":37.0,"turns":3.0},{"damage":0.0,"enemies":"Giant Head","floor":40.0,"turns":7.0},{"damage":11.0,"enemies":"Reptomancer","floor":42.0,"turns":5.0},{"damage":45.0,"enemies":"Spire Growth","floor":45.0,"turns":5.0},{"damage":16.0,"enemies":"Jaw Worm Horde","floor":47.0,"turns":4.0},{"damage":0.0,"enemies":"R_Hoarder","floor":48.0,"turns":7.0},{"damage":38.0,"enemies":"Awakened One","floor":50.0,"turns":11.0},{"damage":45,"enemies":"Shield and Spear","floor":54,"turns":7},{"damage":62,"enemies":"The Heart","floor":55,"turns":11}],"seed_played":"-7331849970966165305","potions_obtained":[{"floor":1.0,"key":"Adrenaline Potion"},{"floor":7.0,"key":"Fire Potion"},{"floor":16.0,"key":"FearPotion"},{"floor":25.0,"key":"Dexterity Potion"},{"floor":27.0,"key":"ColorlessPotion"},{"floor":31.0,"key":"DuplicationPotion"},{"floor":42.0,"key":"AttackPotion"}],"is_trial":false,"path_per_floor":["M","M","M","M","$","E","M","$","T","?","R","?","E","?","R","B",null,"M","?","?","$","M","E","R","E","T","E","M","$","R","M","R","B",null,"M","$","M","?","?","E","R","E","T","R","M","T","M","E","R","B",null,"R","$","E","B",null],"character_chosen":"THE_ANIMATOR","items_purchased":["FearPotion","animator:TanyaDegurechaff","animator:YachiyoNanami","HandDrill","Iron Hammer","animator:PandorasActor+1","Strawberry","Sling","animator:ColorlessFragment","Regen Potion","animator:Boros","animator:Archer","animator:Archer","animator:PandorasActor","StuffTheSpire:OldFever","animator:Laby"],"campfire_rested":0,"item_purchase_floors":[5,5,5,5,5,8,8,8,21,21,21,29,36,36,53,53],"current_hp_per_floor":[66,65,65,63,63,60,48,55,55,55,55,55,58,58,58,51,73,30,17,17,17,78,78,78,78,78,75,45,45,45,52,52,49,78,77,77,77,77,77,78,78,70,70,70,35,35,29,40,40,79,79,79,79,72,79],"gold":80,"neow_bonus":"REMOVE_CARD","is_daily":false,"chose_seed":false,"campfire_upgraded":10,"win_rate":0.0,"timestamp":1609881937,"path_taken":["M","M","M","M","$","E","M","$","T","?","R","?","E","?","R","BOSS","M","?","?","$","M","E","R","E","T","E","M","$","R","M","R","BOSS","M","$","M","?","?","E","R","E","T","R","?","?","M","E","R","BOSS","R","$","E","BOSS"],"items_purchased_type":["Potion","Card","Card","Relic","Relic","Card","Relic","Relic","Relic","Potion","Card","Card","Card","Card","Relic","Card"],"build_version":"2020-12-22","purchased_purges":2,"victory":true,"max_hp_per_floor":[66,66,66,66,66,66,66,73,73,73,73,73,73,73,73,73,73,73,78,78,78,78,78,78,78,78,78,78,78,78,78,78,78,78,78,78,78,78,78,78,78,78,78,78,78,78,78,79,79,79,79,79,79,79,79],"card_choices":[{"not_picked":["animator:Hitei","animator:ZankiKiguchi","animator:IrohaTamaki"],"picked":"SKIP","floor":1.0},{"not_picked":["animator:Cocytus","animator:KyokoSakura"],"picked":"animator:SakuraMatou","floor":2.0},{"not_picked":["animator:MumenRider","animator:Emonzaemon"],"picked":"animator:Evileye","floor":3.0},{"not_picked":["animator:MumenRider","animator:Melzalgald"],"picked":"animator:Tatsumaki","floor":4.0},{"not_picked":["animator:Ara","animator:Melzalgald","animator:Evileye"],"picked":"SKIP","floor":6.0},{"not_picked":["animator:Togame","animator:Tatsumaki"],"picked":"animator:OrikoMikuni","floor":7.0},{"not_picked":["StuffTheSpire:Brawn","StuffTheSpire:Rapture"],"picked":"StuffTheSpire:Harmony","floor":12.0},{"not_picked":["animator:Tatsumaki","animator:SuzuneAmano"],"picked":"animator:Biyorigo","floor":13.0},{"not_picked":["animator:Elesis","animator:Boros"],"picked":"animator:Eve","floor":16.0},{"not_picked":["animator:ShinjiMatou","animator:Assassin"],"picked":"animator:PandorasActor","floor":22.0},{"not_picked":["animator:SuzuneAmano","animator:Berserker+1","animator:Melzalgald+1"],"picked":"SKIP","floor":23.0},{"not_picked":["animator:Sebas","animator:KyokoSakura"],"picked":"animator:Arpeggio+1","floor":27.0},{"not_picked":["animator:Sebas","animator:Lancer","animator:Sonic"],"picked":"SKIP","floor":28.0},{"not_picked":["animator:Biyorigo","animator:Albedo"],"picked":"animator:Eve","floor":33.0},{"not_picked":["animator:Kuribayashi+1","animator:Genos"],"picked":"animator:YaoHaDucy+1","floor":35.0},{"not_picked":["animator:PandorasActor","animator:Archer+1"],"picked":"animator:Arpeggio","floor":37.0},{"not_picked":["animator:MamizouFutatsuiwa","animator:LimeBell"],"picked":"animator:HououinKyouma","floor":40.0},{"not_picked":["animator:Melzalgald","animator:HomuraAkemi","animator:Rider+1"],"picked":"SKIP","floor":42.0},{"not_picked":["animator:KyokoSakura+1","animator:Raven+1"],"picked":"animator:Arpeggio","floor":45.0},{"not_picked":["animator:SilverFang+1","animator:TsurugaMeisai+1"],"picked":"animator:Ainz","floor":48.0},{"not_picked":["animator:TsurugaMeisai","animator:Nanami+1"],"picked":"animator:Ciel+1","floor":54}],"player_experience":740544,"relics_obtained":[{"floor":6.0,"key":"Chameleon Ring"},{"floor":13.0,"key":"StuffTheSpire:Experiment12"},{"floor":23.0,"key":"Anchor"},{"floor":25.0,"key":"Grinning Jar"},{"floor":26.0,"key":"Tiny Chest"},{"floor":27.0,"key":"hubris:PeanutButter"},{"floor":40.0,"key":"StuffTheSpire:Wildfire"},{"floor":42.0,"key":"Lizard Tail"},{"floor":43.0,"key":"conspire:InfiniteJournal"},{"floor":46.0,"key":"Bottled Flame"},{"floor":48.0,"key":"Replay:Arrowhead"},{"floor":54,"key":"Bottled Tornado"}],"event_choices":[{"damage_healed":0.0,"max_hp_gain":0.0,"max_hp_loss":0.0,"gold_gain":0.0,"event_name":"conspire:Investor","player_choice":"Leave","floor":14.0,"gold_loss":0.0,"damage_taken":0.0},{"damage_healed":0.0,"max_hp_gain":5.0,"max_hp_loss":0.0,"gold_gain":0.0,"event_name":"Forgotten Altar","player_choice":"Shed Blood","floor":19.0,"gold_loss":0.0,"damage_taken":18.0},{"cards_removed":["animator:Rider"],"damage_healed":0.0,"max_hp_gain":0.0,"max_hp_loss":0.0,"gold_gain":0.0,"event_name":"Falling","player_choice":"Removed Skill","floor":38.0,"gold_loss":0.0,"damage_taken":0.0},{"damage_healed":0.0,"max_hp_gain":0.0,"max_hp_loss":0.0,"gold_gain":0.0,"event_name":"Upgrade Shrine","player_choice":"Upgraded","floor":39.0,"gold_loss":0.0,"damage_taken":0.0,"cards_upgraded":["animator:Eve"]}],"is_beta":false,"boss_relics":[{"not_picked":["animator:RacePiece","Fusion Hammer"],"picked":"SlaversCollar"},{"not_picked":["hubris:GrandSneckoEye","Black Star"],"picked":"ChewingGum"}],"items_purged_floors":[5,36],"is_endless":false,"potions_floor_spawned":[1,7,13,16,18,25,27,31,33,42,48],"ascension_level":1}}