{"host":"g5zc4ej6zn2at89o","time":1609818505,"event":{"mods":["2.2 Compatiblity","AchievementEnabler","BaseMod","Colored Map","DeckTracker","Highlight Path","KOR Keyword Fix","Keyboard Shortcuts","Minty Spire (QoL Compilation)","Permanent Neow","Quick Restart","Say the Spire","StSLib","SuperFastMode","everything is the same but u backflip on backflip"],"gold_per_floor":[110,110,110,35,52,65,100,117,117,135,154,154,154,54,54,156,156,166,13,13,33,33,33,33,33],"floor_reached":24,"playtime":1030,"items_purged":["Defend_R","Strike_R"],"score":216,"play_id":"2fdd3645-705b-41aa-a0fb-f508300c6a93","local_time":"20210105124825","is_ascension_mode":true,"campfire_choices":[{"data":"Spot Weakness","floor":13.0,"key":"SMITH"},{"data":"Sword Boomerang","floor":15.0,"key":"SMITH"},{"data":"Seeing Red","floor":23,"key":"SMITH"}],"circlet_count":0,"master_deck":["Defend_R","Defend_R","Bash","Disarm","Spot Weakness+1","Evolve","Inflame","Anger","Anger","Sword Boomerang+1","Power Through","Reaper","Sword Boomerang","Ghostly Armor","Seeing Red+1"],"relics":["Burning Blood","Vajra","Bag of Marbles","Meat on the Bone","SacredBark","Regal Pillow"],"acts_visited":["Exordium","TheCity"],"potions_floor_usage":[],"damage_taken":[{"damage":2.0,"enemies":"Jaw Worm","floor":1.0,"turns":4.0},{"damage":7.0,"enemies":"Small Slimes","floor":5.0,"turns":4.0},{"damage":6.0,"enemies":"Cultist","floor":6.0,"turns":4.0},{"damage":15.0,"enemies":"3 Sentries","floor":7.0,"turns":5.0},{"damage":14.0,"enemies":"Large Slime","floor":8.0,"turns":4.0},{"damage":14.0,"enemies":"Red Slaver","floor":10.0,"turns":4.0},{"damage":7.0,"enemies":"Blue Slaver","floor":11.0,"turns":3.0},{"damage":17.0,"enemies":"The Guardian","floor":16.0,"turns":6.0},{"damage":6.0,"enemies":"Spheric Guardian","floor":18.0,"turns":3.0},{"damage":4.0,"enemies":"Shell Parasite","floor":21.0,"turns":3.0},{"damage":73,"enemies":"Slavers","floor":24,"turns":4}],"seed_played":"-8275684652615119369","potions_obtained":[{"floor":1.0,"key":"Block Potion"},{"floor":7.0,"key":"BloodPotion"},{"floor":11.0,"key":"Block Potion"},{"floor":16.0,"key":"Swift Potion"}],"is_trial":false,"path_per_floor":["M","?","?","$","M","M","E","M","T","M","M","T","R","$","R","B",null,"M","$","?","M","?","R","E"],"character_chosen":"IRONCLAD","items_purchased":["Regal Pillow"],"campfire_rested":0,"item_purchase_floors":[19],"current_hp_per_floor":[72,65,65,65,64,64,55,47,47,39,38,38,38,38,38,39,72,72,72,72,72,72,72,0,0],"gold":33,"neow_bonus":"TRANSFORM_TWO_CARDS","is_daily":false,"chose_seed":false,"campfire_upgraded":3,"win_rate":0.0,"timestamp":1609818505,"path_taken":["M","?","?","?","M","M","E","M","T","M","?","?","R","$","R","BOSS","M","$","?","M","?","R","E"],"items_purchased_type":["Relic"],"build_version":"2020-12-22","purchased_purges":2,"victory":false,"max_hp_per_floor":[72,72,72,72,72,72,72,72,72,72,72,72,72,72,72,72,72,72,72,72,72,72,72,72,72],"card_choices":[{"not_picked":["Shrug It Off","Combust"],"picked":"Evolve","floor":1.0},{"not_picked":["Thunderclap","True Grit"],"picked":"Inflame","floor":5.0},{"not_picked":["Searing Blow","Immolate"],"picked":"Anger","floor":6.0},{"not_picked":["Berserk","Disarm","Burning Pact"],"picked":"SKIP","floor":7.0},{"not_picked":["Cleave","Headbutt"],"picked":"Anger","floor":8.0},{"not_picked":["Evolve","Hemokinesis"],"picked":"Sword Boomerang","floor":10.0},{"not_picked":["Wild Strike","Headbutt"],"picked":"Power Through","floor":11.0},{"not_picked":["Juggernaut","Brutality"],"picked":"Reaper","floor":16.0},{"not_picked":["Rage","Wild Strike"],"picked":"Sword Boomerang","floor":18.0},{"not_picked":["Perfected Strike","Carnage"],"picked":"Seeing Red","floor":21}],"player_experience":108980,"relics_obtained":[{"floor":7.0,"key":"Vajra"},{"floor":9.0,"key":"Bag of Marbles"},{"floor":12.0,"key":"Meat on the Bone"}],"event_choices":[{"cards_removed":["Strike_R"],"damage_healed":0.0,"max_hp_gain":0.0,"max_hp_loss":0.0,"gold_gain":0.0,"event_name":"Golden Wing","player_choice":"Card Removal","floor":2.0,"gold_loss":0.0,"damage_taken":7.0},{"cards_removed":["Strike_R"],"damage_healed":0.0,"max_hp_gain":0.0,"max_hp_loss":0.0,"gold_gain":0.0,"event_name":"Living Wall","player_choice":"Forget","floor":3.0,"gold_loss":0.0,"damage_taken":0.0},{"damage_healed":0.0,"max_hp_gain":0.0,"max_hp_loss":0.0,"gold_gain":0.0,"event_name":"The Library","player_choice":"Read","floor":20.0,"gold_loss":0.0,"damage_taken":0.0,"cards_obtained":["Ghostly Armor"]},{"cards_removed":["Strike_R"],"damage_healed":0,"gold_gain":0,"player_choice":"Purged","damage_taken":0,"max_hp_gain":0,"max_hp_loss":0,"event_name":"Purifier","floor":22,"gold_loss":0}],"is_beta":false,"boss_relics":[{"not_picked":["Ectoplasm","Sozu"],"picked":"SacredBark"}],"items_purged_floors":[4,14],"is_endless":false,"potions_floor_spawned":[1,7,11,16,18],"killed_by":"Slavers","ascension_level":2}}