{"host":"7xbu8gt067z192g2","time":1609805430,"event":{"mods":["BaseMod","Better Note","Colored Map","Colored Powertips","Googly Eyes","Highlight Path","Minty Spire (QoL Compilation)","Rare Cards Sparkle","Replay The Spire","StSLib","The Bladedancer","The Cursed","The Hierophant","The Valiant","The Wild Card"],"gold_per_floor":[115,64,64,64,83,94,44,78,78,110,110,128,220,220,252,267,267,362,362,362,362],"floor_reached":20,"playtime":1515,"items_purged":[],"score":200,"play_id":"6a573841-def5-402d-8230-a7545ba9c6e6","local_time":"20210104191030","is_ascension_mode":true,"campfire_choices":[{"data":"Carnage","floor":9,"key":"SMITH"},{"floor":17,"key":"REST"}],"circlet_count":0,"master_deck":["Strike_R","Strike_R","Strike_R","Strike_R","Defend_R","Defend_R","Defend_R","Defend_R","Bash+1","Rupture","Shrug It Off","Carnage+1","Shrug It Off","Burning Pact","Uppercut+1","Bloodletting","ReplayTheSpireMod:Splinters","Pommel Strike","Havoc","Life Link","Reaper","Demon Form"],"relics":["Burning Blood","NeowsBlessing","Red Skull","Shuriken","Boot","Whetstone","Philosopher\u0027s Stone"],"acts_visited":["Exordium","TheCity"],"potions_floor_usage":[8,15,18,18],"damage_taken":[{"damage":0,"enemies":"2 Louse","floor":1,"turns":1},{"damage":0,"enemies":"Small Slimes","floor":5,"turns":1},{"damage":0,"enemies":"Cultist","floor":6,"turns":1},{"damage":38,"enemies":"3 Sentries","floor":8,"turns":13},{"damage":29,"enemies":"Lagavulin","floor":10,"turns":6},{"damage":12,"enemies":"Blue Slaver","floor":12,"turns":2},{"damage":16,"enemies":"Gremlin Nob","floor":15,"turns":4},{"damage":7,"enemies":"3 Louse","floor":16,"turns":4},{"damage":38,"enemies":"The Guardian","floor":18,"turns":9},{"damage":0,"enemies":"3 Byrds","floor":20,"turns":1}],"seed_played":"3613166392019882841","potions_obtained":[{"floor":1,"key":"Toxic Potion"},{"floor":8,"key":"Reflective Coating"},{"floor":15,"key":"Weak Potion"},{"floor":16,"key":"LiquidMemories"},{"floor":18,"key":"BlessingOfTheForge"}],"is_trial":false,"path_per_floor":["M","$","PTL","PTL","M","M","?","E","R","E","T","M","?","?","E","M","R","B",null,"M"],"character_chosen":"IRONCLAD","items_purchased":["Shrug It Off"],"campfire_rested":1,"item_purchase_floors":[2],"current_hp_per_floor":[80,80,80,80,80,80,80,48,48,25,25,19,19,19,9,8,32,7,80,80,80],"gold":362,"neow_bonus":"THREE_ENEMY_KILL","is_daily":false,"chose_seed":false,"campfire_upgraded":1,"win_rate":0.0,"timestamp":1609805430,"path_taken":["M","$","PTL","PTL","M","M","?","E","R","E","T","M","?","?","E","?","R","BOSS","M"],"items_purchased_type":["Card"],"build_version":"2020-12-22","purchased_purges":0,"victory":false,"max_hp_per_floor":[80,80,80,80,80,80,80,80,80,80,80,80,80,80,80,80,80,80,80,80,80],"card_choices":[{"not_picked":["Run Through","ReplayTheSpireMod:Muscle Training"],"picked":"Rupture","floor":1},{"not_picked":["Pommel Strike","Uppercut"],"picked":"Carnage","floor":5},{"not_picked":["Perfected Strike","Wild Strike"],"picked":"Shrug It Off","floor":6},{"not_picked":["Body Slam","ReplayTheSpireMod:Corrosion Curse"],"picked":"Burning Pact","floor":8},{"not_picked":["Wild Strike","ReplayTheSpireMod:Muscle Training"],"picked":"Uppercut","floor":10},{"not_picked":["Inflame","Thunderclap"],"picked":"Bloodletting","floor":12},{"not_picked":["Heavy Blade","Intimidate"],"picked":"Pommel Strike","floor":13},{"not_picked":["Twin Strike","Rupture"],"picked":"Havoc","floor":13},{"not_picked":["Evolve","Uppercut","ReplayReversal"],"picked":"SKIP","floor":15},{"not_picked":["Iron Wave","Rampage"],"picked":"Reaper","floor":16},{"not_picked":["Exhume","Replay:Many Hands"],"picked":"Demon Form","floor":18}],"player_experience":133977,"relics_obtained":[{"floor":8,"key":"Red Skull"},{"floor":10,"key":"Shuriken"},{"floor":13,"key":"Boot"},{"floor":15,"key":"Whetstone"}],"event_choices":[{"cards_removed":["Strike_R"],"damage_healed":0,"gold_gain":0,"player_choice":"Card Removal","damage_taken":0,"max_hp_gain":0,"max_hp_loss":0,"event_name":"The Cleric","floor":7,"gold_loss":50},{"damage_healed":0,"gold_gain":0,"player_choice":"1 cards matched","damage_taken":0,"max_hp_gain":0,"max_hp_loss":0,"event_name":"Match and Keep!","floor":14,"gold_loss":0,"cards_obtained":["Life Link"]}],"is_beta":false,"boss_relics":[{"not_picked":["Ectoplasm","Replay:Drink Me"],"picked":"Philosopher\u0027s Stone"}],"items_purged_floors":[],"is_endless":false,"potions_floor_spawned":[1,8,15,16,18],"killed_by":"3 Byrds","ascension_level":1}}