{"host":"nzm1i0l8mrsm8hd2","time":1609860366,"event":{"mods":["Act Like it!","Aspiration","BaseMod","Better Third Choice","Challenge The Spire","Conspire","Gensokyo","Minty Spire (QoL Compilation)","Pale of the Ancients","Quick Restart","Robot Space Explorer","RumiaBox-露米娅的神秘盒子","Spicy Shops","StSLib","The Jungle","Yakumo Yukari mod"],"gold_per_floor":[115,115,115,128,145,170,170,204,204,204,87,102,27,40,40,40,40],"floor_reached":16,"playtime":825,"items_purged":["RobotSpaceExplorer:Strike"],"score":310,"play_id":"7b6df8da-e791-4663-8d36-68d433ffb89a","local_time":"20210105232606","daily_mods":["Heirloom","DeadlyEvents","Elite Swarm"],"is_ascension_mode":true,"campfire_choices":[{"data":"RobotSpaceExplorer:ToxicBomb","floor":7,"key":"SMITH"},{"floor":10,"key":"REST"},{"data":"RobotSpaceExplorer:TurboDodge","floor":15,"key":"SMITH"}],"circlet_count":0,"master_deck":["RobotSpaceExplorer:Strike","RobotSpaceExplorer:Strike","RobotSpaceExplorer:Strike","RobotSpaceExplorer:Defend","RobotSpaceExplorer:Defend","RobotSpaceExplorer:Defend","RobotSpaceExplorer:Scan","RobotSpaceExplorer:ToxicBomb+1","RobotSpaceExplorer:FrostMissile+1","RobotSpaceExplorer:GearShield","RobotSpaceExplorer:Accelerator","RobotSpaceExplorer:Autoloader","RobotSpaceExplorer:ScrapMissile","RobotSpaceExplorer:TurboDodge+1"],"relics":["Snecko Eye","aspiration:HatOfInfinitePower","Gensokyo:Mercy","Baka2","conspire:Boomerang","SSSystem","Gremlin Horn","Orichalcum"],"acts_visited":["Exordium"],"potions_floor_usage":[16],"damage_taken":[{"damage":4,"enemies":"Gensokyo:3_Fairies","floor":1,"turns":6},{"damage":0,"enemies":"Gensokyo:Gryphon","floor":4,"turns":2},{"damage":0,"enemies":"Gensokyo:2_Kodama","floor":5,"turns":2},{"damage":35,"enemies":"Gensokyo:Cirno","floor":6,"turns":8},{"damage":0,"enemies":"Gensokyo:Aya","floor":8,"turns":4},{"damage":0,"enemies":"Gensokyo:Cirno","floor":11,"turns":4},{"damage":1,"enemies":"Gensokyo:Kitsune","floor":12,"turns":3},{"damage":4,"enemies":"Gensokyo:VengefulSpirit","floor":14,"turns":2},{"damage":0,"enemies":"Gensokyo:Reimu","floor":16,"turns":4}],"seed_played":"-3973317372508390078","potions_obtained":[{"floor":1,"key":"EssenceOfSteel"},{"floor":12,"key":"PowerPotion"}],"is_trial":true,"path_per_floor":["M","?","?","M","M","E","R","E","T","R","E","M","$","M","R","B"],"character_chosen":"RobotSpaceExplorer","items_purchased":[],"campfire_rested":1,"item_purchase_floors":[],"current_hp_per_floor":[60,60,60,60,60,25,25,25,25,46,46,45,45,41,41,71,71],"gold":40,"neow_bonus":"","is_daily":false,"chose_seed":false,"campfire_upgraded":2,"win_rate":0.0,"timestamp":1609860366,"path_taken":["M","?","?","?","?","E","R","E","T","R","?","?","?","M","R","BOSS"],"items_purchased_type":[],"build_version":"2020-12-22","purchased_purges":1,"victory":false,"max_hp_per_floor":[71,71,71,71,71,71,71,71,71,71,71,71,71,71,71,71,71],"card_choices":[{"not_picked":["RobotSpaceExplorer:FranticSearch","RobotSpaceExplorer:SurgingStrike"],"picked":"RobotSpaceExplorer:ToxicBomb","floor":1},{"not_picked":["RobotSpaceExplorer:Probe","RobotSpaceExplorer:SwiftStep"],"picked":"RobotSpaceExplorer:GearShield","floor":4},{"not_picked":["RobotSpaceExplorer:SlimeMissile","RobotSpaceExplorer:MetalStrike","RobotSpaceExplorer:Ammunition"],"picked":"SKIP","floor":5},{"not_picked":["RobotSpaceExplorer:Comet","RobotSpaceExplorer:Wormhole"],"picked":"RobotSpaceExplorer:Accelerator","floor":6},{"not_picked":["RobotSpaceExplorer:ShockMissile","RobotSpaceExplorer:Scanner"],"picked":"RobotSpaceExplorer:Autoloader","floor":8},{"not_picked":["RobotSpaceExplorer:Blaster","RobotSpaceExplorer:Multitool"],"picked":"RobotSpaceExplorer:Wormhole","floor":11},{"not_picked":["RobotSpaceExplorer:SurgingShield","RobotSpaceExplorer:Electroshield"],"picked":"RobotSpaceExplorer:ScrapMissile","floor":12},{"not_picked":["RobotSpaceExplorer:LuckyStrike","RobotSpaceExplorer:ShovelStrike"],"picked":"RobotSpaceExplorer:TurboDodge","floor":14}],"player_experience":575235,"relics_obtained":[{"floor":1,"key":"Baka"},{"floor":4,"key":"Baka2"},{"floor":6,"key":"conspire:Boomerang"},{"floor":8,"key":"SSSystem"},{"floor":9,"key":"Gremlin Horn"},{"floor":11,"key":"Orichalcum"}],"event_choices":[],"is_beta":false,"boss_relics":[],"items_purged_floors":[13],"is_endless":false,"potions_floor_spawned":[1,12],"killed_by":"Gensokyo:Reimu","ascension_level":20}}