{"host":"jqbwv9vyd5ud9wcv","time":1609871718,"event":{"mods":["Arknights The Spire","BaseMod","Bestiary","Card Forge","Hermit","Minty Spire (QoL Compilation)","Relic Stats","StSLib","The Hierophant","The Runesmith","Uncapped"],"gold_per_floor":[115,115,290,314,314,314,347,362,412,382,398,398,158,173,173,296,296,315,226,239,260,328,328,359,359,359,398,398,444,444,460,460,591,591,604,604,619,982,1067,1067,753,1028,1028,1044,1088,1310,1310,1333,1333,1333],"floor_reached":51,"playtime":2855,"items_purged":[],"score":843,"play_id":"f415b22e-f461-43cc-8207-12f1f44583dc","local_time":"20210105133518","is_ascension_mode":false,"campfire_choices":[{"floor":6,"key":"REST"},{"data":"Bane","floor":12,"key":"SMITH"},{"floor":15,"key":"REST"},{"floor":23,"key":"REST"},{"floor":25,"key":"REST"},{"floor":32,"key":"REST"},{"floor":40,"key":"REST"},{"floor":49,"key":"REST"}],"circlet_count":0,"master_deck":["Defend_G+1","Defend_G+1","Defend_G+1","Defend_G+1","Defend_G+1","Survivor+1","Neutralize+1","Bouncing Flask+1","Doubt","Transmutation+1","The Bomb+1","Sadistic Nature+1","RitualDagger+1","Panache+1","Metamorphosis+1","HandOfGreed+1","Good Instincts+1","Enlightenment+1","Dramatic Entrance+1","Discovery+1","Wraith Form v2+1","Terror+1","Skewer+1","Riddle With Holes+1","Poisoned Stab+1","Noxious Fumes+1","Night Terror+1","Phantasmal Killer+1","Outmaneuver+1","Infinite Blades+1","Masterful Stab+1","Footwork+1","Flying Knee+1","Envenom+1","Doppelganger+1","Distraction+1","Die Die Die+1","Deadly Poison+1","Dash+1","Crippling Poison+1","Corpse Explosion+1","Catalyst+1","Caltrops+1","Bouncing Flask+1","Blade Dance+1","Venomology+1","Backstab+1","All Out Attack+1","After Image+1","A Thousand Cuts+1","Bane+1","Backstab+1","A Thousand Cuts+1","Infinite Blades+1","Dramatic Entrance+1","Caltrops","Deadly Poison","Venomology","Outmaneuver+1","Prepared","Caltrops+1","Venomology","Transmutation","Regret","Blade Dance+1"],"relics":["Ring of the Snake","Hammer of Thor","Seething Fire","Anvil of the Gods","NeowsBlessing","Golden Idol","Boot","Lantern","Shuriken","SlaversCollar","Red Mask","Kunai","Ancient Tea Set","Bag of Marbles","Fusion Hammer","Old Coin","Pocketwatch","Toy Ornithopter","Pantograph","Ornamental Fan"],"acts_visited":["Exordium","TheCity","TheBeyond"],"potions_floor_usage":[1,14,16,16,24,33,39,39,44,44,50,50],"damage_taken":[{"damage":0,"enemies":"2 Louse","floor":1,"turns":1},{"damage":0,"enemies":"Small Slimes","floor":4,"turns":1},{"damage":0,"enemies":"Lagavulin","floor":7,"turns":1},{"damage":0,"enemies":"Cultist","floor":8,"turns":2},{"damage":0,"enemies":"Gremlin Gang","floor":11,"turns":1},{"damage":3,"enemies":"Blue Slaver","floor":14,"turns":2},{"damage":4,"enemies":"Hexaghost","floor":16,"turns":5},{"damage":0,"enemies":"Spheric Guardian","floor":18,"turns":1},{"damage":0,"enemies":"2 Thieves","floor":20,"turns":1},{"damage":1,"enemies":"Centurion and Healer","floor":21,"turns":3},{"damage":0,"enemies":"Masked Bandits","floor":22,"turns":2},{"damage":12,"enemies":"Book of Stabbing","floor":24,"turns":3},{"damage":0,"enemies":"Cultist and Chosen","floor":27,"turns":2},{"damage":0,"enemies":"3 Cultists","floor":31,"turns":2},{"damage":0,"enemies":"Automaton","floor":33,"turns":4},{"damage":0,"enemies":"Orb Walker","floor":35,"turns":1},{"damage":0,"enemies":"3 Darklings","floor":37,"turns":2},{"damage":13,"enemies":"Mind Bloom Boss Battle","floor":38,"turns":6},{"damage":0,"enemies":"2 Orb Walkers","floor":39,"turns":2},{"damage":3,"enemies":"Transient","floor":44,"turns":5},{"damage":2,"enemies":"Nemesis","floor":45,"turns":3},{"damage":12,"enemies":"Writhing Mass","floor":48,"turns":3},{"damage":38,"enemies":"Time Eater","floor":50,"turns":7}],"seed_played":"-581804730139238248","potions_obtained":[{"floor":1,"key":"Fruit Juice"},{"floor":8,"key":"FearPotion"},{"floor":10,"key":"BlessingOfTheForge"},{"floor":10,"key":"Poison Potion"},{"floor":21,"key":"Swift Potion"},{"floor":27,"key":"FearPotion"},{"floor":31,"key":"Block Potion"},{"floor":38,"key":"CultistPotion"},{"floor":45,"key":"SteroidPotion"},{"floor":47,"key":"FairyPotion"},{"floor":47,"key":"FairyPotion"}],"is_trial":false,"path_per_floor":["M","?","?","M","?","R","E","M","T","?","M","R","$","M","R","B",null,"M","$","M","M","?","R","E","R","T","M","?","T","?","M","R","B",null,"M","?","M","?","?","R","$","?","T","M","E","?","?","M","R","B",null],"character_chosen":"THE_SILENT","items_purchased":["Shuriken","Dramatic Entrance","Toy Ornithopter","Transmutation"],"campfire_rested":7,"item_purchase_floors":[13,19,41,41],"current_hp_per_floor":[75,57,57,57,57,75,75,75,75,75,75,75,75,72,75,71,75,75,75,75,74,74,75,63,75,75,75,75,75,75,75,75,75,75,75,75,75,62,62,75,75,75,75,75,73,73,73,61,75,42],"gold":1333,"neow_bonus":"THREE_ENEMY_KILL","is_daily":false,"chose_seed":false,"campfire_upgraded":1,"win_rate":0.0,"timestamp":1609871718,"path_taken":["M","?","?","M","?","R","E","M","T","?","?","R","$","M","R","BOSS","M","$","M","?","?","R","E","R","T","M","?","?","?","M","R","BOSS","M","?","?","?","?","R","$","?","T","?","E","?","?","M","R","BOSS"],"items_purchased_type":["Relic","Card","Relic","Card"],"build_version":"2020-12-22","purchased_purges":0,"victory":true,"max_hp_per_floor":[75,75,75,75,75,75,75,75,75,75,75,75,75,75,75,75,75,75,75,75,75,75,75,75,75,75,75,75,75,75,75,75,75,75,75,75,75,75,75,75,75,75,75,75,75,75,75,75,75,75],"relic_stats":{"counters":[23,60],"Golden Idol":177,"Shuriken":[42],"Ornamental Fan":[28],"Pantograph":0,"Kunai":[31],"Boot":[27],"obtain_stats":[{"Lantern":9,"NeowsBlessing":0,"Golden Idol":2,"Hammer of Thor":0,"Seething Fire":0,"Boot":7,"Ancient Tea Set":26,"Old Coin":38,"SlaversCollar":17,"Anvil of the Gods":0,"Shuriken":13,"Ornamental Fan":45,"Pantograph":43,"Fusion Hammer":34,"Red Mask":22,"Bag of Marbles":29,"Kunai":24,"Toy Ornithopter":41,"Ring of the Snake":0,"Pocketwatch":39},{"Lantern":4,"NeowsBlessing":0,"Golden Idol":1,"Hammer of Thor":0,"Seething Fire":0,"Boot":3,"Ancient Tea Set":12,"Old Coin":18,"SlaversCollar":7,"Anvil of the Gods":0,"Shuriken":5,"Ornamental Fan":21,"Pantograph":19,"Fusion Hammer":15,"Red Mask":11,"Bag of Marbles":13,"Kunai":12,"Toy Ornithopter":19,"Ring of the Snake":0,"Pocketwatch":19},{"Lantern":5,"NeowsBlessing":0,"Golden Idol":1,"Hammer of Thor":0,"Seething Fire":0,"Boot":3,"Ancient Tea Set":23,"Old Coin":40,"SlaversCollar":13,"Anvil of the Gods":0,"Shuriken":6,"Ornamental Fan":50,"Pantograph":42,"Fusion Hammer":31,"Red Mask":20,"Bag of Marbles":25,"Kunai":23,"Toy Ornithopter":42,"Ring of the Snake":0,"Pocketwatch":42}],"Toy Ornithopter":8,"Ring of the Snake":[46],"Pocketwatch":[3]},"card_choices":[{"not_picked":["Quick Slash","Dagger Spray"],"picked":"Bouncing Flask","floor":1},{"not_picked":["Eviscerate","Dagger Throw","Escape Plan"],"picked":"SKIP","floor":4},{"not_picked":["Backflip","Dagger Throw"],"picked":"Bane","floor":7},{"not_picked":["Predator","Infinite Blades","Sucker Punch"],"picked":"SKIP","floor":8},{"not_picked":["Outmaneuver","Deflect","Terror"],"picked":"SKIP","floor":11},{"not_picked":["Wraith Form v2","Skewer"],"picked":"Backstab","floor":14},{"not_picked":["Corpse Explosion","Tools of the Trade"],"picked":"A Thousand Cuts","floor":16},{"not_picked":["Tactician","Outmaneuver"],"picked":"Infinite Blades+1","floor":18},{"not_picked":["Prepared","Backflip+1","Tactician+1"],"picked":"SKIP","floor":20},{"not_picked":["Blade Dance","Bane","Bouncing Flask"],"picked":"SKIP","floor":21},{"not_picked":["Deflect","Quick Slash","Acrobatics"],"picked":"SKIP","floor":24},{"not_picked":["Underhanded Strike","Skewer","Blade Dance"],"picked":"SKIP","floor":27},{"not_picked":["Sucker Punch","PiercingWail"],"picked":"Deadly Poison","floor":31},{"not_picked":["Bullet Time","Tools of the Trade"],"picked":"Venomology","floor":33},{"not_picked":["PiercingWail","Prepared+1"],"picked":"Outmaneuver+1","floor":35},{"not_picked":["Dodge and Roll+1","Predator"],"picked":"Caltrops+1","floor":37},{"not_picked":["Acrobatics","Endless Agony+1"],"picked":"Venomology","floor":39},{"not_picked":["Flying Knee","PiercingWail","Dagger Throw"],"picked":"SKIP","floor":44},{"not_picked":["Poisoned Stab+1","Wraith Form v2"],"picked":"Blade Dance+1","floor":45},{"not_picked":["Footwork","Well Laid Plans+1","Heel Hook"],"picked":"SKIP","floor":48}],"player_experience":14335,"relics_obtained":[{"floor":7,"key":"Boot"},{"floor":9,"key":"Lantern"},{"floor":22,"key":"Red Mask"},{"floor":24,"key":"Kunai"},{"floor":26,"key":"Ancient Tea Set"},{"floor":29,"key":"Bag of Marbles"},{"floor":38,"key":"Old Coin"},{"floor":39,"key":"Pocketwatch"},{"floor":43,"key":"Pantograph"},{"floor":45,"key":"Ornamental Fan"}],"event_choices":[{"damage_healed":0,"gold_gain":0,"player_choice":"Take Damage","damage_taken":18,"relics_obtained":["Golden Idol"],"max_hp_gain":0,"max_hp_loss":0,"event_name":"Golden Idol","floor":2,"gold_loss":0},{"damage_healed":0,"gold_gain":175,"player_choice":"AGREE","damage_taken":0,"max_hp_gain":0,"max_hp_loss":0,"event_name":"Liars Game","floor":3,"gold_loss":0,"cards_obtained":["Doubt"]},{"damage_healed":0,"gold_gain":0,"player_choice":"Grow","damage_taken":0,"max_hp_gain":0,"max_hp_loss":0,"event_name":"Living Wall","floor":5,"gold_loss":0,"cards_upgraded":["Storm of Steel"]},{"damage_healed":0,"gold_gain":0,"player_choice":"Bought 2 Potions","damage_taken":0,"max_hp_gain":0,"max_hp_loss":0,"event_name":"The Woman in Blue","floor":10,"gold_loss":0},{"damage_healed":0,"gold_gain":0,"player_choice":"Fought Bandits","damage_taken":0,"max_hp_gain":0,"max_hp_loss":0,"event_name":"Masked Bandits","floor":22,"gold_loss":0},{"damage_healed":0,"gold_gain":0,"player_choice":"Read","damage_taken":0,"max_hp_gain":0,"max_hp_loss":0,"event_name":"The Library","floor":28,"gold_loss":0,"cards_obtained":["Caltrops"]},{"damage_healed":0,"gold_gain":0,"player_choice":"Ignored","damage_taken":0,"max_hp_gain":0,"max_hp_loss":0,"event_name":"Ghosts","floor":30,"gold_loss":0},{"damage_healed":0,"gold_gain":0,"player_choice":"1 cards matched","damage_taken":0,"max_hp_gain":0,"max_hp_loss":0,"event_name":"Match and Keep!","floor":36,"gold_loss":0,"cards_obtained":["Prepared"]},{"damage_healed":0,"gold_gain":0,"player_choice":"Fight","damage_taken":0,"max_hp_gain":0,"max_hp_loss":0,"event_name":"MindBloom","floor":38,"gold_loss":0},{"damage_healed":0,"gold_gain":0,"player_choice":"Fight","damage_taken":0,"max_hp_gain":0,"max_hp_loss":0,"event_name":"Mysterious Sphere","floor":39,"gold_loss":0},{"damage_healed":0,"gold_gain":275,"player_choice":"Desecrate","damage_taken":0,"max_hp_gain":0,"max_hp_loss":0,"event_name":"Golden Shrine","floor":42,"gold_loss":0,"cards_obtained":["Regret"]},{"damage_healed":0,"gold_gain":222,"player_choice":"Wore Mask","damage_taken":0,"max_hp_gain":0,"max_hp_loss":0,"event_name":"Tomb of Lord Red Mask","floor":46,"gold_loss":0},{"damage_healed":0,"gold_gain":0,"player_choice":"Got Potions","damage_taken":0,"max_hp_gain":0,"max_hp_loss":0,"event_name":"Lab","floor":47,"gold_loss":0}],"is_beta":false,"boss_relics":[{"not_picked":["Coffee Dripper","Ectoplasm"],"picked":"SlaversCollar"},{"not_picked":["WristBlade","Runic Pyramid"],"picked":"Fusion Hammer"}],"items_purged_floors":[],"is_endless":false,"potions_floor_spawned":[1,8,11,21,22,27,31,38,45,48],"ascension_level":0}}