{"host":"yiit85oc4oi3nqs8","time":1609841518,"event":{"mods":["AchievementEnabler","BaseMod","Better Third Choice","Block Reminder","DeckTracker","Highlight Path","Keyboard Shortcuts","Minty Spire (QoL Compilation)","MonsterHotkey","Quick Restart","Random Character Button","Relic Stats","StSLib"],"gold_per_floor":[114,114,114,127,127,142,142,142,26,26,26,61,77,77,157,177,188,188,188],"floor_reached":18,"playtime":689,"items_purged":["Strike_G"],"score":218,"play_id":"ffc906bb-9b4e-47ce-81ae-3a052716c852","local_time":"20210105191158","is_ascension_mode":true,"campfire_choices":[{"floor":10.0,"key":"REST"},{"data":"Footwork","floor":11.0,"key":"SMITH"}],"circlet_count":0,"master_deck":["AscendersBane","Strike_G","Strike_G","Strike_G","Defend_G","Defend_G","Defend_G+1","Defend_G","Defend_G","Survivor","Neutralize+1","Malaise","Deflect","Dagger Throw","Escape Plan","Footwork+1","Leg Sweep+1","Cloak And Dagger+1"],"relics":["Ring of the Snake","Bird Faced Urn","Blue Candle","Toxic Egg 2","Pear"],"acts_visited":["Exordium"],"potions_floor_usage":[12,16,18],"damage_taken":[{"damage":6.0,"enemies":"Jaw Worm","floor":1.0,"turns":5.0},{"damage":0.0,"enemies":"Small Slimes","floor":4.0,"turns":5.0},{"damage":0.0,"enemies":"2 Louse","floor":6.0,"turns":3.0},{"damage":26,"enemies":"Lagavulin","floor":12,"turns":16},{"damage":0,"enemies":"Blue Slaver","floor":13,"turns":6},{"damage":0,"enemies":"3 Louse","floor":16,"turns":1},{"damage":0,"enemies":"Red Slaver","floor":17,"turns":5},{"damage":53,"enemies":"Gremlin Nob","floor":18,"turns":6}],"seed_played":"-5311358094292252807","potions_obtained":[{"floor":1.0,"key":"LiquidBronze"},{"floor":13,"key":"Explosive Potion"},{"floor":16,"key":"AttackPotion"}],"is_trial":false,"path_per_floor":["M","?","?","M","?","M","?","$","$","R","R","E","M","T","T","M","M","E"],"character_chosen":"THE_SILENT","items_purchased":["Footwork"],"campfire_rested":1,"item_purchase_floors":[9],"current_hp_per_floor":[53,53,33,33,28,28,28,28,28,47,47,23,25,25,35,37,39,0,0],"gold":188,"neow_bonus":"ONE_RANDOM_RARE_CARD","is_daily":false,"chose_seed":false,"campfire_upgraded":1,"win_rate":0.0,"timestamp":1609841518,"path_taken":["M","?","?","M","?","M","?","$","$","R","R","E","M","T","T","?","M","E"],"items_purchased_type":["Card"],"build_version":"2020-12-22","purchased_purges":1,"victory":false,"max_hp_per_floor":[66,66,66,66,66,66,66,66,66,66,66,66,66,66,76,76,76,76,76],"relic_stats":{"counters":[8,47],"Bird Faced Urn":[10],"Blue Candle":[0],"obtain_stats":[{"Pear":15,"Bird Faced Urn":5,"Blue Candle":12,"Toxic Egg 2":14,"Ring of the Snake":0},{"Pear":5,"Bird Faced Urn":2,"Blue Candle":4,"Toxic Egg 2":5,"Ring of the Snake":0},{"Pear":35,"Bird Faced Urn":10,"Blue Candle":29,"Toxic Egg 2":35,"Ring of the Snake":0}],"Ring of the Snake":[16]},"card_choices":[{"not_picked":["Finisher","Sucker Punch"],"picked":"Deflect","floor":1.0},{"not_picked":["Deflect","Choke"],"picked":"Dagger Throw","floor":4.0},{"not_picked":["Prepared","Poisoned Stab"],"picked":"Escape Plan","floor":6.0},{"not_picked":["Flechettes","Eviscerate","Endless Agony"],"picked":"SKIP","floor":12},{"not_picked":["Dagger Spray","Outmaneuver","Skewer"],"picked":"SKIP","floor":13},{"not_picked":["Tactician+1","Backflip+1"],"picked":"Leg Sweep+1","floor":16},{"not_picked":["Leg Sweep+1","Infinite Blades"],"picked":"Cloak And Dagger+1","floor":17}],"player_experience":451019,"relics_obtained":[{"floor":12,"key":"Blue Candle"},{"floor":14,"key":"Toxic Egg 2"},{"floor":15,"key":"Pear"}],"event_choices":[{"cards_removed":["Strike_G"],"damage_healed":0.0,"max_hp_gain":0.0,"max_hp_loss":0.0,"gold_gain":0.0,"event_name":"Living Wall","player_choice":"Forget","floor":2.0,"gold_loss":0.0,"damage_taken":0.0},{"damage_healed":53.0,"max_hp_gain":0.0,"max_hp_loss":66.0,"gold_gain":0.0,"event_name":"betterThird:BetterShining","player_choice":"Upgrade","floor":3.0,"gold_loss":0.0,"damage_taken":20.0,"cards_upgraded":["Neutralize","Defend_G"]},{"damage_healed":0.0,"max_hp_gain":0.0,"max_hp_loss":0.0,"gold_gain":0.0,"event_name":"betterThird:BetterScrap","player_choice":"Relic ","floor":5.0,"gold_loss":0.0,"damage_taken":5.0,"cards_obtained":["Entrench"]},{"damage_healed":0.0,"max_hp_gain":0.0,"max_hp_loss":0.0,"gold_gain":0.0,"event_name":"betterThird:BetterSerpent","player_choice":"Ignored","floor":7.0,"gold_loss":0.0,"damage_taken":142.0}],"is_beta":false,"boss_relics":[],"items_purged_floors":[9],"is_endless":false,"potions_floor_spawned":[1,13,16],"killed_by":"Gremlin Nob","ascension_level":19}}