{"host":"kyqjgixlgaa7nvxg","time":1609831847,"event":{"mods":["ATMod(阿瑾Mod)","Act Like it!","Aspiration","BaseMod","Easy Mod","Hubris","Jedi Mod","Koishi","Library of Ruina","Marisa（F雨　魔理沙）","Minty Spire (QoL Compilation)","MostiFishMod","Red Circlet Mod","Relic Sorter","Replay The Spire","RumiaBox-露米娅的神秘盒子","Shop Mod","Spicy Shops","StSLib","TestMod","The Bug Knight","[IsaacMod]以撒尖塔","[功能]功能增强和修复MOD","【功能Mod】混沌之环修复补丁","【遗物Mod】死灵法师NEW","【遗物Mod】简单游戏","【遗物卡牌】REMEMod","残留之物","魔戒"],"gold_per_floor":[109,113,163,14,33,63,463,491,491,517,517,567,594,606,606,702,702,712,712,197,197,166,199,241,275,275,288,316,330,330,330,330,432,432,442,466,466,466,477,477,510,522,545,565,595,595,620,165,165,165,165,165,46,77,77],"floor_reached":56,"playtime":3656,"items_purged":["Regret","HollowMod:NailStrikeStart","HollowMod:QuickDashStart","HollowMod:QuickDashStart","HollowMod:QuickDashStart","HollowMod:NailStrikeStart","HollowMod:NailStrikeStart","HollowMod:MidwifesHunger+1"],"score":1668,"play_id":"9c0b9b83-febf-46c3-9e87-b2a201022cd5","local_time":"20210105153047","is_ascension_mode":true,"campfire_choices":[{"floor":11,"key":"RECALL"},{"data":"AT_FamilyPortrait","floor":32,"key":"SMITH"},{"data":"DevaForm","floor":40,"key":"SMITH"},{"data":"EpicFetus","floor":46,"key":"SMITH"},{"data":"HollowMod:HuntersJournal","floor":49,"key":"SMITH"},{"data":"EasyMod:card_1","floor":52,"key":"SMITH"}],"circlet_count":0,"master_deck":["EasyMod:card_1","HollowMod:FocusHealStart","HollowMod:PogoStrike+1","EpicFetus+1","AT_FamilyPortrait+1","DevaForm+1","HollowMod:SoulSplash","HollowMod:DashSlash","HollowMod:CloakDash","HollowMod:AbyssShriek+1","HollowMod:HuntersJournal+1","HollowMod:LifebloodCocoon+1","HollowMod:Weaversong+1","AT_FamilyPortrait+1","HollowMod:NewLittleFool+1","HollowMod:CycloneSlash+1","HollowMod:LifebloodCore+1","Rainbow+1","HollowMod:HuntersJournal+1","HollowMod:Weaversong+1","Finesse+1"],"relics":["HollowMod:VesselMask","EasyRelic","DaveBox","REME_ComplimentaryCards","AT_ATBox","HushsDoor","Leech","The Courier","testmod-SaigiyounoYou","Baka","hubris:SlimyHat","PageOfScorchedGirl","MerchantsRug","BrkXgEgg","AT_SeraphEmbrace","PageOfSingingMachine","Gremlin Food","ReplayTheSpireMod:TigerMarble","HollowMod:PaleOreRelic","AT_ForceNature","DianPoetry","testmod-Nine","DeadEye","SentryEyes","Bag of Marbles","White Beast Statue","Tiny Chest","Simple Rune","MagicDraw2","Darkstone Periapt","EasyMod:Easy_4","hubris:Icosahedron","aspiration:MarisaSkillbook","Nunchaku","UndeadPower","Whetstone","Prayer Wheel","Iron Hammer","hubris:BottledRain","SumDragon","Replay:Wax Seal","CeramicFish","ZombieArmy","AT_SunfireAegis","EasyMod:Easy_3","AT_BladeRuinedKing","Guide Book","StrikeDummy"],"acts_visited":["Exordium","TheCity","TheBeyond","TheEnding"],"potions_floor_usage":[16,35,44],"damage_taken":[{"damage":0,"enemies":"2 Louse","floor":1,"turns":2},{"damage":5,"enemies":"Cultist","floor":2,"turns":2},{"damage":27,"enemies":"Hiden Room Battle","floor":3,"turns":2},{"damage":16,"enemies":"Jaw Worm","floor":5,"turns":2},{"damage":14,"enemies":"3 Sentries","floor":6,"turns":2},{"damage":1,"enemies":"Lagavulin","floor":8,"turns":3},{"damage":12,"enemies":"3 Sentries","floor":10,"turns":2},{"damage":7,"enemies":"Replay:BlueRogue","floor":13,"turns":3},{"damage":0,"enemies":"Gremlin Gang","floor":14,"turns":1},{"damage":19,"enemies":"Fading Forest","floor":16,"turns":10},{"damage":12,"enemies":"2 Thieves","floor":18,"turns":3},{"damage":0,"enemies":"HollowMod:Nosk","floor":23,"turns":2},{"damage":1,"enemies":"Spheric Guardian","floor":24,"turns":2},{"damage":21,"enemies":"Gremlin Leader","floor":25,"turns":3},{"damage":3,"enemies":"Chosen and Byrds","floor":27,"turns":2},{"damage":17,"enemies":"Slavers","floor":28,"turns":2},{"damage":0,"enemies":"3 Cultists","floor":29,"turns":2},{"damage":5,"enemies":"Collector","floor":33,"turns":5},{"damage":22,"enemies":"3 Darklings","floor":35,"turns":2},{"damage":0,"enemies":"Orb Walker","floor":39,"turns":2},{"damage":2,"enemies":"HollowMod:StalkingDevout","floor":41,"turns":3},{"damage":9,"enemies":"Spire Growth","floor":42,"turns":3},{"damage":0,"enemies":"Transient","floor":44,"turns":5},{"damage":1,"enemies":"Giant Head","floor":45,"turns":1},{"damage":0,"enemies":"HollowMod:StalkingDevout","floor":47,"turns":1},{"damage":4,"enemies":"hubris:GrandSnecko","floor":50,"turns":3},{"damage":2,"enemies":"Shield and Spear","floor":54,"turns":2},{"damage":5,"enemies":"RingOfDestiny:Rita","floor":55,"turns":6}],"seed_played":"7439090475546063","potions_obtained":[{"floor":1,"key":"Regen Potion"},{"floor":2,"key":"Toxic Potion"},{"floor":2,"key":"Energy Potion"},{"floor":5,"key":"jedi:StrikingPotion"},{"floor":5,"key":"PowerPotion"},{"floor":10,"key":"Energy Potion"},{"floor":16,"key":"Block Potion"},{"floor":18,"key":"PlaceholderMod:PlaceholderPotion"},{"floor":23,"key":"PlaceholderMod:PlaceholderPotion"},{"floor":24,"key":"Adrenaline Potion"},{"floor":35,"key":"Explosive Potion"},{"floor":42,"key":"SteroidPotion"},{"floor":44,"key":"ColorlessPotion"},{"floor":45,"key":"REME_GoldPotion"},{"floor":45,"key":"jedi:wingpotion"},{"floor":54,"key":"Elixir"},{"floor":54,"key":"Flashbang"}],"is_trial":false,"path_per_floor":["M","M","?","$","M","E","?","E","T","E","R","T","E","M","R","B",null,"M","?","$","?","$","E","M","E","T","M","E","M","?","?","R","B",null,"M","T","?","?","M","R","E","M","T","M","E","R","E","$","R","B",null,"R","$","E","B",null],"character_chosen":"THE_BUGKNIGHT","items_purchased":["MerchantsRug","BrkXgEgg","AT_ArchangelStaff","DeadEye","HollowMod:HuntersJournal","SentryEyes","Bag of Marbles","White Beast Statue","Tiny Chest","SumDragon","Replay:Wax Seal","CeramicFish","ZombieArmy","AT_SunfireAegis","EasyMod:Easy_3","Finesse","AT_BladeRuinedKing","Guide Book"],"campfire_rested":0,"item_purchase_floors":[4,4,4,20,20,20,20,20,22,48,48,48,48,48,48,48,53,53],"current_hp_per_floor":[75,73,53,53,63,74,74,75,75,75,75,75,73,75,75,73,75,75,75,75,75,75,75,75,75,75,75,38,38,38,38,38,38,38,18,18,18,33,37,37,37,37,37,37,37,37,37,37,37,37,37,37,37,37,27],"gold":77,"neow_bonus":"TRANSFORM_TWO_CARDS","is_daily":false,"chose_seed":false,"campfire_upgraded":5,"win_rate":0.0,"timestamp":1609831847,"path_taken":["M","M","?","$","M","E","?","E","T","E","R","?","E","M","R","BOSS","M","?","$","?","$","E","M","E","T","M","E","?","?","?","R","BOSS","M","?","?","?","M","R","E","?","T","M","E","R","E","$","R","BOSS","R","$","E","BOSS"],"items_purchased_type":["Relic","Relic","Relic","Relic","Card","Relic","Relic","Relic","Relic","Relic","Relic","Relic","Relic","Relic","Relic","Card","Relic","Relic"],"build_version":"2020-12-22","purchased_purges":8,"victory":true,"max_hp_per_floor":[75,75,75,75,75,75,75,75,75,75,75,75,75,75,75,75,75,75,75,75,75,75,75,75,75,75,75,38,38,38,38,38,38,38,38,38,38,33,37,37,37,37,37,37,37,37,37,37,37,37,37,37,37,37,28],"card_choices":[{"not_picked":[],"picked":"EpicFetus","floor":0},{"not_picked":["HollowMod:CoiledNail","HollowMod:MawleksShell","HollowMod:MonarchWings"],"picked":"SKIP","floor":1},{"not_picked":["HollowMod:NewJinnsSoul","HollowMod:GoodIntentions"],"picked":"HollowMod:SoulSplash","floor":2},{"not_picked":["HollowMod:InfectionAssault","HollowMod:SiblingsSouls"],"picked":"HollowMod:DashSlash","floor":3},{"not_picked":["HollowMod:InfectedAttack","HollowMod:ChannelNail","HollowMod:Hiveblood+1"],"picked":"SKIP","floor":5},{"not_picked":["HollowMod:CornifersMapStart","HollowMod:SoulVessel","HollowMod:ChannelNail"],"picked":"SKIP","floor":6},{"not_picked":["HollowMod:BlackTendrils","HollowMod:ChannelNail"],"picked":"HollowMod:CloakDash","floor":8},{"not_picked":["HollowMod:DescendingDark","HollowMod:LuriensSpire","HollowMod:InfectedCysts"],"picked":"SKIP","floor":10},{"not_picked":["HollowMod:ShapeofUnn","HollowMod:VengefulSpirit"],"picked":"HollowMod:MidwifesHunger+1","floor":13},{"not_picked":["HollowMod:ShadowDash","HollowMod:SiblingsSouls","HollowMod:MawleksShell"],"picked":"SKIP","floor":14},{"not_picked":["HollowMod:MonomonsArchive+1","HollowMod:CornifersMapStart"],"picked":"HollowMod:AbyssShriek","floor":18},{"not_picked":["HollowMod:WraithStrike","HollowMod:VengefulVoid","HollowMod:NewLittleFool"],"picked":"SKIP","floor":23},{"not_picked":["HollowMod:HowlingWraiths+1","HollowMod:CornifersMapStart","HollowMod:DashSlash+1"],"picked":"SKIP","floor":24},{"not_picked":["HollowMod:CloakDash","HollowMod:InfectedCysts+1","HollowMod:AwokenDreamNail+1"],"picked":"SKIP","floor":25},{"not_picked":["HollowMod:HowlingWraiths+1","HollowMod:MonarchWings"],"picked":"HollowMod:LifebloodCocoon+1","floor":27},{"not_picked":["HollowMod:MidwifesHunger+1","HollowMod:ShapeofUnn","HollowMod:SoulVessel"],"picked":"SKIP","floor":28},{"not_picked":["HollowMod:DreamGate","HollowMod:SiblingsShadow+1","HollowMod:VengefulVoid+1"],"picked":"SKIP","floor":29},{"not_picked":["HollowMod:SoulMaster+1","HollowMod:PaleKingsBlessing+1"],"picked":"HollowMod:Weaversong+1","floor":33},{"not_picked":["HollowMod:DungDefenderAura","HollowMod:VengefulVoid","HollowMod:SoulShaman+1","HollowMod:GoodIntentions"],"picked":"SKIP","floor":35},{"not_picked":["HollowMod:WraithStrike","HollowMod:DoubleDash+1","HollowMod:ChannelNail+1"],"picked":"HollowMod:NewLittleFool+1","floor":39},{"not_picked":["HollowMod:InfectedCysts","HollowMod:SiblingsSouls+1","HollowMod:CloakDash"],"picked":"HollowMod:CycloneSlash","floor":41},{"not_picked":["HollowMod:CycloneSlash","HollowMod:MawleksShell","HollowMod:MantisMark","HollowMod:SharpenedNail+1"],"picked":"SKIP","floor":42},{"not_picked":["HollowMod:ChannelNail","HollowMod:InfectedAttack","HollowMod:DescendingDark+1"],"picked":"HollowMod:HuntersJournal+1","floor":44},{"not_picked":["HollowMod:MonomonsArchive+1","HollowMod:TaintedHusks","HollowMod:InfectionAssault+1"],"picked":"HollowMod:Weaversong+1","floor":44},{"not_picked":["HollowMod:LifebloodCocoon+1","HollowMod:InfectedCysts+1","HollowMod:DashSlash","HollowMod:CrystalDash+1"],"picked":"SKIP","floor":45},{"not_picked":["HollowMod:SharpenedNail+1","HollowMod:VengefulVoid+1","HollowMod:InfectedCysts+1","HollowMod:GoodIntentions"],"picked":"SKIP","floor":47},{"not_picked":["HollowMod:LuriensSpire+1","HollowMod:WraithStrike","HollowMod:AwokenDreamNail+1","HollowMod:CornifersMapStart+1"],"picked":"SKIP","floor":54}],"player_experience":611047,"relics_obtained":[{"floor":1,"key":"Baka"},{"floor":3,"key":"hubris:SlimyHat"},{"floor":3,"key":"PageOfScorchedGirl"},{"floor":6,"key":"PageOfSingingMachine"},{"floor":8,"key":"Gremlin Food"},{"floor":10,"key":"ReplayTheSpireMod:TigerMarble"},{"floor":12,"key":"HollowMod:PaleOreRelic"},{"floor":13,"key":"AT_ForceNature"},{"floor":16,"key":"DianPoetry"},{"floor":23,"key":"Simple Rune"},{"floor":25,"key":"MagicDraw2"},{"floor":26,"key":"Darkstone Periapt"},{"floor":28,"key":"EasyMod:Easy_4"},{"floor":36,"key":"Nunchaku"},{"floor":41,"key":"UndeadPower"},{"floor":43,"key":"Whetstone"},{"floor":45,"key":"Iron Hammer"},{"floor":47,"key":"hubris:BottledRain"},{"floor":54,"key":"StrikeDummy"}],"event_choices":[{"damage_healed":0,"gold_gain":0,"player_choice":"Fight","damage_taken":0,"max_hp_gain":0,"max_hp_loss":0,"event_name":"HidenRoomEvent","floor":3,"gold_loss":0},{"damage_healed":0,"gold_gain":400,"player_choice":"Sell","damage_taken":0,"max_hp_gain":0,"max_hp_loss":0,"event_name":"恩洛斯的盘子","floor":7,"relics_lost":["testmod-TestBox"],"gold_loss":0},{"cards_removed":["HollowMod:SiblingsShadow"],"damage_healed":0,"gold_gain":0,"player_choice":"Forget","damage_taken":0,"max_hp_gain":0,"max_hp_loss":0,"event_name":"Living Wall","floor":15,"gold_loss":0},{"damage_healed":0,"gold_gain":0,"player_choice":"Ignored","damage_taken":0,"max_hp_gain":0,"max_hp_loss":0,"event_name":"Beggar","floor":21,"gold_loss":0},{"damage_healed":0,"gold_gain":0,"player_choice":"Copied","damage_taken":0,"max_hp_gain":0,"max_hp_loss":0,"event_name":"Duplicator","floor":37,"gold_loss":0,"cards_obtained":["AT_FamilyPortrait"]},{"damage_healed":33,"gold_gain":0,"player_choice":"Heal","damage_taken":0,"max_hp_gain":0,"max_hp_loss":5,"event_name":"The Moai Head","floor":38,"gold_loss":0}],"is_beta":false,"boss_relics":[{"not_picked":["testmod-PortableAltar","hubris:TerracottaHorce"],"picked":"testmod-Nine"},{"not_picked":[]},{"not_picked":["aspiration:RunicSpoon","Velvet Choker"],"picked":"aspiration:MarisaSkillbook"},{"not_picked":[]}],"items_purged_floors":[4,4,4,4,4,4,4,48],"is_endless":false,"potions_floor_spawned":[1,2,2,5,5,10,10,13,16,18,23,24,25,27,27,28,28,29,29,33,35,35,35,39,39,41,42,44,44,45,45,45,47,47,54,54,54],"ascension_level":4}}