{"host":"bpkhhmvsfrvlto2l","time":1609806645,"event":{"mods":["2.2 Compatiblity","Act Like it!","AlwaysNeverKeys","BaseMod","Better Silent Start","Challenge The Spire","Colored Map","Colored Powertips","Custom Start","Downfall","Energized Spire","Friendly Minions","GifTheSpireLib","Halation","Hubris","Infinite Spire","Ironclad Rager","Mimic Mod","Minty Spire (QoL Compilation)","Permanent Neow","Quick Restart","Random Character Button","Relic Sorter","Replay The Spire","Spikes Relics","StSLib","Stuff the Spire","Swap Starting Deck Mod","Trackpad"],"gold_per_floor":[119,119,119,119,134,134,152,152,190,190,200,200,225,243,243,341,341,359,374,217,231,231,260,260,273,273,305,305,325,240,261,261,408,408,457,500,500,555,374,425,473,478,478],"floor_reached":42,"playtime":1353,"items_purged":[],"score":670,"play_id":"9f7a401f-95ef-41b6-8419-7f3fd287c6d8","local_time":"20210104193045","is_ascension_mode":false,"campfire_choices":[{"data":"Bouncing Flask","floor":6.0,"key":"SMITH"},{"data":"Poisoned Stab","floor":8.0,"key":"SMITH"},{"floor":10.0,"key":"REST"},{"data":"Parasite","floor":15.0,"key":"SMITH"},{"data":"Terror","floor":24,"key":"SMITH"},{"floor":32,"key":"REST"}],"circlet_count":0,"master_deck":["Strike_G","Strike_G","Strike_G","Strike_G","Defend_G","Defend_G","Defend_G","Defend_G","Neutralize+1","Bouncing Flask+1","infinitespire:DeathsTouch","Poisoned Stab+1","Backstab","Terror+1","Adrenaline","Envenom","Noxious Fumes","Survivor+1"],"relics":["Ring of the Snake","halation:PinkSoulGem","hubris:Towel","Nunchaku","halation:PrussianBluePaint","trackpad:WondrousWand","energizedSpire:DeadBattery","PreservedInsect","Bronze Scales","trackpad:DisasterInABottle","Regal Pillow","halation:IllGainedPizza","halation:AfternoonTea","infinitespire:EvilPickle","SlaversCollar","StuffTheSpire:Mouthbags","SnailShell"],"acts_visited":["Exordium","TheCity","TheBeyond"],"potions_floor_usage":[25,33,40,40,41],"damage_taken":[{"damage":0.0,"enemies":"Jaw Worm","floor":1.0,"turns":6.0},{"damage":0.0,"enemies":"2 Louse","floor":5.0,"turns":2.0},{"damage":10.0,"enemies":"Small Slimes","floor":7.0,"turns":4.0},{"damage":1.0,"enemies":"Exordium Thugs","floor":9.0,"turns":4.0},{"damage":1.0,"enemies":"Exordium Thugs","floor":11.0,"turns":4.0},{"damage":18.0,"enemies":"3 Sentries","floor":13.0,"turns":4.0},{"damage":0.0,"enemies":"Looter","floor":14.0,"turns":2.0},{"damage":28.0,"enemies":"Hexaghost","floor":16.0,"turns":6.0},{"damage":5,"enemies":"2 Thieves","floor":18,"turns":3},{"damage":0,"enemies":"Spheric Guardian","floor":19,"turns":3},{"damage":3,"enemies":"Chosen and Byrds","floor":21,"turns":3},{"damage":0,"enemies":"Gremlin Leader","floor":23,"turns":3},{"damage":11,"enemies":"Shelled Parasite and Fungi","floor":25,"turns":2},{"damage":5,"enemies":"Book of Stabbing","floor":27,"turns":4},{"damage":5,"enemies":"Snake Plant","floor":29,"turns":2},{"damage":6,"enemies":"Centurion and Healer","floor":31,"turns":3},{"damage":40,"enemies":"Pondfish","floor":33,"turns":11},{"damage":11,"enemies":"3 Darklings","floor":35,"turns":3},{"damage":13,"enemies":"Orb Walker","floor":36,"turns":3},{"damage":13,"enemies":"3 Darklings","floor":38,"turns":5},{"damage":0,"enemies":"Reptomancer","floor":40,"turns":2},{"damage":20,"enemies":"Maw","floor":41,"turns":6},{"damage":12,"enemies":"Transient","floor":42,"turns":5}],"seed_played":"4645481549452966742","potions_obtained":[{"floor":5.0,"key":"Weak Potion"},{"floor":11.0,"key":"SteroidPotion"},{"floor":13.0,"key":"Doom Potion"},{"floor":14.0,"key":"FearPotion"},{"floor":16.0,"key":"Venom Potion"},{"floor":18,"key":"SkillPotion"},{"floor":25,"key":"Weak Potion"},{"floor":35,"key":"SteroidPotion"},{"floor":36,"key":"Slimebound:ThreeZeroPotion"}],"is_trial":false,"path_per_floor":["M","?","$","?","M","R","M","R","MIM","R","M","?","E","M","R","B",null,"M","M","$","M","?","E","R","M","T","E","T","M","?","M","R","B",null,"M","M","?","M","$","E","M","M"],"character_chosen":"THE_SILENT","items_purchased":["PreservedInsect","Noxious Fumes","StuffTheSpire:Mouthbags"],"campfire_rested":2,"item_purchase_floors":[20,39,39],"current_hp_per_floor":[70,70,70,52,52,52,42,42,41,62,61,70,52,52,52,24,67,62,62,62,59,59,59,59,48,48,43,43,38,38,32,67,27,67,56,43,43,30,30,30,10,0,0],"gold":478,"neow_bonus":"RANDOM_EVENT","is_daily":false,"chose_seed":false,"campfire_upgraded":4,"win_rate":0.0,"timestamp":1609806645,"path_taken":["M","?","$","?","M","R","M","R","MIM","R","?","?","E","M","R","BOSS","M","M","$","M","?","E","R","M","T","E","?","M","?","M","R","BOSS","M","M","?","M","$","E","?","M"],"items_purchased_type":["Relic","Card","Relic"],"build_version":"2020-12-22","purchased_purges":0,"victory":false,"max_hp_per_floor":[70,70,70,70,70,70,70,70,70,70,70,70,70,70,67,67,67,67,67,67,67,67,67,67,67,67,67,67,67,67,67,67,67,67,67,67,67,67,67,67,67,67,67],"card_choices":[{"not_picked":["Slice","hubris:SlightOfHand"],"picked":"Bouncing Flask","floor":1.0},{"not_picked":["ReplayTheSpireMod:??????????????????????","infinitespire:UltimateForm"],"picked":"infinitespire:DeathsTouch","floor":4.0},{"not_picked":["Bullet Time","Flying Knee"],"picked":"Poisoned Stab","floor":7.0},{"not_picked":["Replay:Poison Smokescreen","StuffTheSpire:Injection"],"picked":"Backstab","floor":11.0},{"not_picked":["Blade Dance","ReplayTheSpireMod:Shiv Toss"],"picked":"Terror","floor":13.0},{"not_picked":["Choke+1","ShadowRift"],"picked":"Adrenaline","floor":19},{"not_picked":["Backflip","Quick Slash","Deadly Poison"],"picked":"SKIP","floor":29},{"not_picked":["After Image","Tools of the Trade"],"picked":"Envenom","floor":33}],"player_experience":28490,"relics_obtained":[{"floor":9.0,"key":"Nunchaku"},{"floor":9.0,"key":"halation:PrussianBluePaint"},{"floor":13.0,"key":"trackpad:WondrousWand"},{"floor":23,"key":"Bronze Scales"},{"floor":26,"key":"trackpad:DisasterInABottle"},{"floor":27,"key":"Regal Pillow"},{"floor":28,"key":"halation:IllGainedPizza"},{"floor":40,"key":"SnailShell"}],"event_choices":[{"damage_healed":17.0,"max_hp_gain":0.0,"max_hp_loss":0.0,"gold_gain":0.0,"event_name":"Mushrooms","player_choice":"Healed and dodged fight","floor":12.0,"gold_loss":0.0,"damage_taken":0.0,"cards_obtained":["Parasite"]},{"damage_healed":0,"gold_gain":0,"player_choice":"Obtained Relic","damage_taken":0,"relics_obtained":["halation:AfternoonTea"],"max_hp_gain":0,"max_hp_loss":0,"event_name":"Addict","floor":30,"gold_loss":85},{"damage_healed":0,"gold_gain":0,"player_choice":"Ignored","damage_taken":0,"max_hp_gain":0,"max_hp_loss":0,"event_name":"Transmorgrifier","floor":37,"gold_loss":0}],"is_beta":false,"boss_relics":[{"not_picked":["Velvet Choker","hubris:Stopwatch"],"picked":"energizedSpire:DeadBattery"},{"not_picked":["Sandwich","halation:Risk"],"picked":"SlaversCollar"}],"items_purged_floors":[],"is_endless":false,"potions_floor_spawned":[5,11,13,14,16,18,21,23,25,35,36,41],"killed_by":"Transient","ascension_level":0}}