{"host":"mi0eibewekhugwl1","time":1609830350,"event":{"mods":["AchievementEnabler","BaseMod","Colored Map","Colored Powertips","DeckTracker","Keyboard Shortcuts","Minty Spire (QoL Compilation)","Quick Restart","Rare Cards Sparkle","Relic Stats","StSLib","SuperFastMode","everything is the same but u backflip on backflip"],"gold_per_floor":[114,79,92,92,92,92,92],"floor_reached":6,"playtime":80,"items_purged":[],"score":68,"play_id":"79dd5671-8f58-4291-9d76-71c73bd7bbae","local_time":"20210105160550","is_ascension_mode":true,"campfire_choices":[],"circlet_count":0,"master_deck":["AscendersBane","Strike_R","Strike_R","Strike_R","Strike_R","Strike_R","Defend_R","Defend_R","Defend_R","Defend_R","Bash","Master of Strategy","Rampage"],"relics":["Burning Blood","Tiny Chest","HornCleat"],"acts_visited":["Exordium"],"potions_floor_usage":[],"damage_taken":[{"damage":19,"enemies":"Jaw Worm","floor":1,"turns":5},{"damage":6,"enemies":"2 Louse","floor":3,"turns":3},{"damage":56,"enemies":"Gremlin Nob","floor":6,"turns":4}],"seed_played":"-3555950115528173383","potions_obtained":[],"is_trial":false,"path_per_floor":["M","?","M","T","?","E"],"character_chosen":"IRONCLAD","items_purchased":[],"campfire_rested":0,"item_purchase_floors":[],"current_hp_per_floor":[37,55,55,55,50,0,0],"gold":92,"neow_bonus":"RANDOM_COLORLESS_2","is_daily":false,"chose_seed":false,"campfire_upgraded":0,"win_rate":0.0,"timestamp":1609830350,"path_taken":["M","?","M","?","?","E"],"items_purchased_type":[],"build_version":"2020-12-22","purchased_purges":0,"victory":false,"max_hp_per_floor":[75,75,75,75,75,75,75],"relic_stats":{"counters":[3,12],"Tiny Chest":0,"obtain_stats":[{"HornCleat":5,"Tiny Chest":4,"Burning Blood":0},{"HornCleat":2,"Tiny Chest":2,"Burning Blood":0},{"HornCleat":8,"Tiny Chest":8,"Burning Blood":0}],"Burning Blood":12},"card_choices":[{"not_picked":["Secret Weapon","The Bomb"],"picked":"Master of Strategy","floor":0},{"not_picked":["True Grit","Iron Wave","Anger"],"picked":"SKIP","floor":1},{"not_picked":["Havoc","Dark Embrace"],"picked":"Rampage","floor":3}],"player_experience":1730068,"relics_obtained":[{"floor":4,"key":"Tiny Chest"}],"event_choices":[{"damage_healed":18,"gold_gain":0,"player_choice":"Healed","damage_taken":0,"max_hp_gain":0,"max_hp_loss":0,"event_name":"The Cleric","floor":2,"gold_loss":35},{"damage_healed":0,"gold_gain":0,"player_choice":"Success","damage_taken":5,"relics_obtained":["HornCleat"],"max_hp_gain":0,"max_hp_loss":0,"event_name":"Scrap Ooze","floor":5,"gold_loss":0}],"is_beta":false,"boss_relics":[],"items_purged_floors":[],"is_endless":false,"potions_floor_spawned":[],"killed_by":"Gremlin Nob","ascension_level":20}}