{"host":"v4tuy5ykrbdcm9o9","time":1609818407,"event":{"mods":["BaseMod","Duelist Mod","Minty Spire (QoL Compilation)","Replay The Spire","StSLib"],"gold_per_floor":[112,37,37,37,57,100,100,140,140,180,355,355,369,387,387,507,507,526,526,526,551,65,106,106,142,142,173,193,218,252,273,273,396,396,412,430,786,786,799,843,859,1192,1192,1217,1234,1234,1267,1267,1267,1267,1267,1267,577,606,606,606],"floor_reached":55,"playtime":4955,"items_purged":["Writhe","Pot Of Greed"],"score":991,"play_id":"f9ff6368-f9e2-410d-a923-75699a35e72e","local_time":"20210104224647","is_ascension_mode":true,"campfire_choices":[{"floor":7,"key":"REST"},{"floor":12,"key":"REST"},{"floor":15,"key":"REST"},{"floor":24,"key":"REST"},{"data":"Rupture","floor":32,"key":"SMITH"},{"floor":46,"key":"RECALL"},{"data":"Perfected Strike","floor":49,"key":"SMITH"},{"floor":52,"key":"REST"}],"circlet_count":0,"master_deck":["Strike_R+1","Strike_R","Strike_R+1","Strike_R","Strike_R","Defend_R","Defend_R","Defend_R","Defend_R","Bash","ReplayTheSpireMod:Muscle Training+1","Warcry","Spot Weakness","Perfected Strike+1","Anger","Flex","Anger","Reaper","Flex+1","Impervious","Clash","Rupture+1","Hemokinesis","Warcry","Headbutt","ReplayTheSpireMod:Muscle Training+1","Perfected Strike+1","Sword Boomerang+1","Heavy Blade","Shrug It Off+1","Hemogenesis","Armaments+1","Thunderclap+1","Bloodletting+1","Anger+1","Pot Of Greed","Pot Of Greed","Pot Of Greed","Life Link","Pommel Strike","Bloodletting+1","Perfected Strike+1","Rupture","Battle Trance","Poisoned Strike+1","Fire Breathing"],"relics":["Burning Blood","Another Sword","Pondfish Scales","Vajra","Replay:Bottled Snecko","Omamori","SlaversCollar","ReplayTheSpireMod:Lightbulb","Mercury Hourglass","Replay:PocketPolymizer","Replay:Bottled Eggs","Art of War","HornCleat","Honey Jar","Old Coin","Grinning Jar","Bottled Lightning","Molten Egg 2","ReplayTheSpireMod:TigerMarble","Simple Rune"],"acts_visited":["Exordium","TheCity","TheBeyond","TheEnding"],"potions_floor_usage":[6,8,14,23,29,33,36,37,40,44,50,50,50,54,54,54,55,55],"damage_taken":[{"damage":1,"enemies":"Cultist","floor":1,"turns":3},{"damage":5,"enemies":"Jaw Worm","floor":5,"turns":3},{"damage":32,"enemies":"3 Sentries","floor":6,"turns":9},{"damage":35,"enemies":"Lagavulin","floor":8,"turns":6},{"damage":17,"enemies":"Gremlin Nob","floor":10,"turns":3},{"damage":1,"enemies":"Small Slimes","floor":13,"turns":2},{"damage":3,"enemies":"Looter","floor":14,"turns":2},{"damage":50,"enemies":"Hexaghost","floor":16,"turns":6},{"damage":19,"enemies":"Spheric Guardian","floor":18,"turns":4},{"damage":14,"enemies":"Shell Parasite","floor":21,"turns":3},{"damage":1,"enemies":"theDuelist:KaibaA2","floor":23,"turns":2},{"damage":4,"enemies":"Gremlin Leader","floor":25,"turns":4},{"damage":2,"enemies":"Replay:Snechameleon","floor":27,"turns":4},{"damage":7,"enemies":"Shelled Parasite and Fungi","floor":28,"turns":4},{"damage":2,"enemies":"Snake Plant","floor":29,"turns":3},{"damage":0,"enemies":"theDuelist:KaibaA2","floor":30,"turns":3},{"damage":0,"enemies":"Snecko","floor":31,"turns":2},{"damage":24,"enemies":"Automaton","floor":33,"turns":6},{"damage":0,"enemies":"Orb Walker","floor":35,"turns":2},{"damage":0,"enemies":"3 Shapes","floor":36,"turns":2},{"damage":26,"enemies":"2 Orb Walkers","floor":37,"turns":4},{"damage":17,"enemies":"Spire Growth","floor":39,"turns":3},{"damage":12,"enemies":"Reptomancer","floor":40,"turns":4},{"damage":25,"enemies":"3 Darklings","floor":41,"turns":4},{"damage":5,"enemies":"Giant Head","floor":44,"turns":3},{"damage":0,"enemies":"Sphere and 2 Shapes","floor":45,"turns":3},{"damage":19,"enemies":"R_Hoarder","floor":47,"turns":5},{"damage":120,"enemies":"Replay:Hell Engine","floor":50,"turns":5},{"damage":77,"enemies":"Shield and Spear","floor":54,"turns":4},{"damage":71,"enemies":"The Heart","floor":55,"turns":3}],"seed_played":"1396275410100041389","potions_obtained":[{"floor":1,"key":"SpeedPotion"},{"floor":6,"key":"Languid Potion"},{"floor":13,"key":"ColorlessPotion"},{"floor":21,"key":"Ancient Potion"},{"floor":28,"key":"PowerPotion"},{"floor":29,"key":"Toxic Potion"},{"floor":31,"key":"PowerPotion"},{"floor":33,"key":"ColorlessPotion"},{"floor":35,"key":"Energy Potion"},{"floor":37,"key":"DuplicationPotion"},{"floor":41,"key":"SkillPotion"},{"floor":44,"key":"SneckoOil"},{"floor":45,"key":"ElixirPotion"},{"floor":54,"key":"Adrenaline Potion"}],"is_trial":false,"path_per_floor":["M","$","?","?","M","E","R","E","T","E","?","R","M","M","R","B",null,"M","?","?","M","$","E","R","E","T","E","M","M","E","M","R","B",null,"M","M","?","?","M","E","M","?","T","E","M","R","E","?","R","B",null,"R","$","E","B"],"character_chosen":"IRONCLAD","items_purchased":["SteroidPotion","Rupture","Hemokinesis","Warcry","ReplayTheSpireMod:Lightbulb","Headbutt","ReplayTheSpireMod:TigerMarble","Strength Potion","BloodPotion","SkillPotion","Rupture","Battle Trance","Poisoned Strike+1"],"campfire_rested":5,"item_purchase_floors":[22,22,22,22,22,22,53,53,53,53,53,53,53],"current_hp_per_floor":[80,80,80,60,61,35,59,30,30,19,19,43,48,51,75,31,68,55,55,55,47,47,52,76,78,78,80,79,80,80,80,80,67,77,80,80,71,90,90,90,90,90,90,90,90,90,90,90,90,7,69,90,90,52,0,0],"gold":606,"neow_bonus":"ONE_RARE_RELIC","is_daily":false,"chose_seed":false,"campfire_upgraded":2,"win_rate":0.0,"timestamp":1609818407,"path_taken":["M","$","?","?","M","E","R","E","T","E","?","R","M","M","R","BOSS","M","?","?","?","$","E","R","E","T","E","M","M","E","M","R","BOSS","M","M","?","?","M","E","?","?","T","E","M","R","E","?","R","BOSS","R","$","E","BOSS"],"items_purchased_type":["Potion","Card","Card","Card","Relic","Card","Relic","Potion","Potion","Potion","Card","Card","Card"],"build_version":"2020-12-22","purchased_purges":2,"victory":false,"max_hp_per_floor":[80,80,80,80,80,80,80,80,80,80,80,80,80,80,80,80,80,80,80,80,80,80,80,80,80,80,80,80,80,80,80,80,80,80,80,80,80,90,90,90,90,90,90,90,90,90,90,90,90,90,90,90,90,90,90,90],"card_choices":[{"not_picked":["Replay:Undeath\u0027s Touch","Thunderclap"],"picked":"ReplayTheSpireMod:Muscle Training","floor":1},{"not_picked":["Replay:Undeath\u0027s Touch","Clothesline"],"picked":"Warcry","floor":5},{"not_picked":["Clash","Sever Soul"],"picked":"Spot Weakness","floor":6},{"not_picked":["Havoc","Warcry"],"picked":"Perfected Strike","floor":8},{"not_picked":["Impervious","Dual Wield"],"picked":"Anger","floor":10},{"not_picked":["Searing Blow","Cleave"],"picked":"Flex","floor":13},{"not_picked":["Cleave","Flame Barrier"],"picked":"Anger","floor":14},{"not_picked":["Replay:Many Hands","Berserk"],"picked":"Reaper","floor":16},{"not_picked":["Havoc+1","Perfected Strike"],"picked":"Flex+1","floor":18},{"not_picked":["Flex","Uppercut+1"],"picked":"Clash","floor":21},{"not_picked":["Impervious","ReplayTheSpireMod:Strike From Hell"],"picked":"ReplayTheSpireMod:Muscle Training","floor":23},{"not_picked":["Twin Strike","Disarm+1"],"picked":"Perfected Strike+1","floor":25},{"not_picked":["Wild Strike","Evolve"],"picked":"Sword Boomerang+1","floor":27},{"not_picked":["Pommel Strike","Second Wind"],"picked":"Heavy Blade","floor":28},{"not_picked":["Body Slam","True Grit"],"picked":"Shrug It Off+1","floor":29},{"not_picked":["Defy Death","Burning Pact"],"picked":"Hemogenesis","floor":30},{"not_picked":["Reckless Charge+1","Pummel","Cleave"],"picked":"SKIP","floor":31},{"not_picked":["Impervious","Berserk"],"picked":"Hemogenesis","floor":33},{"not_picked":["Flex+1","Body Slam+1","Replay:Undeath\u0027s Touch"],"picked":"Armaments+1","floor":35},{"not_picked":["Pommel Strike","ReplayTheSpireMod:Stacked","True Grit"],"picked":"Thunderclap+1","floor":36},{"not_picked":["Headbutt+1","ReplayTheSpireMod:Stacked","Battle Trance"],"picked":"Bloodletting+1","floor":37},{"not_picked":["Second Wind+1","Metallicize","Pummel"],"picked":"Anger+1","floor":39},{"not_picked":["Shrug It Off","Pommel Strike+1","Flex"],"picked":"Anger+1","floor":40},{"not_picked":["Fire Breathing","Hemogenesis","Abandon+1"],"picked":"Life Link","floor":41},{"not_picked":["Clothesline+1","Replay:Undeath\u0027s Touch","Thunderclap"],"picked":"Pommel Strike","floor":44},{"not_picked":["Wild Strike","Shockwave","Replay:Undeath\u0027s Touch"],"picked":"Bloodletting+1","floor":45},{"not_picked":["Warcry","Headbutt+1","Shrug It Off"],"picked":"Perfected Strike+1","floor":47},{"not_picked":["Burning Pact+1","Perfected Strike+1","ReplayReversal"],"picked":"Fire Breathing","floor":54}],"player_experience":555889,"relics_obtained":[{"floor":6,"key":"Pondfish Scales"},{"floor":8,"key":"Vajra"},{"floor":9,"key":"Replay:Bottled Snecko"},{"floor":10,"key":"Omamori"},{"floor":23,"key":"Mercury Hourglass"},{"floor":25,"key":"Replay:PocketPolymizer"},{"floor":26,"key":"Replay:Bottled Eggs"},{"floor":27,"key":"Art of War"},{"floor":30,"key":"HornCleat"},{"floor":37,"key":"Old Coin"},{"floor":40,"key":"Grinning Jar"},{"floor":44,"key":"Bottled Lightning"},{"floor":47,"key":"Molten Egg 2"},{"floor":54,"key":"Simple Rune"}],"event_choices":[{"damage_healed":0,"gold_gain":0,"player_choice":"Leave","damage_taken":0,"max_hp_gain":0,"max_hp_loss":0,"event_name":"The Cleric","floor":3,"gold_loss":0},{"damage_healed":0,"gold_gain":0,"player_choice":"Take Damage","damage_taken":20,"relics_obtained":["Golden Idol"],"max_hp_gain":0,"max_hp_loss":0,"event_name":"Golden Idol","floor":4,"gold_loss":0},{"damage_healed":0,"gold_gain":175,"player_choice":"AGREE","damage_taken":0,"max_hp_gain":0,"max_hp_loss":0,"event_name":"Liars Game","floor":11,"gold_loss":0,"cards_obtained":["Doubt"]},{"damage_healed":0,"gold_gain":0,"player_choice":"Ignored","damage_taken":0,"max_hp_gain":0,"max_hp_loss":0,"event_name":"Cursed Tome","floor":19,"gold_loss":0},{"damage_healed":0,"gold_gain":0,"player_choice":"1 cards matched","damage_taken":0,"max_hp_gain":0,"max_hp_loss":0,"event_name":"Match and Keep!","floor":20,"gold_loss":0,"cards_obtained":["Impervious"]},{"damage_healed":0,"gold_gain":0,"player_choice":"Fight","damage_taken":0,"max_hp_gain":0,"max_hp_loss":0,"event_name":"Mysterious Sphere","floor":37,"gold_loss":0},{"cards_removed":["Hemogenesis"],"damage_healed":9,"gold_gain":0,"player_choice":"Offered Rare","damage_taken":0,"max_hp_gain":10,"max_hp_loss":0,"event_name":"Bonfire Elementals","floor":38,"gold_loss":0},{"damage_healed":0,"gold_gain":333,"player_choice":"Gave Idol","damage_taken":0,"max_hp_gain":0,"max_hp_loss":0,"event_name":"The Moai Head","floor":42,"relics_lost":["Golden Idol"],"gold_loss":0},{"cards_removed":["Anger"],"damage_healed":0,"gold_gain":0,"player_choice":"Removed Attack","damage_taken":0,"max_hp_gain":0,"max_hp_loss":0,"event_name":"Falling","floor":48,"gold_loss":0}],"is_beta":false,"boss_relics":[{"not_picked":["Calling Bell","Pandora\u0027s Box"],"picked":"SlaversCollar"},{"not_picked":["Astrolabe","Painkiller Herb"],"picked":"Honey Jar"}],"items_purged_floors":[2,53],"is_endless":false,"potions_floor_spawned":[1,6,13,21,28,29,31,33,35,37,41,44,45,54],"killed_by":"The Heart","ascension_level":5}}