{"host":"p7j7o00jacnw7qzt","time":1609805102,"event":{"mods":["BaseMod","Colored Map","Colored Powertips","DeckTracker","Highlight Path","Minty Spire (QoL Compilation)","Relic Stats"],"gold_per_floor":[111,111,111,123,134,134,150,150,150,150,175,185,200,227,227,298,298,308,308,223,148,73,73,102,102,128,128,147,165,165,165],"floor_reached":30,"playtime":1430,"items_purged":["Rampage"],"score":566,"play_id":"b6d4b6c0-ff8e-4335-9226-8d11f60c269d","local_time":"20210104190502","is_ascension_mode":true,"campfire_choices":[{"data":"Armaments","floor":6.0,"key":"SMITH"},{"data":"Barricade","floor":8.0,"key":"SMITH"},{"data":"Second Wind","floor":10.0,"key":"SMITH"},{"floor":15.0,"key":"REST"},{"floor":23.0,"key":"REST"},{"data":"Body Slam","floor":25,"key":"SMITH"},{"floor":27,"key":"RECALL"}],"circlet_count":0,"master_deck":["AscendersBane","Defend_R","Defend_R","Defend_R","Defend_R","Bash","Metallicize","Power Through","Armaments+1","Barricade+1","Second Wind+1","Body Slam+1","Bloodletting","Evolve+1","Shrug It Off"],"relics":["Burning Blood","Paper Frog","Bag of Preparation","Runic Dome","Nilry\u0027s Codex","Blue Candle","Eternal Feather","Potion Belt"],"acts_visited":["Exordium","TheCity"],"potions_floor_usage":[],"damage_taken":[{"damage":11.0,"enemies":"Small Slimes","floor":1.0,"turns":8.0},{"damage":0.0,"enemies":"Jaw Worm","floor":4.0,"turns":15.0},{"damage":0.0,"enemies":"Cultist","floor":5.0,"turns":6.0},{"damage":8.0,"enemies":"3 Louse","floor":7.0,"turns":5.0},{"damage":23.0,"enemies":"Gremlin Nob","floor":11.0,"turns":6.0},{"damage":4.0,"enemies":"Large Slime","floor":12.0,"turns":7.0},{"damage":13.0,"enemies":"Exordium Thugs","floor":13.0,"turns":6.0},{"damage":25.0,"enemies":"3 Sentries","floor":14.0,"turns":18.0},{"damage":17.0,"enemies":"The Guardian","floor":16.0,"turns":8.0},{"damage":14.0,"enemies":"Spheric Guardian","floor":18.0,"turns":7.0},{"damage":28,"enemies":"Slavers","floor":24,"turns":7},{"damage":3,"enemies":"Shell Parasite","floor":28,"turns":4},{"damage":0,"enemies":"Cultist and Chosen","floor":29,"turns":4},{"damage":57,"enemies":"Gremlin Leader","floor":30,"turns":4}],"seed_played":"-3102878630376417732","potions_obtained":[{"floor":4.0,"key":"GamblersBrew"},{"floor":5.0,"key":"SteroidPotion"},{"floor":11.0,"key":"Explosive Potion"},{"floor":12.0,"key":"Swift Potion"},{"floor":24,"key":"BlessingOfTheForge"}],"is_trial":false,"path_per_floor":["M","?","?","M","M","R","M","R","T","R","E","M","M","E","R","B",null,"M","?","?","?","$","R","E","R","T","R","M","M","E"],"character_chosen":"IRONCLAD","items_purchased":[],"campfire_rested":2,"item_purchase_floors":[],"current_hp_per_floor":[45,45,38,44,50,50,48,48,48,48,31,33,26,7,29,18,61,53,32,32,32,32,54,32,38,38,44,47,53,0,0],"gold":165,"neow_bonus":"TRANSFORM_TWO_CARDS","is_daily":false,"chose_seed":false,"campfire_upgraded":4,"win_rate":0.0,"timestamp":1609805102,"path_taken":["M","?","?","M","M","R","M","R","T","R","E","M","M","E","R","BOSS","M","?","?","?","$","R","E","R","T","R","M","M","E"],"items_purchased_type":[],"build_version":"2020-12-22","purchased_purges":1,"victory":false,"max_hp_per_floor":[75,75,75,75,75,75,75,75,75,75,75,75,75,75,75,75,75,75,75,75,75,75,75,75,75,75,75,75,75,75,75],"relic_stats":{"counters":[14,105],"Blue Candle":[0],"Eternal Feather":12,"Bag of Preparation":[12],"obtain_stats":[{"Potion Belt":26,"Runic Dome":17,"Nilry\u0027s Codex":19,"Blue Candle":20,"Eternal Feather":24,"Bag of Preparation":14,"Burning Blood":0,"Paper Frog":11},{"Potion Belt":11,"Runic Dome":9,"Nilry\u0027s Codex":10,"Blue Candle":10,"Eternal Feather":11,"Bag of Preparation":8,"Burning Blood":0,"Paper Frog":5},{"Potion Belt":93,"Runic Dome":79,"Nilry\u0027s Codex":86,"Blue Candle":86,"Eternal Feather":93,"Bag of Preparation":71,"Burning Blood":0,"Paper Frog":40}],"Burning Blood":78},"card_choices":[{"not_picked":["Headbutt","Cleave"],"picked":"Armaments","floor":1.0},{"not_picked":["Reckless Charge","Dual Wield"],"picked":"Second Wind","floor":4.0},{"not_picked":["Iron Wave","Dual Wield"],"picked":"Rampage","floor":5.0},{"not_picked":["Demon Form","Spot Weakness","Perfected Strike"],"picked":"SKIP","floor":7.0},{"not_picked":["Dropkick","Havoc","Clash"],"picked":"SKIP","floor":11.0},{"not_picked":["Perfected Strike","Havoc","Armaments"],"picked":"SKIP","floor":12.0},{"not_picked":["Armaments","Carnage","Sentinel"],"picked":"SKIP","floor":13.0},{"not_picked":["Ghostly Armor","Anger"],"picked":"Body Slam","floor":14.0},{"not_picked":["Twin Strike","Wild Strike"],"picked":"Bloodletting","floor":18.0},{"not_picked":["Wild Strike","Disarm+1","Exhume"],"picked":"SKIP","floor":24},{"not_picked":["Heavy Blade","Blood for Blood"],"picked":"Evolve+1","floor":28},{"not_picked":["Sentinel","Clothesline"],"picked":"Shrug It Off","floor":29}],"player_experience":1004485,"relics_obtained":[{"floor":11.0,"key":"Paper Frog"},{"floor":14.0,"key":"Bag of Preparation"},{"floor":19.0,"key":"Nilry\u0027s Codex"},{"floor":24,"key":"Eternal Feather"},{"floor":26,"key":"Potion Belt"}],"event_choices":[{"damage_healed":0.0,"max_hp_gain":0.0,"max_hp_loss":0.0,"gold_gain":0.0,"cards_transformed":["Strike_R"],"event_name":"Living Wall","player_choice":"Change","floor":2.0,"gold_loss":0.0,"damage_taken":0.0,"cards_obtained":["Barricade"]},{"cards_removed":["Strike_R"],"damage_healed":0.0,"max_hp_gain":0.0,"max_hp_loss":0.0,"gold_gain":0.0,"event_name":"Golden Wing","player_choice":"Card Removal","floor":3.0,"gold_loss":0.0,"damage_taken":7.0},{"damage_healed":0.0,"max_hp_gain":0.0,"max_hp_loss":0.0,"gold_gain":0.0,"event_name":"Cursed Tome","player_choice":"Obtained Book","floor":19.0,"gold_loss":0.0,"damage_taken":21.0},{"damage_healed":0.0,"max_hp_gain":0.0,"max_hp_loss":0.0,"gold_gain":0.0,"event_name":"Addict","player_choice":"Obtained Relic","floor":20.0,"gold_loss":85.0,"damage_taken":0.0,"relics_obtained":["Blue Candle"]},{"cards_removed":["Strike_R"],"damage_healed":0.0,"max_hp_gain":0.0,"max_hp_loss":0.0,"gold_gain":0.0,"event_name":"Beggar","player_choice":"Gave Gold","floor":21.0,"gold_loss":75.0,"damage_taken":0.0}],"is_beta":false,"boss_relics":[{"not_picked":["Tiny House","Busted Crown"],"picked":"Runic Dome"}],"items_purged_floors":[22],"is_endless":false,"potions_floor_spawned":[4,5,11,12,24],"killed_by":"Gremlin Leader","ascension_level":20}}