{"host":"27tk4xseidcli2mr","time":1609853341,"event":{"mods":["2.2 Compatiblity","AchievementEnabler","Aspiration","BaseMod","Better Third Choice","Conspire","Custom Start","Downfall","Hubris","Infinite Spire","Jorbs\u0027s Wanderer Trilogy","Minty Spire (QoL Compilation)","Replay The Spire","StSLib","SuperFastMode","[IsaacMod]????"],"gold_per_floor":[99,109,109,119,132,132,132,162,162,162,0,9,29,55,68,178,178,178,97,124,149,149,149,176,176,205,205,205,205,130,167,196,196,196,196],"floor_reached":33,"playtime":1593,"items_purged":["Guardian:Strike_Guardian","ReplayTheSpireMod:Exploit Weakness"],"score":263,"play_id":"3b9181ed-bef2-4257-af38-bf2bca91d821","local_time":"20210105142901","is_ascension_mode":false,"campfire_choices":[{"data":"Guardian:TwinSlam","floor":1.0,"key":"SMITH"},{"data":"Guardian:RollAttack","floor":10.0,"key":"SMITH"},{"data":"Guardian:ConstructionForm","floor":18.0,"key":"SMITH"},{"data":"Guardian:Orbwalk","floor":23.0,"key":"SMITH"},{"floor":27.0,"key":"RECALL"},{"data":"Guardian:Orbwalk","floor":30.0,"key":"SMITH"}],"circlet_count":0,"master_deck":["Guardian:Strike_Guardian","Guardian:Defend_Guardian","Guardian:Defend_Guardian","Guardian:Defend_Guardian","Guardian:CurlUp","Guardian:TwinSlam+1","Guardian:Orbwalk+1","Guardian:Harden+1","Guardian:RollAttack+1","Guardian:Preprogram","Guardian:Clone","Guardian:ConstructionForm+1","Guardian:WalkerClaw+1","hubris:Counter","Glass Knife+1","Guardian:Orbwalk+1","Guardian:Repulse","Guardian:Planning"],"relics":["Guardian:ModeShifter","HushsDoor","MoneyPower","infinitespire:WardingShard","hubris:TenFootPole","CeramicFish","conspire:SpecialSausage","Bronze Scales","Guide Book","downfall:HeartBlessingRed"],"acts_visited":["Exordium","TheCity"],"potions_floor_usage":[33],"damage_taken":[{"damage":0.0,"enemies":"Small Slimes","floor":2.0,"turns":4.0},{"damage":0.0,"enemies":"conspire:RoseBush","floor":4.0,"turns":4.0},{"damage":1.0,"enemies":"Jaw Worm","floor":5.0,"turns":5.0},{"damage":25.0,"enemies":"Lagavulin","floor":8.0,"turns":9.0},{"damage":0.0,"enemies":"downfall:FleeingMerchant","floor":11.0,"turns":4.0},{"damage":9.0,"enemies":"downfall:FleeingMerchant","floor":12.0,"turns":4.0},{"damage":7.0,"enemies":"Red Slaver","floor":13.0,"turns":3.0},{"damage":1.0,"enemies":"Blue Slaver","floor":14.0,"turns":4.0},{"damage":16.0,"enemies":"Exordium Wildlife","floor":15.0,"turns":6.0},{"damage":18.0,"enemies":"downfall:Ironclad","floor":16.0,"turns":9.0},{"damage":20.0,"enemies":"downfall:FleeingMerchant","floor":19.0,"turns":4.0},{"damage":6.0,"enemies":"Shell Parasite","floor":21.0,"turns":6.0},{"damage":0.0,"enemies":"Chosen","floor":26.0,"turns":7.0},{"damage":37.0,"enemies":"Nightmare","floor":31.0,"turns":10.0},{"damage":0.0,"enemies":"conspire:HollyBat","floor":32.0,"turns":9.0},{"damage":33,"enemies":"downfall:Silent","floor":33,"turns":6}],"seed_played":"-6571429565935446690","potions_obtained":[{"floor":2.0,"key":"Elixir"},{"floor":6.0,"key":"Guardian:BlockOnCardUsePotion"},{"floor":6.0,"key":"Slimebound:ThreeZeroPotion"},{"floor":8.0,"key":"ColorlessPotion"},{"floor":13.0,"key":"BlessingOfTheForge"},{"floor":14.0,"key":"Dexterity Potion"},{"floor":16.0,"key":"DuplicationPotion"},{"floor":26.0,"key":"AttackPotion"},{"floor":32.0,"key":"GamblersBrew"}],"is_trial":false,"path_per_floor":["R","M","?","M","M","?","T","E","?","R","$","$","M","M","M","B",null,"R","$","?","M","?","R","T","T","M","R","?","AVR","R","NM","M","B"],"character_chosen":"GUARDIAN","items_purchased":["CeramicFish"],"campfire_rested":0,"item_purchase_floors":[11],"current_hp_per_floor":[88,88,88,88,87,87,87,62,67,67,67,58,51,50,34,16,93,93,73,73,67,67,67,67,67,67,67,67,67,67,30,30,0,0,0],"gold":196,"neow_bonus":"TEN_PERCENT_HP_BONUS","is_daily":false,"chose_seed":false,"campfire_upgraded":5,"win_rate":0.0,"timestamp":1609853341,"path_taken":["R","M","?","M","M","?","T","E","?","R","?","$","M","?","M","BOSS","R","$","?","M","?","R","T","?","M","R","?","AVR","R","NM","M","BOSS"],"items_purchased_type":["Relic"],"build_version":"2020-12-22","purchased_purges":2,"victory":false,"max_hp_per_floor":[88,88,88,88,88,88,88,88,93,93,93,93,93,93,93,93,93,93,93,93,93,93,93,93,93,93,93,93,93,93,93,93,93,93,93],"card_choices":[{"not_picked":["Guardian:Incinerate","Guardian:Gem_Green"],"picked":"Guardian:Gem_Red","floor":2.0},{"not_picked":["Guardian:BronzeOrb","Guardian:Reroute"],"picked":"Guardian:Orbwalk","floor":4.0},{"not_picked":["Guardian:Gem_Green","Guardian:PiercingHide"],"picked":"Guardian:Harden","floor":5.0},{"not_picked":["Guardian:PrismaticBarrier","Guardian:VentSteam"],"picked":"Guardian:RollAttack","floor":8.0},{"not_picked":["Guardian:Incinerate","Guardian:FastForward"],"picked":"Guardian:Preprogram","floor":11.0},{"not_picked":["Guardian:Gem_White","Guardian:EvasiveProtocol"],"picked":"Guardian:Clone","floor":12.0},{"not_picked":["Guardian:Reroute","Guardian:RollAttack"],"picked":"Guardian:Gem_Red","floor":13.0},{"not_picked":["Guardian:ShieldCharger","Guardian:EvasiveProtocol"],"picked":"Guardian:Gem_Red","floor":14.0},{"not_picked":["Guardian:Harden","Guardian:Gem_Lightblue","Guardian:RollAttack"],"picked":"SKIP","floor":15.0},{"not_picked":["Guardian:GemFinder","Guardian:RevengeProtocol"],"picked":"Guardian:ConstructionForm","floor":16.0},{"not_picked":["Guardian:VentSteam","Guardian:Gem_Purple"],"picked":"Guardian:WalkerClaw+1","floor":19.0},{"not_picked":["Guardian:Suspension","Guardian:WalkerClaw"],"picked":"Guardian:Gem_Red","floor":21.0},{"not_picked":["Guardian:PrimingBeam","Guardian:Recover"],"picked":"Guardian:Orbwalk","floor":26.0},{"not_picked":["Guardian:TemporalStrike","Guardian:Gem_Red"],"picked":"Guardian:Repulse","floor":31.0},{"not_picked":["Guardian:Gem_Lightblue","Guardian:CrystalBeam"],"picked":"Guardian:Planning","floor":32.0}],"player_experience":1279629,"relics_obtained":[{"floor":7.0,"key":"infinitespire:WardingShard"},{"floor":8.0,"key":"hubris:TenFootPole"},{"floor":24.0,"key":"Bronze Scales"}],"event_choices":[{"damage_healed":0.0,"max_hp_gain":0.0,"max_hp_loss":0.0,"gold_gain":0.0,"event_name":"Lab","player_choice":"Got Potions","floor":6.0,"gold_loss":0.0,"damage_taken":0.0},{"damage_healed":0.0,"max_hp_gain":5.0,"max_hp_loss":0.0,"gold_gain":0.0,"event_name":"Big Fish","player_choice":"Donut","floor":9.0,"gold_loss":0.0,"damage_taken":0.0},{"damage_healed":0.0,"max_hp_gain":0.0,"max_hp_loss":0.0,"gold_gain":0.0,"event_name":"Vampires","player_choice":"Ignored","floor":22.0,"gold_loss":0.0,"damage_taken":0.0}],"is_beta":false,"boss_relics":[{"not_picked":["aspiration:SecretTechniqueScroll","Runic Pyramid"],"picked":"conspire:SpecialSausage"},{"not_picked":[]}],"items_purged_floors":[19,29],"is_endless":true,"potions_floor_spawned":[2,8,13,14,15,16,26,32],"killed_by":"downfall:Silent","ascension_level":0}}