{"host":"2lrkmsuh7nz013qb","time":1609840246,"event":{"mods":["BaseMod","Colored Map","DeckTracker","Minty Spire (QoL Compilation)","SuperFastMode","everything is the same but u backflip on backflip"],"gold_per_floor":[112,125,144,164,175,185,185,200,255,271,271,285,285,302,302,381,381,354,191,211,211,211],"floor_reached":21,"playtime":623,"items_purged":["Strike_G"],"score":358,"play_id":"6853ca44-800c-4c24-a22d-11f0a297d990","local_time":"20210105185046","is_ascension_mode":true,"campfire_choices":[{"data":"Deadly Poison","floor":7.0,"key":"SMITH"},{"data":"Dagger Throw","floor":11.0,"key":"SMITH"},{"data":"Neutralize","floor":15.0,"key":"SMITH"}],"circlet_count":0,"master_deck":["AscendersBane","Strike_G","Strike_G","Strike_G","Strike_G","Defend_G","Defend_G","Defend_G","Defend_G","Defend_G","Survivor","Neutralize+1","Backflip","Dagger Throw+1","Deadly Poison+1","Prepared","Heel Hook","Well Laid Plans","Calculated Gamble"],"relics":["Ring of the Snake","NeowsBlessing","Strawberry","Sozu"],"acts_visited":["Exordium","TheCity"],"potions_floor_usage":[21,21],"damage_taken":[{"damage":0.0,"enemies":"2 Louse","floor":1.0,"turns":1.0},{"damage":0.0,"enemies":"Small Slimes","floor":2.0,"turns":1.0},{"damage":0.0,"enemies":"Jaw Worm","floor":3.0,"turns":1.0},{"damage":4.0,"enemies":"Red Slaver","floor":4.0,"turns":5.0},{"damage":4.0,"enemies":"Large Slime","floor":5.0,"turns":7.0},{"damage":3.0,"enemies":"Blue Slaver","floor":6.0,"turns":7.0},{"damage":5.0,"enemies":"Red Slaver","floor":8.0,"turns":3.0},{"damage":3.0,"enemies":"Looter","floor":10.0,"turns":4.0},{"damage":0.0,"enemies":"2 Fungi Beasts","floor":12.0,"turns":4.0},{"damage":5.0,"enemies":"3 Louse","floor":14.0,"turns":2.0},{"damage":33.0,"enemies":"Hexaghost","floor":16.0,"turns":11.0},{"damage":12.0,"enemies":"2 Thieves","floor":18.0,"turns":4.0},{"damage":28,"enemies":"Spheric Guardian","floor":20,"turns":7},{"damage":18,"enemies":"Cultist and Chosen","floor":21,"turns":4}],"seed_played":"-1895609023722642173","potions_obtained":[{"floor":2.0,"key":"SteroidPotion"},{"floor":4.0,"key":"ColorlessPotion"},{"floor":5.0,"key":"EntropicBrew"}],"is_trial":false,"path_per_floor":["M","M","M","M","M","M","R","M","T","M","R","M","?","M","R","B",null,"M","$","M","M"],"character_chosen":"THE_SILENT","items_purchased":["Calculated Gamble"],"campfire_rested":0,"item_purchase_floors":[19],"current_hp_per_floor":[59,59,59,55,51,48,48,43,50,47,47,47,42,37,37,4,56,44,44,16,0,0],"gold":211,"neow_bonus":"THREE_ENEMY_KILL","is_daily":false,"chose_seed":false,"campfire_upgraded":3,"win_rate":0.0,"timestamp":1609840246,"path_taken":["M","M","M","M","M","M","R","M","T","M","R","M","?","M","R","BOSS","M","$","M","M"],"items_purchased_type":["Card"],"build_version":"2020-12-22","purchased_purges":1,"victory":false,"max_hp_per_floor":[66,66,66,66,66,66,66,66,73,73,73,73,73,73,73,73,73,73,73,73,73,73],"card_choices":[{"not_picked":["Quick Slash","Predator","Deflect"],"picked":"SKIP","floor":1.0},{"not_picked":["Accuracy","Flying Knee"],"picked":"Backflip","floor":2.0},{"not_picked":["Dagger Spray","Leg Sweep","Flechettes"],"picked":"SKIP","floor":3.0},{"not_picked":["Tools of the Trade","Slice","Flying Knee"],"picked":"SKIP","floor":4.0},{"not_picked":["Leg Sweep","Acrobatics"],"picked":"Dagger Throw","floor":5.0},{"not_picked":["Blade Dance","Sucker Punch"],"picked":"Deadly Poison","floor":6.0},{"not_picked":["Leg Sweep","Terror"],"picked":"Prepared","floor":8.0},{"not_picked":["Dodge and Roll","Glass Knife","Backflip"],"picked":"SKIP","floor":10.0},{"not_picked":["Prepared","Dagger Spray","Dagger Throw"],"picked":"SKIP","floor":12.0},{"not_picked":["Prepared","Flying Knee"],"picked":"Heel Hook","floor":14.0},{"not_picked":["Terror","Flying Knee"],"picked":"Well Laid Plans","floor":18.0},{"not_picked":["Eviscerate","Dagger Spray","Bane"],"picked":"SKIP","floor":20}],"player_experience":725188,"relics_obtained":[{"floor":9.0,"key":"Strawberry"}],"event_choices":[{"damage_healed":0.0,"max_hp_gain":0.0,"max_hp_loss":0.0,"gold_gain":0.0,"event_name":"Scrap Ooze","player_choice":"Fled","floor":13.0,"gold_loss":0.0,"damage_taken":5.0}],"is_beta":false,"boss_relics":[{"not_picked":["Snecko Eye","Ectoplasm"],"picked":"Sozu"}],"items_purged_floors":[19],"is_endless":false,"potions_floor_spawned":[2,4,5,8,10,16,18],"killed_by":"Cultist and Chosen","ascension_level":20}}