{"host":"qbvxbacgnxuisbbe","time":1609810415,"event":{"mods":["AchievementEnabler","Alarm Clock","Ascension Unlocker","BaseMod","Block Reminder","Highlight Path","Minty Spire (QoL Compilation)","Poem Panic","Spicy Shops","StSLib","The Caster","Uncapped"],"gold_per_floor":[110,129,147,17,17,17,17,17],"floor_reached":7,"playtime":258,"items_purged":["Normality"],"score":82,"play_id":"715d23a7-7c94-4939-ab1b-7c4a95655487","local_time":"20210105013335","is_ascension_mode":true,"campfire_choices":[{"floor":6,"key":"REST"}],"circlet_count":0,"master_deck":["AscendersBane","caster:strike","caster:strike","caster:strike","caster:strike","caster:defend","caster:defend","caster:defend","caster:defend","caster:Meteor","caster:DivertFocus","caster:Channeling","The Bomb","caster:DiablosFlame","caster:Sandstorm","caster:GaiasBlessing"],"relics":["caster:MagicBook"],"acts_visited":["Exordium"],"potions_floor_usage":[7,7],"damage_taken":[{"damage":12,"enemies":"Jaw Worm","floor":1,"turns":5},{"damage":14,"enemies":"Small Slimes","floor":2,"turns":4},{"damage":0,"enemies":"2 Louse","floor":3,"turns":3},{"damage":27,"enemies":"Gremlin Nob","floor":7,"turns":3}],"seed_played":"-6093854715673271650","potions_obtained":[{"floor":3,"key":"Swift Potion"}],"is_trial":false,"path_per_floor":["M","M","M","$","?","R","E"],"character_chosen":"THE_CASTER","items_purchased":["Dexterity Potion"],"campfire_rested":1,"item_purchase_floors":[4],"current_hp_per_floor":[42,28,28,28,2,20,0,0],"gold":17,"neow_bonus":"RANDOM_COLORLESS_2","is_daily":false,"chose_seed":false,"campfire_upgraded":0,"win_rate":0.0,"timestamp":1609810415,"path_taken":["M","M","M","$","?","R","E"],"items_purchased_type":["Potion"],"build_version":"2020-12-22","purchased_purges":1,"victory":false,"max_hp_per_floor":[60,60,60,60,60,60,60,60],"card_choices":[{"not_picked":["Metamorphosis","Sadistic Nature"],"picked":"The Bomb","floor":0},{"not_picked":["caster:Congeal","caster:Superconduct"],"picked":"caster:DiablosFlame","floor":1},{"not_picked":["caster:GlacialShield","caster:Charge"],"picked":"caster:Sandstorm","floor":2},{"not_picked":["caster:MagicWeapon","caster:Ramuh"],"picked":"caster:GaiasBlessing","floor":3}],"player_experience":130636,"relics_obtained":[],"event_choices":[{"damage_healed":0,"gold_gain":0,"player_choice":"Fled","damage_taken":26,"max_hp_gain":0,"max_hp_loss":0,"event_name":"Scrap Ooze","floor":5,"gold_loss":0}],"is_beta":false,"boss_relics":[],"items_purged_floors":[4],"is_endless":false,"potions_floor_spawned":[3],"killed_by":"Gremlin Nob","ascension_level":20}}