{"host":"2461dio7vetlq1z3","time":1609883060,"event":{"mods":["2.2 Compatiblity","AchievementEnabler","BaseMod","Better Third Choice","Friendly Minions","Minty Spire (QoL Compilation)","Relic Stats","Spicy Shops","StSLib","The Marked","Waifu the Spire"],"gold_per_floor":[124,136,148,180,192,238,250,262,262],"floor_reached":8,"playtime":294,"items_purged":[],"score":108,"play_id":"181ed2e0-10c3-4177-a9e0-387078979f6a","local_time":"20210105224420","is_ascension_mode":true,"campfire_choices":[{"floor":7,"key":"REST"}],"circlet_count":0,"master_deck":["AscendersBane","Strike_G","Strike_G","Strike_G","Strike_G","Strike_G","Defend_G","Defend_G","Defend_G","Defend_G","Defend_G","Survivor","Neutralize+1","Deadly Poison","All Out Attack","Leg Sweep"],"relics":["Ring of the Snake","MawBank","Golden Idol","White Beast Statue"],"acts_visited":["Exordium"],"potions_floor_usage":[],"damage_taken":[{"damage":7,"enemies":"Small Slimes","floor":1,"turns":8},{"damage":0,"enemies":"Jaw Worm","floor":4,"turns":4},{"damage":42,"enemies":"3 Sentries","floor":6,"turns":9},{"damage":32,"enemies":"Lagavulin","floor":8,"turns":6}],"seed_played":"247708939429126682","potions_obtained":[],"is_trial":false,"path_per_floor":["M","?","?","M","?","E","R","E"],"character_chosen":"THE_SILENT","items_purchased":[],"campfire_rested":1,"item_purchase_floors":[],"current_hp_per_floor":[52,52,52,52,52,10,28,0,0],"gold":262,"neow_bonus":"RANDOM_COMMON_RELIC","is_daily":false,"chose_seed":false,"campfire_upgraded":0,"win_rate":0.0,"timestamp":1609883060,"path_taken":["M","?","?","M","?","E","R","E"],"items_purchased_type":[],"build_version":"2020-12-22","purchased_purges":0,"victory":false,"max_hp_per_floor":[66,60,60,60,60,60,60,60,60],"relic_stats":{"counters":[4,27],"Golden Idol":11,"MawBank":96,"obtain_stats":[{"Golden Idol":2,"MawBank":0,"White Beast Statue":6,"Ring of the Snake":0},{"Golden Idol":1,"MawBank":0,"White Beast Statue":3,"Ring of the Snake":0},{"Golden Idol":8,"MawBank":0,"White Beast Statue":21,"Ring of the Snake":0}],"Ring of the Snake":[8]},"card_choices":[{"not_picked":["Sucker Punch","Escape Plan"],"picked":"Deadly Poison","floor":1},{"not_picked":["Blade Dance","Acrobatics"],"picked":"All Out Attack","floor":4},{"not_picked":["Well Laid Plans","Tactician"],"picked":"Leg Sweep","floor":6}],"player_experience":1068239,"relics_obtained":[{"floor":6,"key":"White Beast Statue"}],"event_choices":[{"damage_healed":0,"gold_gain":0,"player_choice":"Lose Max HP","damage_taken":0,"relics_obtained":["Golden Idol"],"max_hp_gain":0,"max_hp_loss":6,"event_name":"Golden Idol","floor":2,"gold_loss":0},{"damage_healed":0,"gold_gain":0,"player_choice":"Grow","damage_taken":0,"max_hp_gain":0,"max_hp_loss":0,"event_name":"Living Wall","floor":3,"gold_loss":0,"cards_upgraded":["Neutralize"]},{"damage_healed":0,"gold_gain":0,"player_choice":"Ignored","damage_taken":192,"max_hp_gain":0,"max_hp_loss":0,"event_name":"betterThird:BetterSerpent","floor":5,"gold_loss":0}],"is_beta":false,"boss_relics":[],"items_purged_floors":[],"is_endless":false,"potions_floor_spawned":[],"killed_by":"Lagavulin","ascension_level":20}}