{"host":"yptvp0rjza9g9li7","time":1609859216,"event":{"mods":["AchievementEnabler","BaseMod","Colored Map","Colored Powertips","DeckTracker","Minty Spire (QoL Compilation)","SuperFastMode"],"gold_per_floor":[115,115,40,57,68,101,101,134,210,224,242,242,275,301,313,453,465,493,490,515,236,255,255,271,196,196,196,196,220,170,183,183,303,303,328,328,328,344,171,230,230,230],"floor_reached":41,"playtime":2240,"items_purged":["Strike_G","Strike_G","Strike_G"],"score":415,"play_id":"4cd8cfa2-aa4e-4c41-8b74-8b6d765a4b4a","local_time":"20210106000656","is_ascension_mode":false,"campfire_choices":[{"data":"Blade Dance","floor":7.0,"key":"SMITH"},{"floor":15.0,"key":"REST"},{"floor":23.0,"key":"REST"},{"data":"Strike_G","floor":27.0,"key":"SMITH"},{"floor":32.0,"key":"REST"}],"circlet_count":0,"master_deck":["Strike_G","Strike_G+1","Defend_G","Defend_G+1","Defend_G","Survivor","Neutralize+1","Blade Dance+1","Unload","Dagger Throw","Acrobatics","Blade Dance","Acrobatics","Cloak And Dagger","A Thousand Cuts","Calculated Gamble","Accuracy","Cloak And Dagger","Backstab","Storm of Steel","Backflip","Underhanded Strike+1","Noxious Fumes","PiercingWail"],"relics":["Ring of the Snake","Torii","War Paint","Bottled Flame","Golden Idol","MawBank","Black Star","TwistedFunnel","Peace Pipe","Regal Pillow","SlaversCollar","Incense Burner"],"acts_visited":["Exordium","TheCity","TheBeyond","TheBeyond"],"potions_floor_usage":[41],"damage_taken":[{"damage":0.0,"enemies":"Jaw Worm","floor":1.0,"turns":4.0},{"damage":3.0,"enemies":"2 Louse","floor":4.0,"turns":2.0},{"damage":0.0,"enemies":"Cultist","floor":5.0,"turns":3.0},{"damage":15.0,"enemies":"3 Sentries","floor":6.0,"turns":7.0},{"damage":1.0,"enemies":"Gremlin Nob","floor":8.0,"turns":3.0},{"damage":11.0,"enemies":"Large Slime","floor":10.0,"turns":5.0},{"damage":9.0,"enemies":"Exordium Thugs","floor":11.0,"turns":4.0},{"damage":20.0,"enemies":"3 Sentries","floor":13.0,"turns":5.0},{"damage":0.0,"enemies":"Looter","floor":14.0,"turns":2.0},{"damage":35.0,"enemies":"The Guardian","floor":16.0,"turns":15.0},{"damage":11.0,"enemies":"Shell Parasite","floor":18.0,"turns":6.0},{"damage":10.0,"enemies":"2 Thieves","floor":19.0,"turns":4.0},{"damage":11.0,"enemies":"Snecko","floor":20.0,"turns":4.0},{"damage":9.0,"enemies":"Centurion and Healer","floor":22.0,"turns":4.0},{"damage":8.0,"enemies":"Shelled Parasite and Fungi","floor":24.0,"turns":4.0},{"damage":7.0,"enemies":"Cultist and Chosen","floor":29.0,"turns":5.0},{"damage":1.0,"enemies":"Centurion and Healer","floor":31.0,"turns":4.0},{"damage":50.0,"enemies":"Automaton","floor":33.0,"turns":8.0},{"damage":11.0,"enemies":"Orb Walker","floor":35.0,"turns":3.0},{"damage":14.0,"enemies":"3 Shapes","floor":38.0,"turns":4.0},{"damage":23.0,"enemies":"2 Orb Walkers","floor":40.0,"turns":4.0},{"damage":24,"enemies":"Transient","floor":41,"turns":2}],"seed_played":"8443829137619764712","potions_obtained":[{"floor":4.0,"key":"Fruit Juice"},{"floor":5.0,"key":"DuplicationPotion"},{"floor":10.0,"key":"CultistPotion"},{"floor":11.0,"key":"SpeedPotion"},{"floor":13.0,"key":"Dexterity Potion"},{"floor":24.0,"key":"DistilledChaos"},{"floor":29.0,"key":"SteroidPotion"},{"floor":38.0,"key":"CunningPotion"},{"floor":40.0,"key":"SkillPotion"}],"is_trial":false,"path_per_floor":["M","?","$","M","M","E","R","E","T","M","M","?","E","M","R","B",null,"M","M","M","$","M","R","M","?","T","R","T","M","?","M","R","B",null,"M","?","?","M","$","?","M"],"character_chosen":"THE_SILENT","items_purchased":["Cloak And Dagger","TwistedFunnel","SteroidPotion"],"campfire_rested":3,"item_purchase_floors":[21,21,39],"current_hp_per_floor":[70,70,70,67,67,57,57,56,56,45,36,36,16,16,36,1,69,58,48,37,37,28,48,40,40,40,40,40,33,33,32,67,17,69,58,58,58,44,44,21,0,0],"gold":230,"neow_bonus":"UPGRADE_CARD","is_daily":false,"chose_seed":false,"campfire_upgraded":2,"win_rate":0.0,"timestamp":1609859216,"path_taken":["M","?","$","M","M","E","R","E","T","M","M","?","E","M","R","BOSS","M","M","M","$","M","R","M","?","T","R","?","?","?","M","R","BOSS","M","?","?","M","$","?","M"],"items_purchased_type":["Card","Relic","Potion"],"build_version":"2020-12-22","purchased_purges":3,"victory":false,"max_hp_per_floor":[70,70,70,70,70,75,75,75,75,75,75,69,69,69,69,69,69,69,69,69,69,69,69,69,69,69,69,69,69,69,69,69,69,69,69,66,66,66,66,66,66,66],"card_choices":[{"not_picked":["Quick Slash","Cloak And Dagger"],"picked":"Blade Dance","floor":1.0},{"not_picked":["Dagger Spray","Bouncing Flask"],"picked":"Dagger Throw","floor":4.0},{"not_picked":["Infinite Blades","Prepared"],"picked":"Acrobatics","floor":5.0},{"not_picked":["Distraction","Bouncing Flask","Dodge and Roll"],"picked":"SKIP","floor":6.0},{"not_picked":["Bullet Time","Choke","Predator"],"picked":"SKIP","floor":8.0},{"not_picked":["Reflex","Quick Slash"],"picked":"Blade Dance","floor":10.0},{"not_picked":["Flying Knee","Dagger Throw"],"picked":"Acrobatics","floor":11.0},{"not_picked":["Poisoned Stab","Slice","Sucker Punch"],"picked":"SKIP","floor":13.0},{"not_picked":["Terror","Blade Dance"],"picked":"Cloak And Dagger","floor":14.0},{"not_picked":["Adrenaline","Envenom"],"picked":"A Thousand Cuts","floor":16.0},{"not_picked":["Caltrops","Skewer"],"picked":"Calculated Gamble","floor":18.0},{"not_picked":["Outmaneuver","Skewer"],"picked":"Accuracy","floor":19.0},{"not_picked":["Expertise","Dagger Throw","Sucker Punch"],"picked":"SKIP","floor":20.0},{"not_picked":["Outmaneuver+1","Bane"],"picked":"Backstab","floor":22.0},{"not_picked":["Flying Knee","Masterful Stab"],"picked":"Storm of Steel","floor":24.0},{"not_picked":["Terror","Dodge and Roll"],"picked":"Backflip","floor":29.0},{"not_picked":["Cloak And Dagger","Prepared"],"picked":"Underhanded Strike+1","floor":31.0},{"not_picked":["Deadly Poison+1","Flying Knee+1","Dagger Spray+1"],"picked":"SKIP","floor":35.0},{"not_picked":["Bane+1","Deflect+1"],"picked":"Noxious Fumes","floor":38.0},{"not_picked":["Sucker Punch","Doppelganger"],"picked":"PiercingWail","floor":40.0}],"player_experience":161160,"relics_obtained":[{"floor":6.0,"key":"Torii"},{"floor":8.0,"key":"War Paint"},{"floor":9.0,"key":"Bottled Flame"},{"floor":13.0,"key":"MawBank"},{"floor":26.0,"key":"Peace Pipe"},{"floor":28.0,"key":"Regal Pillow"},{"floor":40.0,"key":"Incense Burner"}],"event_choices":[{"damage_healed":0.0,"max_hp_gain":0.0,"max_hp_loss":0.0,"gold_gain":0.0,"cards_transformed":["Defend_G"],"event_name":"Living Wall","player_choice":"Change","floor":2.0,"gold_loss":0.0,"damage_taken":0.0,"cards_obtained":["Unload"]},{"damage_healed":0.0,"max_hp_gain":0.0,"max_hp_loss":6.0,"gold_gain":0.0,"event_name":"Golden Idol","player_choice":"Lose Max HP","floor":12.0,"gold_loss":0.0,"damage_taken":0.0,"relics_obtained":["Golden Idol"]},{"cards_removed":["Defend_G"],"damage_healed":0.0,"max_hp_gain":0.0,"max_hp_loss":0.0,"gold_gain":0.0,"event_name":"Beggar","player_choice":"Gave Gold","floor":25.0,"gold_loss":75.0,"damage_taken":0.0},{"damage_healed":0.0,"max_hp_gain":0.0,"max_hp_loss":0.0,"gold_gain":0.0,"event_name":"The Joust","player_choice":"Bet on Murderer","floor":30.0,"gold_loss":50.0,"damage_taken":0.0},{"damage_healed":0.0,"max_hp_gain":0.0,"max_hp_loss":3.0,"gold_gain":0.0,"event_name":"Winding Halls","player_choice":"Max HP","floor":36.0,"gold_loss":0.0,"damage_taken":0.0},{"damage_healed":0.0,"max_hp_gain":0.0,"max_hp_loss":0.0,"gold_gain":0.0,"event_name":"Tomb of Lord Red Mask","player_choice":"Ignored","floor":37.0,"gold_loss":0.0,"damage_taken":0.0},{"damage_healed":0.0,"max_hp_gain":0.0,"max_hp_loss":0.0,"gold_gain":0.0,"event_name":"Mysterious Sphere","player_choice":"Fight","floor":40.0,"gold_loss":0.0,"damage_taken":0.0}],"is_beta":false,"boss_relics":[{"not_picked":["Runic Dome","Runic Pyramid"],"picked":"Black Star"},{"not_picked":["Pandora\u0027s Box","Tiny House"],"picked":"SlaversCollar"}],"items_purged_floors":[3,21,39],"is_endless":false,"potions_floor_spawned":[4,5,10,11,13,24,29,38,40],"killed_by":"Transient","ascension_level":0}}