{"host":"y89x8uui45kcjy42","time":1609830919,"event":{"mods":["2.2 Compatiblity","BaseMod","CapriCore","Colored Map","Colored Powertips","Custom Start","Friendly Minions","Keyboard Shortcuts","Lobotomy","Minty Spire (QoL Compilation)","Relic Stats","Slay the Relics Exporter","StSLib","SuperFastMode","Uncapped"],"gold_per_floor":[117,117,117,42,117,117,142,142,142,142,175,227,227,237,237,341,341,359,359,1972,1690,1690,1690,1690,1690,1690,1690,1690,1717,1717,1717,1717,1818,1818,1835,1835,1655,1655,1664,1664,1664,1664,1664,1664,1664,1514,1514,1534,1543,1543],"floor_reached":51,"playtime":1177,"items_purged":["SpecialBullet","WallGazer","Beak+1","SpecialBullet"],"score":940,"play_id":"395b91b0-76a8-4147-98d2-b06674488a2e","local_time":"20210105161519","is_ascension_mode":true,"campfire_choices":[],"circlet_count":0,"master_deck":["SpecialBullet","SpecialBullet","SpecialBullet","SpecialBullet","SpecialBullet","InformationCode","DisciplinaryCode","CentralCode","Scorched","ScreamingWedge","Twilight+1","Twilight+1","RecordCode","GreenStem","Master of Strategy","TrainingCode"],"relics":["CogitoBucket","Coffee Dripper","Coffee Dripper","Coffee Dripper","Vajra","Oddly Smooth Stone","Ginger","Girya","Shuriken","Kunai","Juzu Bracelet","Potion Belt","Coffee Dripper","Coffee Dripper","Ring of the Serpent","Ring of the Serpent","Ring of the Serpent","BackwardClock","Whetstone","TheAbacus","Sling","Vajra","CeramicFish","Calipers","SlaversCollar","Pen Nib","WingedGreaves","Coffee Dripper","Coffee Dripper","Vajra","Vajra","Vajra","Vajra","Vajra","Vajra","Vajra","Vajra","Vajra","Vajra","Vajra","Vajra","Vajra","Vajra","Vajra","Vajra","Vajra","Vajra","Vajra","Vajra","Vajra"],"acts_visited":["Exordium","TheCity","TheBeyond"],"potions_floor_usage":[],"damage_taken":[{"damage":11,"enemies":"Jaw Worm","floor":1,"turns":2},{"damage":14,"enemies":"Gremlin Nob","floor":7,"turns":3},{"damage":9,"enemies":"3 Sentries","floor":11,"turns":2},{"damage":2,"enemies":"Small Slimes","floor":14,"turns":1},{"damage":150,"enemies":"Hexaghost","floor":16,"turns":8},{"damage":2,"enemies":"3 Byrds","floor":18,"turns":3},{"damage":0,"enemies":"Slavers","floor":29,"turns":1},{"damage":0,"enemies":"Automaton","floor":33,"turns":3},{"damage":0,"enemies":"3 Shapes","floor":35,"turns":1},{"damage":0,"enemies":"3 Darklings","floor":48,"turns":2},{"damage":37,"enemies":"Awakened One","floor":50,"turns":7},{"damage":66,"enemies":"Malkuth","floor":51,"turns":5},{"damage":0,"enemies":"Netzach","floor":51,"turns":6},{"damage":59,"enemies":"Chesed","floor":51,"turns":3},{"damage":108,"enemies":"Hokma","floor":51,"turns":5},{"damage":173,"enemies":"Angela","floor":51,"turns":4}],"seed_played":"-6998751629604618735","potions_obtained":[{"floor":1,"key":"CultistPotion"},{"floor":14,"key":"FairyPotion"},{"floor":16,"key":"PowerPotion"}],"is_trial":false,"path_per_floor":["M","?","?","$","?","R","E","R","T","R","E","T","?","M","R","B",null,"M","?","$","$","?","R","R","R","T","R","R","E","R","?","R","B",null,"M","?","$","?","?","R","R","R","T","R","R","$","R","M","R","B",null],"character_chosen":"Angela","items_purchased":["Whetstone","TheAbacus","Sling","GreenStem","DistilledChaos","EssenceOfSteel"],"campfire_rested":0,"item_purchase_floors":[20,20,21,37,37,37],"current_hp_per_floor":[66,59,59,59,48,48,34,34,34,34,268,268,268,266,266,439,600,598,598,598,598,598,598,598,598,598,598,598,598,598,598,598,598,600,600,1000,1000,1000,1000,1000,1000,1000,1000,1000,1000,1000,2000,2000,2000,1963],"gold":1543,"neow_bonus":"TEN_PERCENT_HP_BONUS","is_daily":false,"chose_seed":false,"campfire_upgraded":0,"win_rate":0.0,"timestamp":1609830919,"path_taken":["M","?","?","?","?","R","E","R","T","R","E","?","?","M","R","BOSS","M","?","$","$","?","R","R","R","T","R","R","E","R","?","R","BOSS","M","?","$","?","?","R","R","R","T","R","R","?","R","M","R","BOSS"],"items_purchased_type":["Relic","Relic","Relic","Card","Potion","Potion"],"build_version":"2020-12-22","purchased_purges":4,"victory":true,"max_hp_per_floor":[77,77,77,77,77,77,77,77,77,77,277,277,277,277,277,600,600,600,600,600,600,600,600,600,600,600,600,600,600,600,600,600,600,600,600,1000,1000,1000,1000,1000,1000,1000,1000,1000,1000,1000,2000,2000,2000,2000],"relic_stats":{"TheAbacus":[204],"counters":[17,57],"Shuriken":[49],"CeramicFish":27,"Pen Nib":[13],"Juzu Bracelet":2,"Ginger":[5],"Kunai":[49],"Whetstone":["Twilight","Beak"],"obtain_stats":[{"Potion Belt":12,"Girya":0,"BackwardClock":18,"Calipers":33,"CeramicFish":29,"Vajra":0,"Oddly Smooth Stone":0,"Pen Nib":43,"Juzu Bracelet":7,"Ginger":0,"Whetstone":20,"Sling":21,"SlaversCollar":34,"CogitoBucket":0,"TheAbacus":20,"Shuriken":2,"WingedGreaves":0,"Coffee Dripper":0,"Kunai":2,"Ring of the Serpent":16},{"Potion Belt":3,"Girya":0,"BackwardClock":7,"Calipers":9,"CeramicFish":8,"Vajra":0,"Oddly Smooth Stone":0,"Pen Nib":10,"Juzu Bracelet":2,"Ginger":0,"Whetstone":7,"Sling":7,"SlaversCollar":9,"CogitoBucket":0,"TheAbacus":7,"Shuriken":1,"WingedGreaves":0,"Coffee Dripper":0,"Kunai":1,"Ring of the Serpent":5},{"Potion Belt":7,"Girya":0,"BackwardClock":20,"Calipers":22,"CeramicFish":21,"Vajra":0,"Oddly Smooth Stone":0,"Pen Nib":25,"Juzu Bracelet":5,"Ginger":0,"Whetstone":20,"Sling":20,"SlaversCollar":24,"CogitoBucket":0,"TheAbacus":20,"Shuriken":2,"WingedGreaves":0,"Coffee Dripper":0,"Kunai":2,"Ring of the Serpent":12}]},"card_choices":[{"not_picked":["FrostShard","Harvest"],"picked":"SKIP","floor":1},{"not_picked":["CherryBlossoms","VoidDream"],"picked":"Scorched","floor":7},{"not_picked":["RedEyes","TodaysExpression"],"picked":"SKIP","floor":7},{"not_picked":["CherryBlossoms","OldLady"],"picked":"WallGazer","floor":11},{"not_picked":["Amita","Noise"],"picked":"SKIP","floor":11},{"not_picked":["Mimicry"],"picked":"ScreamingWedge","floor":14},{"not_picked":["ParadiseLost"],"picked":"Twilight","floor":16},{"not_picked":["Beak+1","Loneliness"],"picked":"SKIP","floor":18},{"not_picked":["Beak","CUTE+1"],"picked":"SKIP","floor":29},{"not_picked":["Tough+1","LifeForTheDareDevil"],"picked":"SKIP","floor":35},{"not_picked":["Purity"],"picked":"Master of Strategy","floor":39},{"not_picked":["CUTE","ScreamingWedge"],"picked":"SKIP","floor":48},{"not_picked":["Pleasure","Harmony"],"picked":"SKIP","floor":48}],"player_experience":571507,"relics_obtained":[{"floor":7,"key":"Juzu Bracelet"},{"floor":12,"key":"Potion Belt"},{"floor":26,"key":"Vajra"},{"floor":29,"key":"CeramicFish"},{"floor":43,"key":"Pen Nib"}],"event_choices":[{"damage_healed":0,"gold_gain":0,"player_choice":"Success","damage_taken":7,"relics_obtained":["Shuriken"],"max_hp_gain":0,"max_hp_loss":0,"event_name":"Scrap Ooze","floor":2,"gold_loss":0},{"damage_healed":0,"gold_gain":0,"cards_transformed":["SpecialBullet"],"player_choice":"Change","damage_taken":0,"max_hp_gain":0,"max_hp_loss":0,"event_name":"Living Wall","floor":3,"gold_loss":0,"cards_obtained":["Beak"]},{"damage_healed":0,"gold_gain":75,"player_choice":"Gather Gold","damage_taken":11,"max_hp_gain":0,"max_hp_loss":0,"event_name":"World of Goop","floor":5,"gold_loss":0},{"damage_healed":0,"gold_gain":0,"player_choice":"Ignored","damage_taken":0,"max_hp_gain":0,"max_hp_loss":0,"event_name":"Liars Game","floor":13,"gold_loss":0},{"damage_healed":0,"gold_gain":0,"player_choice":"Ignored","damage_taken":0,"max_hp_gain":0,"max_hp_loss":0,"event_name":"Ghosts","floor":19,"gold_loss":0},{"damage_healed":0,"gold_gain":0,"player_choice":"Copied","damage_taken":0,"max_hp_gain":0,"max_hp_loss":0,"event_name":"Duplicator","floor":22,"gold_loss":0,"cards_obtained":["Twilight"]},{"damage_healed":0,"gold_gain":0,"player_choice":"Ignored","damage_taken":0,"max_hp_gain":0,"max_hp_loss":0,"event_name":"The Mausoleum","floor":31,"gold_loss":0},{"damage_healed":0,"gold_gain":0,"player_choice":"Max HP","damage_taken":0,"max_hp_gain":0,"max_hp_loss":30,"event_name":"Winding Halls","floor":36,"gold_loss":0},{"damage_healed":0,"gold_gain":0,"player_choice":"Ignored","damage_taken":0,"max_hp_gain":0,"max_hp_loss":0,"event_name":"Tomb of Lord Red Mask","floor":38,"gold_loss":0},{"damage_healed":0,"gold_gain":0,"player_choice":"Memory 1","damage_taken":0,"max_hp_gain":0,"max_hp_loss":0,"event_name":"SensoryStone","floor":39,"gold_loss":0}],"is_beta":false,"boss_relics":[{"not_picked":["Snecko Eye","Cursed Key","Runic Pyramid"]},{"not_picked":["Sozu","Fusion Hammer"],"picked":"SlaversCollar"}],"items_purged_floors":[4,20,21,46],"is_endless":false,"potions_floor_spawned":[1,14,16],"ascension_level":1}}