{"host":"873t0y8ybyo38pfq","time":1609806863,"event":{"mods":["BaseMod","Bestiary","Colored Map","Colored Powertips","Highlight Path","Minty Spire (QoL Compilation)","Quick Restart","RNG Fix","Rare Cards Sparkle","Relic Stats","StSLib"],"gold_per_floor":[368,384,398,71,83,83,83,113,113,126,126,136,153,180,180,253,253,263,235,253,38,38,38,38,38,38,38,73,93,125,0,0,78,78,88,88,100,0,16,16,45,45,45,114,128,141,141,141],"floor_reached":47,"playtime":2061,"items_purged":["Strike_B","Strike_B"],"score":1014,"play_id":"f794c7dd-45d6-4cf3-8a8d-9b2620b7ece8","local_time":"20210104193423","is_ascension_mode":true,"campfire_choices":[{"data":"Defragment","floor":7.0,"key":"SMITH"},{"data":"Genetic Algorithm","floor":11.0,"key":"SMITH"},{"floor":15.0,"key":"REST"},{"data":"Echo Form","floor":23,"key":"SMITH"},{"data":"Coolheaded","floor":24,"key":"SMITH"},{"data":"Skim","floor":25,"key":"SMITH"},{"data":"Doom and Gloom","floor":27,"key":"SMITH"},{"floor":32,"key":"REST"},{"data":"Rainbow","floor":40,"key":"SMITH"}],"circlet_count":0,"master_deck":["AscendersBane","Strike_B","Strike_B","Defend_B","Defend_B","Defend_B","Defend_B","Zap","Dualcast","Cold Snap","Coolheaded+1","Conserve Battery","Defragment+1","BootSequence","Genetic Algorithm+1","Doom and Gloom+1","Sunder","Hologram","Echo Form+1","Skim","Skim+1","Glacier","Redo","Fusion","Rainbow+1","Static Discharge+1"],"relics":["Cracked Core","OrangePellets","Ice Cream","Centennial Puzzle","WingedGreaves","Sozu","Blood Vial","Pantograph","Bag of Marbles","Nunchaku","Philosopher\u0027s Stone","Torii","Mercury Hourglass"],"acts_visited":["Exordium","TheCity","TheBeyond"],"potions_floor_usage":[28,30],"damage_taken":[{"damage":2.0,"enemies":"Cultist","floor":1.0,"turns":4.0},{"damage":7.0,"enemies":"2 Louse","floor":2.0,"turns":4.0},{"damage":3.0,"enemies":"Jaw Worm","floor":3.0,"turns":4.0},{"damage":7.0,"enemies":"Looter","floor":5.0,"turns":3.0},{"damage":18.0,"enemies":"3 Sentries","floor":8.0,"turns":13.0},{"damage":2.0,"enemies":"Large Slime","floor":10.0,"turns":8.0},{"damage":1.0,"enemies":"Lots of Slimes","floor":12.0,"turns":5.0},{"damage":8.0,"enemies":"3 Louse","floor":13.0,"turns":3.0},{"damage":1.0,"enemies":"Lagavulin","floor":14.0,"turns":6.0},{"damage":30.0,"enemies":"The Guardian","floor":16.0,"turns":12.0},{"damage":12.0,"enemies":"Spheric Guardian","floor":18.0,"turns":4.0},{"damage":2,"enemies":"2 Thieves","floor":19,"turns":4},{"damage":11,"enemies":"Chosen and Byrds","floor":20,"turns":7},{"damage":38,"enemies":"Book of Stabbing","floor":28,"turns":7},{"damage":0,"enemies":"Snecko","floor":29,"turns":6},{"damage":27,"enemies":"Gremlin Leader","floor":30,"turns":7},{"damage":15,"enemies":"Champ","floor":33,"turns":18},{"damage":1,"enemies":"3 Darklings","floor":35,"turns":4},{"damage":0,"enemies":"3 Shapes","floor":37,"turns":3},{"damage":0,"enemies":"Spire Growth","floor":39,"turns":6},{"damage":42,"enemies":"Nemesis","floor":41,"turns":9},{"damage":12,"enemies":"3 Darklings","floor":45,"turns":6},{"damage":10,"enemies":"Maw","floor":46,"turns":9},{"damage":7,"enemies":"4 Shapes","floor":47,"turns":1}],"seed_played":"5257243190041855245","potions_obtained":[{"floor":2.0,"key":"EntropicBrew"},{"floor":3.0,"key":"GamblersBrew"},{"floor":5.0,"key":"FearPotion"},{"floor":16.0,"key":"FocusPotion"}],"is_trial":false,"path_per_floor":["M","M","M","$","M","?","R","E","T","M","R","M","M","E","R","B",null,"M","M","M","$","?","R","R","R","T","R","E","M","E","?","R","B",null,"M","?","M","$","M","R","E","$","T","T","M","M","M"],"character_chosen":"DEFECT","items_purchased":["Defragment","OrangePellets","Skim","Blood Vial"],"campfire_rested":2,"item_purchase_floors":[4,4,21,21],"current_hp_per_floor":[62,55,52,52,45,45,45,27,27,25,25,24,16,15,34,4,49,37,35,24,24,64,64,64,64,64,64,26,28,3,3,22,34,57,58,58,60,60,62,62,22,22,22,22,12,4,0,0],"gold":141,"neow_bonus":"TWO_FIFTY_GOLD","is_daily":false,"chose_seed":false,"campfire_upgraded":7,"win_rate":0.0,"timestamp":1609806863,"path_taken":["M","M","M","$","M","?","R","E","T","M","R","M","M","E","R","BOSS","M","M","M","$","?","R","R","R","T","R","E","?","E","?","R","BOSS","M","?","?","$","M","R","E","?","T","?","M","M","M"],"items_purchased_type":["Card","Relic","Card","Relic"],"build_version":"2020-12-22","purchased_purges":2,"victory":false,"max_hp_per_floor":[64,64,64,64,64,64,64,64,64,64,64,64,64,64,64,64,64,64,64,64,64,64,64,64,64,64,64,64,64,64,64,64,64,64,64,64,64,64,64,64,64,64,64,64,64,64,64,64],"relic_stats":{"Sozu":4,"Blood Vial":20,"OrangePellets":[7],"Centennial Puzzle":[45],"Nunchaku":[5],"Torii":6,"counters":[24,153],"Pantograph":25,"obtain_stats":[{"Ice Cream":8,"Torii":41,"Mercury Hourglass":44,"Sozu":17,"Blood Vial":21,"OrangePellets":4,"Centennial Puzzle":9,"Nunchaku":30,"Pantograph":26,"Philosopher\u0027s Stone":34,"WingedGreaves":14,"Bag of Marbles":28,"Cracked Core":0},{"Ice Cream":5,"Torii":21,"Mercury Hourglass":21,"Sozu":10,"Blood Vial":13,"OrangePellets":3,"Centennial Puzzle":5,"Nunchaku":16,"Pantograph":13,"Philosopher\u0027s Stone":17,"WingedGreaves":9,"Bag of Marbles":14,"Cracked Core":0},{"Ice Cream":28,"Torii":137,"Mercury Hourglass":137,"Sozu":62,"Blood Vial":77,"OrangePellets":12,"Centennial Puzzle":28,"Nunchaku":97,"Pantograph":77,"Philosopher\u0027s Stone":115,"WingedGreaves":50,"Bag of Marbles":84,"Cracked Core":0}],"Mercury Hourglass":[79]},"card_choices":[{"not_picked":["Recycle","Stack"],"picked":"Cold Snap","floor":1.0},{"not_picked":["Chill","Chaos"],"picked":"Coolheaded","floor":2.0},{"not_picked":["Barrage","Streamline"],"picked":"Conserve Battery","floor":3.0},{"not_picked":["Sweeping Beam","Rebound","Barrage"],"picked":"SKIP","floor":5.0},{"not_picked":["Reinforced Body","Beam Cell"],"picked":"BootSequence","floor":8.0},{"not_picked":["Rebound","Go for the Eyes"],"picked":"Genetic Algorithm","floor":10.0},{"not_picked":["Fission","Cold Snap"],"picked":"Doom and Gloom","floor":12.0},{"not_picked":["Ball Lightning","Genetic Algorithm"],"picked":"Sunder","floor":13.0},{"not_picked":["Streamline","Leap"],"picked":"Hologram","floor":14.0},{"not_picked":["Electrodynamics","Thunder Strike"],"picked":"Echo Form","floor":16.0},{"not_picked":["Barrage+1","Hello World"],"picked":"Chill","floor":18.0},{"not_picked":["Aggregate","Darkness"],"picked":"Skim","floor":19},{"not_picked":["Storm","Reprogram+1","Leap"],"picked":"SKIP","floor":20},{"not_picked":["Streamline+1","Undo"],"picked":"Glacier","floor":28},{"not_picked":["Conserve Battery","Stack"],"picked":"Redo","floor":29},{"not_picked":["Cold Snap","Steam"],"picked":"Fusion","floor":30},{"not_picked":["All For One","Echo Form"],"picked":"Rainbow","floor":33},{"not_picked":["Sweeping Beam","Stack"],"picked":"Loop+1","floor":35},{"not_picked":["Beam Cell+1","Streamline+1","Melter"],"picked":"SKIP","floor":37},{"not_picked":["Redo","Ball Lightning+1","Sweeping Beam"],"picked":"SKIP","floor":39},{"not_picked":["All For One","Barrage","White Noise"],"picked":"SKIP","floor":41},{"not_picked":["Go for the Eyes+1","Scrape","Gash"],"picked":"SKIP","floor":45},{"not_picked":["Steam","Ball Lightning"],"picked":"Static Discharge+1","floor":46}],"player_experience":1514520,"relics_obtained":[{"floor":8.0,"key":"Ice Cream"},{"floor":9.0,"key":"Centennial Puzzle"},{"floor":14.0,"key":"WingedGreaves"},{"floor":26,"key":"Pantograph"},{"floor":28,"key":"Bag of Marbles"},{"floor":30,"key":"Nunchaku"},{"floor":41,"key":"Torii"},{"floor":44,"key":"Mercury Hourglass"}],"event_choices":[{"damage_healed":0.0,"max_hp_gain":0.0,"max_hp_loss":0.0,"gold_gain":0.0,"event_name":"Liars Game","player_choice":"Ignored","floor":6.0,"gold_loss":0.0,"damage_taken":0.0},{"cards_removed":["Chill"],"damage_healed":40,"gold_gain":0,"player_choice":"Offered Uncommon","damage_taken":0,"max_hp_gain":0,"max_hp_loss":0,"event_name":"Bonfire Elementals","floor":22,"gold_loss":0},{"damage_healed":0,"gold_gain":0,"player_choice":"Paid Fearfully","damage_taken":0,"max_hp_gain":0,"max_hp_loss":0,"event_name":"Masked Bandits","floor":31,"gold_loss":125},{"cards_removed":["Loop"],"damage_healed":0,"gold_gain":0,"player_choice":"Removed Power","damage_taken":0,"max_hp_gain":0,"max_hp_loss":0,"event_name":"Falling","floor":36,"gold_loss":0}],"is_beta":false,"boss_relics":[{"not_picked":["Cursed Key","FrozenCore"],"picked":"Sozu"},{"not_picked":["Coffee Dripper","Tiny House"],"picked":"Philosopher\u0027s Stone"}],"items_purged_floors":[4,38],"is_endless":false,"potions_floor_spawned":[2,3,5,8,10,16,18,29,33,39],"killed_by":"4 Shapes","ascension_level":20}}