{"host":"126yiuos2nq86se7","time":1609827278,"event":{"mods":["AchievementEnabler","Act Like it!","BaseMod","Colored Map","Colored Powertips","Downfall","Friendly Minions","Halation","Highlight Path","Jorbs\u0027s Wanderer Trilogy","Minty Spire (QoL Compilation)","StSLib","SuperFastMode","The Animator"],"gold_per_floor":[10,10,30,42,56,67,78,78,78,78,78,93,107,148,148,269,269,288,311,335,86,11,11,11,29,103,6,26,26,26,26,26,157,157,182,245,258,278,301,301,314,314,314],"floor_reached":42,"playtime":1486,"items_purged":["Strike_P"],"score":456,"play_id":"439adbcb-433a-4051-8d34-0591cb8c8ca5","local_time":"20210105171438","is_ascension_mode":false,"campfire_choices":[{"floor":8,"key":"REST"},{"floor":15,"key":"REST"},{"floor":23,"key":"REST"},{"floor":30,"key":"REST"},{"data":"Devotion","floor":32,"key":"SMITH"},{"floor":40,"key":"REST"}],"circlet_count":0,"master_deck":["Defend_P","Defend_P","Defend_P","Defend_P","Vigilance","WheelKick","Evaluate","DeceiveReality","CutThroughFate","WindmillStrike+1","Consecrate","Devotion+1","Alpha","JustLucky+1","Establishment","ThirdEye","Sanctity","Prostrate","Study","FollowUp+1","DevaForm","Consecrate+1","Protect+1","Study+1"],"relics":["PureWater","Darkstone Periapt","Golden Idol","Eternal Feather","Philosopher\u0027s Stone","Anchor","Bottled Tornado","Sozu","Lizard Tail"],"acts_visited":["Exordium","TheCity","TheBeyond"],"potions_floor_usage":[16,16,16,33,33,33],"damage_taken":[{"damage":0,"enemies":"2 Louse","floor":1,"turns":6},{"damage":6,"enemies":"Cultist","floor":3,"turns":3},{"damage":0,"enemies":"Jaw Worm","floor":4,"turns":4},{"damage":2,"enemies":"Blue Slaver","floor":5,"turns":7},{"damage":22,"enemies":"Exordium Thugs","floor":6,"turns":4},{"damage":5,"enemies":"Large Slime","floor":7,"turns":6},{"damage":0,"enemies":"Exordium Wildlife","floor":12,"turns":4},{"damage":2,"enemies":"Red Slaver","floor":13,"turns":4},{"damage":23,"enemies":"3 Sentries","floor":14,"turns":11},{"damage":3,"enemies":"Hexaghost","floor":16,"turns":8},{"damage":13,"enemies":"Spheric Guardian","floor":18,"turns":5},{"damage":21,"enemies":"2 Thieves","floor":19,"turns":3},{"damage":36,"enemies":"Snake Plant","floor":20,"turns":6},{"damage":11,"enemies":"Cultist and Chosen","floor":25,"turns":6},{"damage":3,"enemies":"Snecko","floor":28,"turns":5},{"damage":0,"enemies":"Champ","floor":33,"turns":6},{"damage":25,"enemies":"3 Darklings","floor":35,"turns":4},{"damage":19,"enemies":"Mind Bloom Boss Battle","floor":36,"turns":4},{"damage":11,"enemies":"Orb Walker","floor":37,"turns":4},{"damage":12,"enemies":"Writhing Mass","floor":38,"turns":5},{"damage":33,"enemies":"4 Shapes","floor":39,"turns":7},{"damage":30,"enemies":"Transient","floor":41,"turns":5},{"damage":16,"enemies":"Writhing Mass","floor":42,"turns":4}],"seed_played":"-4100562769387664897","potions_obtained":[{"floor":1,"key":"LiquidBronze"},{"floor":3,"key":"Fire Potion"},{"floor":5,"key":"DistilledChaos"},{"floor":16,"key":"LiquidBronze"},{"floor":20,"key":"LiquidBronze"},{"floor":28,"key":"LiquidBronze"}],"is_trial":false,"path_per_floor":["M","?","M","M","M","M","M","R","T","?","?","M","M","E","R","B",null,"M","M","M","$","?","R","?","M","T","$","M","$","R","?","R","B",null,"M","?","M","M","M","R","M","M"],"character_chosen":"WATCHER","items_purchased":["ThirdEye","Anchor","Prostrate","Study"],"campfire_rested":5,"item_purchase_floors":[21,21,27,27],"current_hp_per_floor":[72,65,59,59,57,35,30,51,51,33,33,33,31,8,38,35,72,59,38,2,2,2,32,32,21,21,21,18,18,51,51,63,63,72,47,28,17,5,9,42,12,0,0],"gold":314,"neow_bonus":"REMOVE_TWO","is_daily":false,"chose_seed":false,"campfire_upgraded":1,"win_rate":0.0,"timestamp":1609827278,"path_taken":["M","?","?","M","M","M","?","R","T","?","?","?","M","E","R","BOSS","M","M","M","$","?","R","?","?","T","$","M","?","R","?","R","BOSS","M","?","M","M","M","R","M","M"],"items_purchased_type":["Card","Relic","Card","Card"],"build_version":"2020-12-22","purchased_purges":1,"victory":false,"max_hp_per_floor":[72,72,72,72,72,72,72,72,72,72,72,72,72,72,72,72,72,72,72,72,72,72,72,72,72,72,72,72,72,72,72,72,72,72,72,72,72,72,72,72,72,72,72],"card_choices":[{"not_picked":["SandsOfTime","Wallop"],"picked":"WheelKick","floor":1},{"not_picked":["CrushJoints","Protect"],"picked":"Evaluate","floor":3},{"not_picked":["Worship","EmptyBody"],"picked":"DeceiveReality","floor":4},{"not_picked":["FollowUp","SashWhip"],"picked":"CutThroughFate","floor":5},{"not_picked":["CrushJoints","Protect"],"picked":"WindmillStrike","floor":6},{"not_picked":["Protect","Halt"],"picked":"Consecrate","floor":7},{"not_picked":["FlyingSleeves","WreathOfFlame","CrushJoints"],"picked":"SKIP","floor":12},{"not_picked":["WindmillStrike","Conclude","EmptyBody"],"picked":"SKIP","floor":13},{"not_picked":["FollowUp","Halt"],"picked":"Devotion","floor":14},{"not_picked":["DevaForm","MasterReality"],"picked":"Alpha","floor":16},{"not_picked":["Evaluate","EmptyBody"],"picked":"JustLucky+1","floor":18},{"not_picked":["FollowUp","CrushJoints","Halt"],"picked":"SKIP","floor":19},{"not_picked":["EmptyFist+1","BowlingBash+1"],"picked":"Establishment","floor":20},{"not_picked":["Adaptation","Sanctity","Indignation+1"],"picked":"SKIP","floor":25},{"not_picked":["Indignation","FlurryOfBlows"],"picked":"FollowUp+1","floor":28},{"not_picked":["Alpha","Devotion"],"picked":"DevaForm","floor":33},{"not_picked":["EmptyBody","FearNoEvil+1"],"picked":"Consecrate+1","floor":35},{"not_picked":["SashWhip+1","Indignation+1"],"picked":"Protect+1","floor":37},{"not_picked":["LikeWater","Crescendo","SignatureMove+1"],"picked":"SKIP","floor":38},{"not_picked":["JustLucky","Tantrum"],"picked":"Study+1","floor":39},{"not_picked":["JustLucky","DevaForm","FlurryOfBlows"],"picked":"SKIP","floor":41}],"player_experience":1607378,"relics_obtained":[{"floor":9,"key":"Darkstone Periapt"},{"floor":14,"key":"Eternal Feather"},{"floor":26,"key":"Bottled Tornado"},{"floor":36,"key":"Lizard Tail"}],"event_choices":[{"damage_healed":0,"gold_gain":0,"player_choice":"Damaged","damage_taken":7,"max_hp_gain":0,"max_hp_loss":0,"event_name":"Wheel of Change","floor":2,"gold_loss":0},{"damage_healed":0,"gold_gain":0,"player_choice":"Take Damage","damage_taken":18,"relics_obtained":["Golden Idol"],"max_hp_gain":0,"max_hp_loss":0,"event_name":"Golden Idol","floor":10,"gold_loss":0},{"damage_healed":0,"gold_gain":0,"player_choice":"Forge","damage_taken":0,"max_hp_gain":0,"max_hp_loss":0,"event_name":"Accursed Blacksmith","floor":11,"gold_loss":0,"cards_upgraded":["WindmillStrike"]},{"cards_removed":["Strike_P"],"damage_healed":0,"gold_gain":0,"player_choice":"Gave Gold","damage_taken":0,"max_hp_gain":0,"max_hp_loss":0,"event_name":"Beggar","floor":22,"gold_loss":75},{"damage_healed":0,"gold_gain":0,"cards_transformed":["Strike_P"],"player_choice":"Transformed","damage_taken":0,"max_hp_gain":0,"max_hp_loss":0,"event_name":"Transmorgrifier","floor":24,"gold_loss":0,"cards_obtained":["Sanctity"]},{"damage_healed":0,"gold_gain":0,"player_choice":"Ignored","damage_taken":0,"max_hp_gain":0,"max_hp_loss":0,"event_name":"Vampires","floor":31,"gold_loss":0},{"damage_healed":0,"gold_gain":0,"player_choice":"Fight","damage_taken":0,"max_hp_gain":0,"max_hp_loss":0,"event_name":"MindBloom","floor":36,"gold_loss":0}],"is_beta":false,"boss_relics":[{"not_picked":["Snecko Eye","Astrolabe"],"picked":"Philosopher\u0027s Stone"},{"not_picked":["Runic Dome","Tiny House"],"picked":"Sozu"}],"items_purged_floors":[21],"is_endless":false,"potions_floor_spawned":[1,3,5,14,16,20,28,35,37,39],"killed_by":"Writhing Mass","ascension_level":0}}