{"host":"tjicewryrzew529r","time":1609847854,"event":{"mods":["AchievementEnabler","BaseMod","Block Reminder","Colored Map","DeckTracker","Downfall","Googly Eyes","Highlight Path","Minty Spire (QoL Compilation)","StSLib"],"gold_per_floor":[99,117,117,117,117,177,177,187,197,35,51,51,51,36,47,148,148,148,167,267,252,252,283,283,126,168,186,36,59,59,59,75,186,186,186,239,239,261,282,207,285,318,330,330,351,371,371,46,60,60,60,87,39,39,39],"floor_reached":56,"playtime":7488,"items_purged":["sneckomod:Bewildered","hexamod:Strike"],"score":1303,"play_id":"1c68ab27-9e37-4611-866a-669de8952fe7","local_time":"20210105195734","is_ascension_mode":false,"campfire_choices":[{"data":"hexamod:Float","floor":1.0,"key":"SMITH"},{"floor":12.0,"key":"REST"},{"data":"hexamod:HexaLevel","floor":18.0,"key":"SMITH"},{"floor":28.0,"key":"REST"},{"data":"expansioncontent:StudyTheSpire","floor":30.0,"key":"SMITH"},{"floor":35.0,"key":"RECALL"},{"data":"hexamod:HeatShield","floor":40,"key":"SMITH"},{"data":"hexamod:TimeWarp","floor":44,"key":"SMITH"},{"data":"hexamod:TimeOfNeed","floor":47,"key":"SMITH"},{"floor":54,"key":"REST"}],"circlet_count":0,"master_deck":["hexamod:Strike","hexamod:Strike","hexamod:Strike","hexamod:Defend","hexamod:Defend","hexamod:Defend","hexamod:Defend","hexamod:Sear+1","hexamod:Float+1","hexamod:ChargedBarrage","hexamod:InspiringFlames","hexamod:FourthSeal","hexamod:GhostflameInferno","hexamod:GhostOfSpirePast","hexamod:FirstSeal","hexamod:FastForward","hexamod:SpectersWail","hexamod:HexaLevel+1","hexamod:PhantomCloak+1","hexamod:StepThrough","hexamod:EtherealExpedition","hexamod:SecondSeal","hexamod:TimeOfNeed+1","hexamod:EmpoweredFlame","expansioncontent:StudyTheSpire+1","hexamod:HeatShield+1","hexamod:TimeWarp+1","hexamod:FastForward+1","hexamod:ThirdSeal","hexamod:RetreatToShadows+1","hexamod:DynamicBlow","hexamod:DynamicBlow+1","Parasite","hexamod:PhantomFireball","hexamod:ExtraCrispy+1","hexamod:RetreatToShadows","hexamod:NightmareGuise+1","hexamod:TimeOfNeed","hexamod:StepThrough","hexamod:GhostOfSpirePast","hexamod:HeatCrush+1","hexamod:CatchUp"],"relics":["hexamod:SpiritBrand","Juzu Bracelet","PreservedInsect","Blue Candle","ClockworkSouvenir","Cursed Key","MutagenicStrength","Regal Pillow","hexamod:MatchstickCase","downfall:HeartBlessingGreen","downfall:HeartBlessingBlue","Omamori","Pen Nib","Calling Bell","hexamod:SoulConsumer","Eternal Feather","Nunchaku","Lizard Tail","downfall:HeartBlessingRed","InkBottle","HornCleat","Bird Faced Urn"],"acts_visited":["Exordium","TheCity","TheBeyond","TheEnding"],"potions_floor_usage":[42,43,50,50,50,55,55],"damage_taken":[{"damage":0.0,"enemies":"2 Louse","floor":2.0,"turns":3.0},{"damage":54.0,"enemies":"Gremlin Nob","floor":6.0,"turns":6.0},{"damage":1.0,"enemies":"Small Slimes","floor":8.0,"turns":4.0},{"damage":0.0,"enemies":"Jaw Worm","floor":9.0,"turns":3.0},{"damage":0.0,"enemies":"downfall:FleeingMerchant","floor":10.0,"turns":4.0},{"damage":1.0,"enemies":"Blue Slaver","floor":11.0,"turns":3.0},{"damage":4.0,"enemies":"downfall:FleeingMerchant","floor":14.0,"turns":4.0},{"damage":13.0,"enemies":"Exordium Thugs","floor":15.0,"turns":4.0},{"damage":19.0,"enemies":"downfall:Watcher","floor":16.0,"turns":8.0},{"damage":8.0,"enemies":"Spheric Guardian","floor":19.0,"turns":4.0},{"damage":10.0,"enemies":"downfall:FleeingMerchant","floor":21.0,"turns":4.0},{"damage":45.0,"enemies":"Gremlin Leader","floor":23.0,"turns":7.0},{"damage":10.0,"enemies":"downfall:FleeingMerchant","floor":25.0,"turns":4.0},{"damage":50.0,"enemies":"Slavers","floor":26.0,"turns":4.0},{"damage":31.0,"enemies":"Shelled Parasite and Fungi","floor":27.0,"turns":7.0},{"damage":18.0,"enemies":"downfall:FleeingMerchant","floor":29.0,"turns":4.0},{"damage":15.0,"enemies":"Snake Plant","floor":32.0,"turns":3.0},{"damage":0.0,"enemies":"downfall:Ironclad","floor":33.0,"turns":9.0},{"damage":35.0,"enemies":"2 Orb Walkers","floor":36.0,"turns":5.0},{"damage":8.0,"enemies":"3 Shapes","floor":38.0,"turns":5.0},{"damage":12,"enemies":"3 Darklings","floor":39,"turns":4},{"damage":37,"enemies":"Giant Head","floor":42,"turns":8},{"damage":32,"enemies":"Maw","floor":43,"turns":6},{"damage":7,"enemies":"Writhing Mass","floor":45,"turns":6},{"damage":20,"enemies":"Spire Growth","floor":46,"turns":6},{"damage":14,"enemies":"Jaw Worm Horde","floor":49,"turns":4},{"damage":32,"enemies":"downfall:Silent","floor":50,"turns":8},{"damage":77,"enemies":"downfall:CharBossMerchant","floor":52,"turns":9},{"damage":97,"enemies":"downfall:NeowBoss","floor":55,"turns":25}],"seed_played":"-8956575115596240365","potions_obtained":[{"floor":9.0,"key":"Ancient Potion"},{"floor":11.0,"key":"Energy Potion"},{"floor":15.0,"key":"hexamod:EctoCoolerPotion"},{"floor":16.0,"key":"Fruit Juice"},{"floor":16.0,"key":"Energy Potion"},{"floor":16.0,"key":"LiquidBronze"},{"floor":19.0,"key":"AttackPotion"},{"floor":21.0,"key":"hexamod:DoubleChargePotion"},{"floor":23.0,"key":"LiquidMemories"},{"floor":23.0,"key":"FairyPotion"},{"floor":25.0,"key":"LiquidBronze"},{"floor":26.0,"key":"sneckomod:MuddlingPotion"},{"floor":27.0,"key":"SmokeBomb"},{"floor":27.0,"key":"FearPotion"},{"floor":33.0,"key":"SkillPotion"},{"floor":36.0,"key":"Slimebound:ThreeZeroPotion"},{"floor":36.0,"key":"PowerPotion"},{"floor":42,"key":"BlessingOfTheForge"},{"floor":43,"key":"Fruit Juice"},{"floor":43,"key":"Strength Potion"},{"floor":52,"key":"Fire Potion"}],"is_trial":false,"path_per_floor":["R","M","?","?","?","?","T","M","M","$","M","R","?","$","M","B",null,"R","M","?","$","?","E","T","$","E","M","R","$","R","?","M","B",null,"R","?","?","M","M","R","T","E","M","R","M","M","R","$","M","B",null,"E","$","R","B",null],"character_chosen":"THE_SPIRIT","items_purchased":["ClockworkSouvenir","hexamod:SecondSeal","Omamori","expansioncontent:StudyTheSpire","hexamod:TimeOfNeed","hexamod:StepThrough","ColorlessPotion"],"campfire_rested":3,"item_purchase_floors":[10,25,29,29,48,48,53],"current_hp_per_floor":[77,77,59,64,64,10,10,9,9,9,8,32,25,28,22,15,87,87,86,86,83,83,45,45,42,33,9,63,52,52,52,44,51,97,97,62,62,61,56,74,74,44,24,42,42,29,50,50,43,11,102,32,32,101,28],"gold":39,"neow_bonus":"TEN_PERCENT_HP_BONUS","is_daily":false,"chose_seed":false,"campfire_upgraded":6,"win_rate":0.0,"timestamp":1609847854,"path_taken":["R","M","?","?","?","?","T","M","M","?","M","R","?","$","M","BOSS","R","M","?","?","?","E","T","$","E","M","R","$","R","?","M","BOSS","R","?","?","M","M","R","T","E","M","R","M","M","R","$","M","BOSS","E","$","R","BOSS"],"items_purchased_type":["Relic","Card","Relic","Card","Card","Card","Potion"],"build_version":"2020-12-22","purchased_purges":2,"victory":true,"max_hp_per_floor":[77,77,77,82,82,82,82,82,82,82,82,82,82,82,82,87,87,87,87,87,87,87,87,87,87,87,87,97,97,97,97,97,97,97,97,97,97,97,97,97,97,97,102,102,102,102,102,102,102,102,102,102,102,102,102],"card_choices":[{"not_picked":["hexamod:HauntingEcho","hexamod:GhostShield","hexamod:GhostLash"],"picked":"SKIP","floor":2.0},{"not_picked":["hexamod:ShieldOfDarkness","hexamod:InspiringFlames"],"picked":"hexamod:ChargedBarrage","floor":6.0},{"not_picked":["hexamod:NightmareGuise","hexamod:AdvancingGuard"],"picked":"hexamod:InspiringFlames","floor":8.0},{"not_picked":["hexamod:Rewind","hexamod:HeatMetal"],"picked":"hexamod:FourthSeal","floor":9.0},{"not_picked":["hexamod:PhantomFireball","hexamod:FastForward"],"picked":"hexamod:GhostflameInferno","floor":10.0},{"not_picked":["hexamod:SpectralAdrenaline","hexamod:ChargedBarrage"],"picked":"hexamod:GhostOfSpirePast","floor":11.0},{"not_picked":["hexamod:RecurringNightmare","hexamod:BacktrackSmack"],"picked":"hexamod:FastForward","floor":14.0},{"not_picked":["hexamod:Rewind","hexamod:GhostOfSpireFuture"],"picked":"hexamod:SpectersWail","floor":15.0},{"not_picked":["hexamod:ParanormalForm","hexamod:TurnItUp"],"picked":"hexamod:HexaLevel","floor":16.0},{"not_picked":["hexamod:InspiringFlames","hexamod:BurningTouch"],"picked":"hexamod:PhantomCloak+1","floor":19.0},{"not_picked":["hexamod:BurningTouch","hexamod:Firestarter","hexamod:SpectersWail"],"picked":"SKIP","floor":21.0},{"not_picked":["hexamod:SpectersWail+1","hexamod:GhostShield"],"picked":"hexamod:StepThrough","floor":23.0},{"not_picked":["hexamod:NightmareStrike+1","hexamod:RainOfEmbers"],"picked":"hexamod:EtherealExpedition","floor":25.0},{"not_picked":["hexamod:ThermalTransfer+1","hexamod:AdvancingGuard"],"picked":"hexamod:TimeOfNeed","floor":26.0},{"not_picked":["hexamod:NightmareGuise","hexamod:AdvancingGuard","hexamod:BacktrackSmack"],"picked":"SKIP","floor":27.0},{"not_picked":["hexamod:GhostOfSpirePresent","hexamod:HeatMetal+1"],"picked":"hexamod:EmpoweredFlame","floor":29.0},{"not_picked":["hexamod:HauntingEcho+1","hexamod:InspiringFlames"],"picked":"hexamod:HeatShield","floor":32.0},{"not_picked":["hexamod:EmpoweringStance","hexamod:ParanormalForm"],"picked":"hexamod:TimeWarp","floor":33.0},{"not_picked":["hexamod:PhantomCloak+1","hexamod:BurningTouch"],"picked":"hexamod:FastForward+1","floor":36.0},{"not_picked":["hexamod:HeatCrush+1","hexamod:SecondSeal"],"picked":"hexamod:ThirdSeal","floor":38.0},{"not_picked":["hexamod:Haunt+1","hexamod:Hexaguard+1","hexamod:GhostLash+1"],"picked":"SKIP","floor":39},{"not_picked":["hexamod:ShieldOfDarkness","hexamod:GhostLash+1"],"picked":"hexamod:RetreatToShadows+1","floor":42},{"not_picked":["hexamod:GhostLash+1","hexamod:FastForward","hexamod:FourthSeal"],"picked":"SKIP","floor":42},{"not_picked":["hexamod:GhostOfSpirePresent+1","hexamod:BacktrackSmack+1"],"picked":"hexamod:DynamicBlow","floor":43},{"not_picked":["hexamod:SwordOfDarkness","hexamod:HauntingEcho"],"picked":"hexamod:DynamicBlow+1","floor":43},{"not_picked":["hexamod:SecondSeal","hexamod:GhostLash+1"],"picked":"hexamod:PhantomFireball","floor":45},{"not_picked":["hexamod:SwordOfDarkness","hexamod:ThermalTransfer+1"],"picked":"hexamod:ExtraCrispy+1","floor":45},{"not_picked":["hexamod:ShieldOfDarkness","hexamod:ThermalTransfer"],"picked":"hexamod:RetreatToShadows","floor":46},{"not_picked":["hexamod:BurningTouch","hexamod:Haunt"],"picked":"hexamod:NightmareGuise+1","floor":46},{"not_picked":["hexamod:RainOfEmbers+1","hexamod:FastForward"],"picked":"hexamod:GhostOfSpirePast","floor":49},{"not_picked":["hexamod:ChargedBarrage+1","hexamod:BacktrackSmack"],"picked":"hexamod:HeatCrush+1","floor":52},{"not_picked":["hexamod:Firestarter","hexamod:SwordOfDarkness"],"picked":"hexamod:CatchUp","floor":52}],"player_experience":407124,"relics_obtained":[{"floor":6.0,"key":"PreservedInsect"},{"floor":7.0,"key":"Blue Candle"},{"floor":23.0,"key":"Regal Pillow"},{"floor":26.0,"key":"hexamod:MatchstickCase"},{"floor":34.0,"key":"hexamod:SoulConsumer"},{"floor":34.0,"key":"Eternal Feather"},{"floor":34.0,"key":"Nunchaku"},{"floor":36.0,"key":"Lizard Tail"},{"floor":41,"key":"InkBottle"},{"floor":42,"key":"HornCleat"},{"floor":52,"key":"Bird Faced Urn"}],"event_choices":[{"damage_healed":0.0,"max_hp_gain":0.0,"max_hp_loss":0.0,"gold_gain":0.0,"event_name":"Scrap Ooze","player_choice":"Success","floor":3.0,"gold_loss":0.0,"damage_taken":18.0,"relics_obtained":["Juzu Bracelet"]},{"damage_healed":0.0,"max_hp_gain":5.0,"max_hp_loss":0.0,"gold_gain":0.0,"event_name":"Big Fish","player_choice":"Donut","floor":4.0,"gold_loss":0.0,"damage_taken":0.0},{"damage_healed":0.0,"max_hp_gain":0.0,"max_hp_loss":0.0,"gold_gain":0.0,"event_name":"Living Wall","player_choice":"Grow","floor":5.0,"gold_loss":0.0,"damage_taken":0.0,"cards_upgraded":["hexamod:Sear"]},{"damage_healed":0.0,"max_hp_gain":0.0,"max_hp_loss":0.0,"gold_gain":0.0,"event_name":"Drug Dealer","player_choice":"Inject Mutagens","floor":22.0,"gold_loss":0.0,"damage_taken":0.0,"relics_obtained":["MutagenicStrength"]},{"damage_healed":0.0,"max_hp_gain":0.0,"max_hp_loss":0.0,"gold_gain":0.0,"event_name":"Mysterious Sphere","player_choice":"Fight","floor":36.0,"gold_loss":0.0,"damage_taken":0.0}],"is_beta":false,"boss_relics":[{"not_picked":["Philosopher\u0027s Stone","SlaversCollar"],"picked":"Cursed Key"},{"not_picked":["SacredBark","Fusion Hammer"],"picked":"Calling Bell"}],"items_purged_floors":[25,48],"is_endless":false,"potions_floor_spawned":[9,11,15,16,23,27,32,33,36,39,42,43],"ascension_level":0}}