{"host":"Troy","time":1609870787,"event":{"mods":["BaseMod","Colored Map","Highlight Path","Minty Spire (QoL Compilation)","Permanent Neow"],"gold_per_floor":[113,113,113,133,74,114,114,114,138,190,190,212,246,298,298,298,298],"floor_reached":16,"playtime":672,"items_purged":[],"score":286,"play_id":"006b1caa-2279-4389-9e66-a7e9b5ed1836","local_time":"20210105131947","is_ascension_mode":true,"campfire_choices":[{"floor":8,"key":"REST"},{"data":"Glass Knife","floor":11,"key":"SMITH"},{"data":"Accuracy","floor":15,"key":"SMITH"}],"circlet_count":0,"master_deck":["AscendersBane","Strike_G","Strike_G+1","Strike_G","Strike_G","Strike_G","Defend_G+1","Defend_G","Defend_G","Defend_G","Defend_G","Survivor","Neutralize","Endless Agony+1","Flechettes","Blade Dance","Dagger Spray+1","Glass Knife+1","Backflip","Accuracy+1","Noxious Fumes"],"relics":["Ring of the Snake","NeowsBlessing","Golden Idol","Whetstone","PreservedInsect","Happy Flower","CeramicFish","Matryoshka"],"acts_visited":["Exordium"],"potions_floor_usage":[10,10,16],"damage_taken":[{"damage":0,"enemies":"2 Louse","floor":1,"turns":1},{"damage":0,"enemies":"Small Slimes","floor":4,"turns":1},{"damage":0,"enemies":"Gremlin Nob","floor":6,"turns":1},{"damage":2,"enemies":"Lagavulin","floor":10,"turns":3},{"damage":4,"enemies":"Jaw Worm","floor":12,"turns":2},{"damage":1,"enemies":"2 Fungi Beasts","floor":13,"turns":2},{"damage":2,"enemies":"3 Sentries","floor":14,"turns":2},{"damage":30,"enemies":"The Guardian","floor":16,"turns":7}],"seed_played":"5248561336969882780","potions_obtained":[{"floor":1,"key":"Swift Potion"},{"floor":4,"key":"Poison Potion"},{"floor":14,"key":"AttackPotion"}],"is_trial":false,"path_per_floor":["M","?","?","M","$","E","?","R","T","E","R","M","M","E","R","B"],"character_chosen":"THE_SILENT","items_purchased":["Blade Dance"],"campfire_rested":1,"item_purchase_floors":[5],"current_hp_per_floor":[59,39,39,39,39,39,21,39,39,37,37,33,32,30,30,0,0],"gold":298,"neow_bonus":"THREE_ENEMY_KILL","is_daily":false,"chose_seed":false,"campfire_upgraded":2,"win_rate":0.0,"timestamp":1609870787,"path_taken":["M","?","?","M","$","E","?","R","T","E","R","M","?","E","R","BOSS"],"items_purchased_type":["Card"],"build_version":"2020-12-18","purchased_purges":0,"victory":false,"max_hp_per_floor":[66,66,60,60,60,60,60,60,60,60,60,60,60,60,60,60,60],"card_choices":[{"not_picked":["Accuracy","Caltrops"],"picked":"Endless Agony","floor":1},{"not_picked":["Dodge and Roll","Bane"],"picked":"Flechettes","floor":4},{"not_picked":["Poisoned Stab","Slice"],"picked":"Dagger Spray","floor":6},{"not_picked":["Poisoned Stab","Deadly Poison"],"picked":"Glass Knife","floor":10},{"not_picked":["PiercingWail","Blade Dance"],"picked":"Backflip","floor":12},{"not_picked":["Sucker Punch","Choke"],"picked":"Accuracy","floor":13},{"not_picked":["Distraction","Predator"],"picked":"Noxious Fumes","floor":14}],"player_experience":4063529,"relics_obtained":[{"floor":6,"key":"Whetstone"},{"floor":9,"key":"Happy Flower"},{"floor":10,"key":"CeramicFish"},{"floor":14,"key":"Matryoshka"}],"event_choices":[{"damage_healed":0,"gold_gain":0,"player_choice":"Entered Light","damage_taken":20,"max_hp_gain":0,"max_hp_loss":0,"event_name":"Shining Light","floor":2,"gold_loss":0,"cards_upgraded":["Defend_G","Strike_G"]},{"damage_healed":0,"gold_gain":0,"player_choice":"Lose Max HP","damage_taken":0,"relics_obtained":["Golden Idol"],"max_hp_gain":0,"max_hp_loss":6,"event_name":"Golden Idol","floor":3,"gold_loss":0},{"damage_healed":0,"gold_gain":0,"player_choice":"Success","damage_taken":18,"relics_obtained":["PreservedInsect"],"max_hp_gain":0,"max_hp_loss":0,"event_name":"Scrap Ooze","floor":7,"gold_loss":0}],"is_beta":true,"boss_relics":[],"items_purged_floors":[],"is_endless":false,"potions_floor_spawned":[1,4,14],"killed_by":"The Guardian","ascension_level":20}}