{"host":"gkp57zoegrd3f2ij","time":1609858305,"event":{"mods":["BaseMod","Colored Map","Colored Powertips","Minty Spire (QoL Compilation)","StSLib"],"gold_per_floor":[115,128,53,63,26,26,43,74,146,146,321,321,341,358,358,455,455,469,484,484,497,137,169,169,25,50,65,65,65,65,80,80,180,230,248,0,0,13,13,13,33,33,33,33,45,65,83,3,3,3],"floor_reached":51,"playtime":2822,"items_purged":["Strike_G","Pain"],"score":758,"play_id":"40d7253d-718f-46e7-9dc6-813e9dd0a430","local_time":"20210105155145","is_ascension_mode":true,"campfire_choices":[{"data":"Dash","floor":6.0,"key":"SMITH"},{"data":"Crippling Poison","floor":10.0,"key":"SMITH"},{"floor":15.0,"key":"REST"},{"data":"Catalyst","floor":28.0,"key":"SMITH"},{"data":"Corpse Explosion","floor":32.0,"key":"SMITH"},{"data":"Leg Sweep","floor":40.0,"key":"SMITH"},{"data":"Blur","floor":42.0,"key":"SMITH"},{"data":"Bouncing Flask","floor":44.0,"key":"SMITH"},{"data":"Noxious Fumes","floor":49.0,"key":"SMITH"}],"circlet_count":0,"master_deck":["Defend_G+1","Defend_G+1","Defend_G+1","Defend_G+1","Defend_G+1","Survivor","Neutralize","Acrobatics","Dash+1","Blur+1","Crippling Poison+1","Cloak And Dagger","Doubt","Dodge and Roll","Sucker Punch","Corpse Explosion+1","Catalyst+1","Bite","Bite","Bite","Bite","Bite","PiercingWail+1","Footwork+1","Leg Sweep+1","Bouncing Flask+1","Catalyst+1","Deflect+1","Catalyst+1","Noxious Fumes+1"],"relics":["Ring of the Snake","NeowsBlessing","Du-Vu Doll","InkBottle","WarpedTongs","Snecko Eye","Toy Ornithopter","PreservedInsect","Singing Bowl","Strange Spoon","Oddly Smooth Stone","Tiny House","Red Mask","Bottled Flame"],"acts_visited":["Exordium","TheCity","TheBeyond"],"potions_floor_usage":[50],"damage_taken":[{"damage":0.0,"enemies":"Cultist","floor":1.0,"turns":1.0},{"damage":0.0,"enemies":"2 Louse","floor":2.0,"turns":1.0},{"damage":0.0,"enemies":"Jaw Worm","floor":4.0,"turns":1.0},{"damage":3.0,"enemies":"Exordium Wildlife","floor":7.0,"turns":5.0},{"damage":21.0,"enemies":"Lagavulin","floor":8.0,"turns":10.0},{"damage":0.0,"enemies":"Looter","floor":13.0,"turns":2.0},{"damage":2.0,"enemies":"3 Louse","floor":14.0,"turns":2.0},{"damage":54.0,"enemies":"The Guardian","floor":16.0,"turns":18.0},{"damage":5.0,"enemies":"2 Thieves","floor":18.0,"turns":3.0},{"damage":12.0,"enemies":"Spheric Guardian","floor":19.0,"turns":6.0},{"damage":12.0,"enemies":"Snake Plant","floor":21.0,"turns":3.0},{"damage":37.0,"enemies":"Gremlin Leader","floor":23.0,"turns":10.0},{"damage":0.0,"enemies":"Sentry and Sphere","floor":27.0,"turns":3.0},{"damage":1.0,"enemies":"Shelled Parasite and Fungi","floor":31.0,"turns":5.0},{"damage":39.0,"enemies":"Collector","floor":33.0,"turns":4.0},{"damage":0.0,"enemies":"3 Shapes","floor":35.0,"turns":4.0},{"damage":9.0,"enemies":"Orb Walker","floor":38.0,"turns":3.0},{"damage":2.0,"enemies":"Sphere and 2 Shapes","floor":41.0,"turns":6.0},{"damage":14.0,"enemies":"Writhing Mass","floor":45.0,"turns":6.0},{"damage":8.0,"enemies":"4 Shapes","floor":46.0,"turns":5.0},{"damage":0.0,"enemies":"Spire Growth","floor":47.0,"turns":3.0},{"damage":58,"enemies":"Awakened One","floor":50,"turns":10}],"seed_played":"7935424786446977055","potions_obtained":[{"floor":2.0,"key":"BlessingOfTheForge"},{"floor":13.0,"key":"DuplicationPotion"},{"floor":14.0,"key":"DuplicationPotion"},{"floor":27.0,"key":"AttackPotion"},{"floor":31.0,"key":"DuplicationPotion"},{"floor":34.0,"key":"PowerPotion"},{"floor":35.0,"key":"Explosive Potion"},{"floor":38.0,"key":"AttackPotion"},{"floor":47.0,"key":"SpeedPotion"}],"is_trial":false,"path_per_floor":["M","M","$","M","$","R","M","E","T","R","?","?","M","M","R","B",null,"M","M","?","M","$","E","?","$","T","M","R","?","$","M","R","B",null,"M","?","$","M","?","R","M","R","T","R","M","M","M","$","R","B",null],"character_chosen":"THE_SILENT","items_purchased":["Blur","Footwork","Leg Sweep","Toy Ornithopter","Strange Spoon","Noxious Fumes"],"campfire_rested":1,"item_purchase_floors":[5,22,22,22,25,48],"current_hp_per_floor":[70,70,70,70,70,70,67,46,46,46,46,46,46,44,65,11,70,65,53,49,39,39,31,31,31,31,38,38,38,38,50,50,18,62,64,64,64,61,61,61,66,66,66,66,64,64,70,70,70,31],"gold":3,"neow_bonus":"THREE_ENEMY_KILL","is_daily":false,"chose_seed":false,"campfire_upgraded":8,"win_rate":0.0,"timestamp":1609858305,"path_taken":["M","M","?","?","$","R","M","E","T","R","?","?","M","?","R","BOSS","M","M","?","M","$","E","?","?","T","M","R","?","$","?","R","BOSS","M","?","$","M","?","R","M","R","T","R","M","M","M","$","R","BOSS"],"items_purchased_type":["Card","Card","Card","Relic","Relic","Card"],"build_version":"2020-12-22","purchased_purges":2,"victory":true,"max_hp_per_floor":[70,70,70,70,70,70,70,70,70,70,70,70,70,70,70,70,70,70,70,49,49,49,49,49,49,49,51,51,51,51,53,53,55,62,64,64,64,66,66,66,66,66,66,66,66,68,70,70,70,70],"card_choices":[{"not_picked":["Quick Slash","Bane","Calculated Gamble"],"picked":"SKIP","floor":1.0},{"not_picked":["Well Laid Plans","Bane"],"picked":"Acrobatics","floor":2.0},{"not_picked":["Slice","Quick Slash"],"picked":"Dash","floor":4.0},{"not_picked":["Eviscerate","Cloak And Dagger"],"picked":"Crippling Poison","floor":7.0},{"not_picked":["Flying Knee","Distraction"],"picked":"Cloak And Dagger","floor":8.0},{"not_picked":["Eviscerate","Acrobatics"],"picked":"Dodge and Roll","floor":13.0},{"not_picked":["Underhanded Strike","Crippling Poison"],"picked":"Sucker Punch","floor":14.0},{"not_picked":["Grand Finale","After Image"],"picked":"Corpse Explosion","floor":16.0},{"not_picked":["Skewer","Acrobatics+1","Flechettes"],"picked":"SKIP","floor":18.0},{"not_picked":["Underhanded Strike+1","Riddle With Holes"],"picked":"Catalyst","floor":19.0},{"not_picked":["Prepared","Sucker Punch"],"picked":"PiercingWail+1","floor":21.0},{"not_picked":["Finisher","Poisoned Stab"],"picked":"Bouncing Flask","floor":23.0},{"not_picked":["Setup","Quick Slash+1","Caltrops"],"picked":"Singing Bowl","floor":27.0},{"not_picked":["Dagger Throw","Outmaneuver","Acrobatics+1"],"picked":"Singing Bowl","floor":31.0},{"not_picked":["Die Die Die","Doppelganger","Night Terror"],"picked":"Singing Bowl","floor":33.0},{"not_picked":["PiercingWail+1","Crippling Poison","Flying Knee"],"picked":"Singing Bowl","floor":34.0},{"not_picked":["Expertise+1","Slice+1","Well Laid Plans+1"],"picked":"Singing Bowl","floor":35.0},{"not_picked":["Poisoned Stab","Crippling Poison","Bane+1"],"picked":"Singing Bowl","floor":38.0},{"not_picked":["Backflip+1","Dagger Spray"],"picked":"Deflect+1","floor":41.0},{"not_picked":["Accuracy+1","Underhanded Strike"],"picked":"Catalyst+1","floor":45.0},{"not_picked":["Quick Slash","Dodge and Roll","Predator+1"],"picked":"Singing Bowl","floor":46.0},{"not_picked":["Bane","Poisoned Stab","Choke"],"picked":"Singing Bowl","floor":47.0}],"player_experience":279787,"relics_obtained":[{"floor":8.0,"key":"Du-Vu Doll"},{"floor":9.0,"key":"InkBottle"},{"floor":23.0,"key":"PreservedInsect"},{"floor":26.0,"key":"Oddly Smooth Stone"},{"floor":43.0,"key":"Bottled Flame"}],"event_choices":[{"damage_healed":0.0,"max_hp_gain":0.0,"max_hp_loss":0.0,"gold_gain":175.0,"event_name":"Liars Game","player_choice":"AGREE","floor":11.0,"gold_loss":0.0,"damage_taken":0.0,"cards_obtained":["Doubt"]},{"damage_healed":0.0,"max_hp_gain":0.0,"max_hp_loss":0.0,"gold_gain":0.0,"event_name":"Accursed Blacksmith","player_choice":"Rummage","floor":12.0,"gold_loss":0.0,"damage_taken":0.0,"relics_obtained":["WarpedTongs"],"cards_obtained":["Pain"]},{"damage_healed":0.0,"max_hp_gain":0.0,"max_hp_loss":21.0,"gold_gain":0.0,"event_name":"Vampires","player_choice":"Became a vampire","floor":20.0,"gold_loss":0.0,"damage_taken":0.0,"cards_obtained":["Bite","Bite","Bite","Bite","Bite"]},{"damage_healed":0.0,"max_hp_gain":0.0,"max_hp_loss":0.0,"gold_gain":0.0,"event_name":"The Mausoleum","player_choice":"Opened","floor":24.0,"gold_loss":0.0,"damage_taken":0.0,"relics_obtained":["Singing Bowl"]},{"damage_healed":0.0,"max_hp_gain":0.0,"max_hp_loss":0.0,"gold_gain":0.0,"event_name":"Back to Basics","player_choice":"Simplicity","floor":29.0,"gold_loss":0.0,"damage_taken":0.0,"cards_upgraded":["Defend_G","Defend_G","Defend_G","Defend_G","Defend_G"]},{"damage_healed":0.0,"max_hp_gain":0.0,"max_hp_loss":0.0,"gold_gain":0.0,"event_name":"Tomb of Lord Red Mask","player_choice":"Paid","floor":36.0,"gold_loss":248.0,"damage_taken":0.0,"relics_obtained":["Red Mask"]},{"damage_healed":0.0,"max_hp_gain":0.0,"max_hp_loss":0.0,"gold_gain":0.0,"event_name":"Duplicator","player_choice":"Copied","floor":39.0,"gold_loss":0.0,"damage_taken":0.0,"cards_obtained":["Catalyst"]}],"is_beta":false,"boss_relics":[{"not_picked":["Pandora\u0027s Box","Empty Cage"],"picked":"Snecko Eye"},{"not_picked":["Calling Bell","Runic Pyramid"],"picked":"Tiny House"}],"items_purged_floors":[3,22],"is_endless":false,"potions_floor_spawned":[2,13,14,18,27,31,35,38,47],"ascension_level":2}}