{"host":"kabf61oc9jgfwufg","time":1609831503,"event":{"mods":["AchievementEnabler","Act Like it!","Aspiration","BaseMod","Conspire","GifTheSpireLib","Halation","HexUI Lib","Hubris","Infinite Spire","Minty Spire (QoL Compilation)","Pale of the Ancients","Quick Restart","Rare Cards Sparkle","Replay The Spire","StSLib","The Jungle","Waifu the Spire"],"gold_per_floor":[112,112,129,54,154,154,165,165,211,211,227,247,247,98,98,202,202,219,232,232,243,243,268,281,281,281],"floor_reached":25,"playtime":735,"items_purged":["Strike_P"],"score":213,"play_id":"73602961-c3d2-4415-9e0a-906323e0a7e4","local_time":"20210105072503","is_ascension_mode":false,"campfire_choices":[{"data":"Purity","floor":6,"key":"SMITH"},{"data":"ClearTheMind","floor":13,"key":"SMITH"}],"circlet_count":0,"master_deck":["Strike_P","Strike_P","Strike_P","Defend_P+1","Defend_P","Defend_P","Eruption+1","Vigilance","Purity+1","ReachHeaven+1","ClearTheMind+1"],"relics":["PureWater","Juzu Bracelet","Orichalcum","Blue Doll","Cursed Key","hubris:Icosahedron","MutagenicStrength","halation:SwordOfLegend"],"acts_visited":["Exordium","TheCity"],"potions_floor_usage":[16,24,25,25,25],"damage_taken":[{"damage":10,"enemies":"Small Slimes","floor":1,"turns":3},{"damage":2,"enemies":"conspire:RoseBush","floor":3,"turns":2},{"damage":5,"enemies":"2 Louse","floor":7,"turns":2},{"damage":10,"enemies":"Lots of Slimes","floor":11,"turns":4},{"damage":7,"enemies":"Looter","floor":12,"turns":3},{"damage":40,"enemies":"The Guardian","floor":16,"turns":6},{"damage":4,"enemies":"Chosen","floor":18,"turns":3},{"damage":0,"enemies":"Spheric Guardian","floor":19,"turns":2},{"damage":12,"enemies":"Snake Plant","floor":21,"turns":4},{"damage":46,"enemies":"Nightmare","floor":23,"turns":7},{"damage":5,"enemies":"Centurion and Healer","floor":24,"turns":4},{"damage":11,"enemies":"Cultist and Chosen","floor":25,"turns":6}],"seed_played":"-6617550749083178457","potions_obtained":[{"floor":7,"key":"Languid Potion"},{"floor":11,"key":"Death Potion"},{"floor":16,"key":"BlessingOfTheForge"},{"floor":18,"key":"StancePotion"},{"floor":24,"key":"Block Potion"}],"is_trial":false,"path_per_floor":["M","?","M","$","?","R","M","?","T","?","M","M","R","$","R","B",null,"M","M","?","M","?","NM","M","M"],"character_chosen":"WATCHER","items_purchased":["Blue Doll"],"campfire_rested":0,"item_purchase_floors":[14],"current_hp_per_floor":[62,48,46,46,46,46,41,41,41,41,31,24,24,24,45,5,72,68,68,68,56,56,10,5,0,0],"gold":281,"neow_bonus":"RANDOM_COLORLESS","is_daily":false,"chose_seed":false,"campfire_upgraded":2,"win_rate":0.0,"timestamp":1609831503,"path_taken":["M","?","M","$","?","R","?","?","T","?","M","M","R","$","R","BOSS","M","M","?","M","?","NM","M","M"],"items_purchased_type":["Relic"],"build_version":"2020-12-22","purchased_purges":1,"victory":false,"max_hp_per_floor":[72,72,72,72,72,72,72,72,72,72,72,72,72,72,72,72,72,72,72,72,72,72,72,72,72,72],"card_choices":[{"not_picked":["Replay:Sssssssssshield","Flash of Steel"],"picked":"Purity","floor":0},{"not_picked":["DeceiveReality","Perseverance"],"picked":"ReachHeaven","floor":1},{"not_picked":["Halt","Consecrate","Replay:BluntJabs"],"picked":"SKIP","floor":3},{"not_picked":["ReachHeaven","Replay:AtTheReady","EmptyBody"],"picked":"SKIP","floor":7},{"not_picked":["Replay:ManipulateFuture","Blasphemy"],"picked":"ClearTheMind","floor":11},{"not_picked":["Pray","Halt","Replay:Battleflow"],"picked":"SKIP","floor":12},{"not_picked":["Fasting2","Meditate","BowlingBash"],"picked":"SKIP","floor":18},{"not_picked":["MentalFortress","Replay:Cycle","ClearTheMind+1"],"picked":"SKIP","floor":19},{"not_picked":["Halt","MentalFortress","EmptyFist"],"picked":"SKIP","floor":21},{"not_picked":["BattleHymn+1","Halt","BowlingBash"],"picked":"SKIP","floor":23},{"not_picked":["CutThroughFate","JustLucky","Replay:Cycle"],"picked":"SKIP","floor":24}],"player_experience":40458,"relics_obtained":[{"floor":8,"key":"Juzu Bracelet"},{"floor":9,"key":"Orichalcum"},{"floor":23,"key":"halation:SwordOfLegend"}],"event_choices":[{"damage_healed":0,"gold_gain":0,"player_choice":"Entered Light","damage_taken":14,"max_hp_gain":0,"max_hp_loss":0,"event_name":"Shining Light","floor":2,"gold_loss":0,"cards_upgraded":["Defend_P","Eruption"]},{"damage_healed":0,"gold_gain":100,"player_choice":"Gold","damage_taken":0,"max_hp_gain":0,"max_hp_loss":0,"event_name":"Wheel of Change","floor":5,"gold_loss":0},{"cards_removed":["Defend_P"],"damage_healed":0,"gold_gain":0,"player_choice":"Purged","damage_taken":0,"max_hp_gain":0,"max_hp_loss":0,"event_name":"Purifier","floor":10,"gold_loss":0},{"damage_healed":0,"gold_gain":0,"player_choice":"Inject Mutagens","damage_taken":0,"relics_obtained":["MutagenicStrength"],"max_hp_gain":0,"max_hp_loss":0,"event_name":"Drug Dealer","floor":22,"gold_loss":0}],"is_beta":false,"boss_relics":[{"not_picked":["Empty Cage","Snecko Eye"],"picked":"Cursed Key"}],"items_purged_floors":[4],"is_endless":false,"potions_floor_spawned":[7,11,16,18,19,24],"killed_by":"Cultist and Chosen","ascension_level":0}}