{"host":"iyinq9z1nwwa1sts","time":1609846501,"event":{"mods":["BaseMod","Colored Map","Downfall","Minty Spire (QoL Compilation)","Replay The Spire","StSLib"],"gold_per_floor":[144,144,189,234,409,499,499,499,499,499,574,619,694,838,913,958,958,1258,1258,1303,1348,1393,1438,1383,1473,493,543,568,568,664,14,65,114,114,422,422,475,530,530,581,630,32,83,83,83,175,232,324,324,375,375,291],"floor_reached":53,"playtime":2507,"items_purged":[],"score":1488,"play_id":"f630026d-7bec-4bf0-9163-87c2f62000b4","local_time":"20210105193501","daily_mods":["Cursed Run","Hoarder","Midas"],"is_ascension_mode":false,"campfire_choices":[{"floor":10.0,"key":"REST"},{"floor":17.0,"key":"REST"},{"floor":34,"key":"REST"},{"floor":51,"key":"DIG"}],"circlet_count":0,"master_deck":["Strike_R","Strike_R","Strike_R","Strike_R","Strike_R","Defend_R","Defend_R","Defend_R","Defend_R","Bash+1","Body Slam","Body Slam","Body Slam+1","Exhume","Exhume","Clothesline","Clothesline","Clothesline","Doubt","Doubt","Doubt","Metallicize","Metallicize","Metallicize","hexamod:Haunted","hexamod:Haunted","hexamod:Haunted","Slimebound:Icky","Slimebound:Icky","Slimebound:Icky","Seeing Red","Seeing Red","Seeing Red","ReplayTheSpireMod:Splinters","ReplayTheSpireMod:Splinters","ReplayTheSpireMod:Splinters","ReplayTheSpireMod:Corrosion Curse","ReplayTheSpireMod:Corrosion Curse","ReplayTheSpireMod:Corrosion Curse","Looming Evil","Looming Evil","Looming Evil","Inflame","Inflame","Inflame","ReplayTheSpireMod:IOU","ReplayTheSpireMod:IOU","ReplayTheSpireMod:IOU","Limit Break","Limit Break","Limit Break","Cleave+1","Cleave+1","Cleave+1","Flame Barrier","Flame Barrier","Flame Barrier","Armaments","Armaments","Armaments","Thunderclap","Thunderclap","Thunderclap","Havoc+1","Havoc+1","Havoc+1","Juggernaut","Juggernaut","Juggernaut","Flex","Flex","Flex","Survey Options","Survey Options","Survey Options","Poisoned Strike","Poisoned Strike","Poisoned Strike","Feel No Pain","Feel No Pain","Feel No Pain","Run Through","Run Through","Run Through","Regret","Regret","Regret","Replay:Hysterical Blindness","Replay:Hysterical Blindness","Replay:Hysterical Blindness","Rupture","Rupture","Rupture","ReplayTheSpireMod:IOU","ReplayTheSpireMod:IOU","ReplayTheSpireMod:IOU","ReplayTheSpireMod:IOU","ReplayTheSpireMod:IOU","ReplayTheSpireMod:IOU","expansioncontent:DashGenerateEvil","expansioncontent:DashGenerateEvil","expansioncontent:DashGenerateEvil","Metallicize","Metallicize","Metallicize","ReplayTheSpireMod:Strike From Hell","ReplayTheSpireMod:Strike From Hell","ReplayTheSpireMod:Strike From Hell","Dark Embrace+1","Dark Embrace+1","Dark Embrace+1","Slimebound:Icky","Slimebound:Icky","Slimebound:Icky","Barricade","Barricade","Barricade","Heavy Blade+1","Heavy Blade+1","Heavy Blade+1","Rupture+1","Rupture+1","Rupture+1","Power Through","Power Through","Power Through","Berserk","Berserk","Berserk","Replay:Sssssssssshield","Replay:Sssssssssshield","Replay:Sssssssssshield","ReplayTheSpireMod:Muscle Training","ReplayTheSpireMod:Muscle Training","ReplayTheSpireMod:Muscle Training","Pommel Strike+1","Pommel Strike+1","Pommel Strike+1","Inflame","Inflame","Inflame","Secret Weapon","Secret Weapon","Secret Weapon","Replay:Many Hands","Replay:Many Hands","Replay:Many Hands","Replay:Many Hands","Replay:Many Hands","Replay:Many Hands","Flash of Steel","Flash of Steel","Flash of Steel","Violence","Violence","Violence","expansioncontent:Flail","expansioncontent:Flail","expansioncontent:Flail","Pain","Pain","Pain","Hemokinesis+1","Hemokinesis+1","Hemokinesis+1","Abandon+1","Abandon+1","Abandon+1","Heavy Blade+1","Heavy Blade+1","Heavy Blade+1","Cleave+1","Cleave+1","Cleave+1","Languid","Languid","Languid"],"relics":["Cursed Key","Darkstone Periapt","Du-Vu Doll","sneckomod:BlankCard","HornCleat","Iron Hammer","Mirror","Garlic","Electric Blood","Blue Candle","TheAbacus","Self Forming Clay","Replay:Bandana","Replay:Rubber Ducky","Toy Ornithopter","Replay:Wax Seal","Chemical X","ReplayTheSpireMod:Ninjato","Paper Frog","Sozu","Meat on the Bone","Toxic Egg 2","Centennial Puzzle","Art of War","Mummified Hand"],"acts_visited":["Exordium","TheCity","TheBeyond"],"potions_floor_usage":[35,40],"damage_taken":[{"damage":10.0,"enemies":"Small Slimes","floor":1.0,"turns":4.0},{"damage":11.0,"enemies":"Jaw Worm","floor":3.0,"turns":3.0},{"damage":6.0,"enemies":"2 Louse","floor":4.0,"turns":3.0},{"damage":10.0,"enemies":"Gremlin Nob","floor":6.0,"turns":4.0},{"damage":0.0,"enemies":"Exordium Wildlife","floor":12.0,"turns":3.0},{"damage":0.0,"enemies":"3 Louse","floor":16.0,"turns":2.0},{"damage":22.0,"enemies":"Fading Forest","floor":18.0,"turns":11.0},{"damage":10.0,"enemies":"Shell Parasite","floor":20.0,"turns":3.0},{"damage":3.0,"enemies":"Chosen","floor":21.0,"turns":2.0},{"damage":6.0,"enemies":"Centurion and Healer","floor":22.0,"turns":3.0},{"damage":26.0,"enemies":"Sentry and Sphere","floor":23.0,"turns":4.0},{"damage":3.0,"enemies":"Snake Plant","floor":24.0,"turns":2.0},{"damage":5.0,"enemies":"Book of Stabbing","floor":25.0,"turns":2.0},{"damage":12,"enemies":"Replay:Snechameleon","floor":30,"turns":3},{"damage":15,"enemies":"Shelled Parasite and Fungi","floor":32,"turns":3},{"damage":5,"enemies":"Snecko","floor":33,"turns":2},{"damage":14,"enemies":"Automaton","floor":35,"turns":5},{"damage":18,"enemies":"3 Darklings","floor":37,"turns":2},{"damage":2,"enemies":"3 Shapes","floor":38,"turns":1},{"damage":22,"enemies":"Writhing Mass","floor":40,"turns":2},{"damage":8,"enemies":"Sphere and 2 Shapes","floor":41,"turns":2},{"damage":20,"enemies":"4 Shapes","floor":43,"turns":2},{"damage":0,"enemies":"Nemesis","floor":46,"turns":1},{"damage":12,"enemies":"3 Darklings","floor":47,"turns":2},{"damage":0,"enemies":"Reptomancer","floor":48,"turns":1},{"damage":6,"enemies":"Spire Growth","floor":50,"turns":1},{"damage":23,"enemies":"Awakened One","floor":52,"turns":3}],"seed_played":"-8136925521176778862","potions_obtained":[{"floor":6.0,"key":"SmokeBomb"},{"floor":14.0,"key":"SneckoOil"},{"floor":18.0,"key":"Milkshake"},{"floor":21.0,"key":"GamblersBrew"},{"floor":23.0,"key":"Dexterity Potion"},{"floor":24.0,"key":"DistilledChaos"},{"floor":25.0,"key":"GamblersBrew"},{"floor":32,"key":"Block Potion"}],"is_trial":false,"path_per_floor":["M","?","M","M","?","E","PTL","PTL","T","R","T","M","?","?","T","M","R","B",null,"M","M","M","M","M","E","$","T","T","?","E","$","M","M","R","B",null,"M","M","?","M","M","$","M","?","T","E","M","E","?","M","R_BF","B",null],"character_chosen":"IRONCLAD","items_purchased":["Flex","TheAbacus","Self Forming Clay","Replay:Bandana","Survey Options","Poisoned Strike","Feel No Pain","Run Through","Chemical X","ReplayTheSpireMod:Ninjato","Paper Frog","expansioncontent:DashGenerateEvil","Metallicize","Inflame","Secret Weapon","Replay:Many Hands","Meat on the Bone"],"campfire_rested":3,"item_purchase_floors":[26,26,26,26,26,26,26,26,31,31,31,31,31,42,42,42,42],"current_hp_per_floor":[70,54,43,37,55,45,45,45,63,97,115,115,104,122,140,140,170,166,188,178,175,169,143,140,135,135,153,171,171,159,195,180,175,253,262,278,260,258,258,241,233,233,213,203,221,221,209,209,306,300,300,295],"gold":291,"neow_bonus":"","is_daily":true,"chose_seed":false,"campfire_upgraded":0,"win_rate":0.0,"timestamp":1609846501,"path_taken":["M","?","M","M","?","E","PTL","PTL","?","R","T","M","?","?","?","M","R","BOSS","M","M","?","M","M","E","$","?","T","?","E","$","M","M","R","BOSS","M","M","?","M","M","$","?","?","T","E","M","E","?","?","R_BF","BOSS"],"items_purchased_type":["Card","Relic","Relic","Relic","Card","Card","Card","Card","Relic","Relic","Relic","Card","Card","Card","Card","Card","Relic"],"build_version":"2020-12-22","purchased_purges":0,"victory":true,"max_hp_per_floor":[80,80,80,80,98,98,98,98,116,116,134,134,134,152,170,170,170,188,188,188,188,188,188,188,188,188,206,224,224,224,260,260,260,260,278,278,278,278,278,278,278,278,278,278,296,296,296,296,306,306,306,324],"card_choices":[{"not_picked":["True Grit","Wild Strike"],"picked":"Body Slam","floor":1.0},{"not_picked":["Rampage","Replay:Undeath\u0027s Touch"],"picked":"Exhume","floor":3.0},{"not_picked":["Sword Boomerang","Anger"],"picked":"Clothesline","floor":4.0},{"not_picked":["Perfected Strike","Run Through"],"picked":"Metallicize","floor":6.0},{"not_picked":["Perfected Strike","Shrug It Off"],"picked":"Seeing Red","floor":12.0},{"not_picked":["Searing Blow","ReplayTheSpireMod:Strike From Hell"],"picked":"ReplayTheSpireMod:Corrosion Curse","floor":14.0},{"not_picked":["Perfected Strike","Replay:Undeath\u0027s Touch"],"picked":"Inflame","floor":16.0},{"not_picked":["Bludgeon","Feed"],"picked":"Limit Break","floor":18.0},{"not_picked":["ReplayTheSpireMod:Muscle Training","Clothesline"],"picked":"Cleave+1","floor":20.0},{"not_picked":["Disarm","Run Through+1"],"picked":"Flame Barrier","floor":21.0},{"not_picked":["Sword Boomerang","Pommel Strike"],"picked":"Armaments","floor":22.0},{"not_picked":["Run Through","Second Wind"],"picked":"Thunderclap","floor":23.0},{"not_picked":["Warcry","Thunderclap"],"picked":"Havoc+1","floor":24.0},{"not_picked":["Abandon+1","Reckless Charge"],"picked":"Juggernaut","floor":25.0},{"not_picked":["Feel No Pain","Replay:Undeath\u0027s Touch"],"picked":"Rupture","floor":30},{"not_picked":["Iron Wave","Ghostly Armor"],"picked":"ReplayTheSpireMod:Strike From Hell","floor":32},{"not_picked":["True Grit","Spot Weakness"],"picked":"Dark Embrace+1","floor":33},{"not_picked":["Berserk","Exhume"],"picked":"Barricade","floor":35},{"not_picked":["Shockwave+1","Clothesline"],"picked":"Heavy Blade+1","floor":37},{"not_picked":["True Grit","ReplayTheSpireMod:Corrosion Curse"],"picked":"Rupture+1","floor":38},{"not_picked":["Clothesline","Havoc+1"],"picked":"ReplayTheSpireMod:Muscle Training","floor":40},{"not_picked":["Body Slam+1","Heavy Blade"],"picked":"Pommel Strike+1","floor":41},{"not_picked":["Dark Embrace","Power Through"],"picked":"Replay:Many Hands","floor":43},{"not_picked":["expansioncontent:HyperBeam","expansioncontent:StudyTheSpire"],"picked":"Flash of Steel","floor":44},{"not_picked":["Master of Strategy","Finesse"],"picked":"Violence","floor":44},{"not_picked":["Replay:SS_hec_4","Blind"],"picked":"expansioncontent:Flail","floor":44},{"not_picked":["Wild Strike+1","ReplayTheSpireMod:Muscle Training+1"],"picked":"Hemokinesis+1","floor":46},{"not_picked":["Evolve+1","Body Slam"],"picked":"Abandon+1","floor":47},{"not_picked":["Spot Weakness+1","Rupture"],"picked":"Heavy Blade+1","floor":48},{"not_picked":["Sword Boomerang+1","Evolve"],"picked":"Cleave+1","floor":50}],"player_experience":95194,"relics_obtained":[{"floor":6.0,"key":"sneckomod:BlankCard"},{"floor":9.0,"key":"HornCleat"},{"floor":11.0,"key":"Iron Hammer"},{"floor":14.0,"key":"Mirror"},{"floor":15.0,"key":"Garlic"},{"floor":25.0,"key":"Blue Candle"},{"floor":27.0,"key":"Replay:Rubber Ducky"},{"floor":28.0,"key":"Toy Ornithopter"},{"floor":30,"key":"Replay:Wax Seal"},{"floor":45,"key":"Toxic Egg 2"},{"floor":46,"key":"Centennial Puzzle"},{"floor":48,"key":"Art of War"},{"floor":51,"key":"Mummified Hand"}],"event_choices":[{"damage_healed":0.0,"max_hp_gain":0.0,"max_hp_loss":0.0,"gold_gain":0.0,"event_name":"Shining Light","player_choice":"Entered Light","floor":2.0,"gold_loss":0.0,"damage_taken":16.0,"cards_upgraded":["Body Slam","Bash"]},{"damage_healed":0.0,"max_hp_gain":0.0,"max_hp_loss":0.0,"gold_gain":175.0,"event_name":"Liars Game","player_choice":"AGREE","floor":5.0,"gold_loss":0.0,"damage_taken":0.0,"cards_obtained":["Doubt"]},{"damage_healed":0.0,"max_hp_gain":0.0,"max_hp_loss":0.0,"gold_gain":75.0,"event_name":"World of Goop","player_choice":"Gather Gold","floor":13.0,"gold_loss":0.0,"damage_taken":11.0},{"damage_healed":0,"gold_gain":0,"player_choice":"Bought 0 Potions","damage_taken":0,"max_hp_gain":0,"max_hp_loss":0,"event_name":"The Woman in Blue","floor":29,"gold_loss":0},{"damage_healed":0,"gold_gain":0,"player_choice":"3 cards matched","damage_taken":0,"max_hp_gain":0,"max_hp_loss":0,"event_name":"Match and Keep!","floor":39,"gold_loss":0,"cards_obtained":["Power Through","Berserk","Replay:Sssssssssshield"]},{"damage_healed":0,"gold_gain":0,"player_choice":"Memory 3","damage_taken":10,"max_hp_gain":0,"max_hp_loss":0,"event_name":"SensoryStone","floor":44,"gold_loss":0},{"cards_removed":["Exhume"],"damage_healed":87,"gold_gain":0,"player_choice":"Offered Rare","damage_taken":0,"max_hp_gain":10,"max_hp_loss":0,"event_name":"Bonfire Elementals","floor":49,"gold_loss":0}],"is_beta":false,"boss_relics":[{"not_picked":["Replay:Bronze Core","Painkiller Herb"],"picked":"Electric Blood"},{"not_picked":["Empty Cage","Velvet Choker"],"picked":"Sozu"}],"items_purged_floors":[],"is_endless":false,"potions_floor_spawned":[6,18,21,23,24,25,32,38,40,41,48],"ascension_level":0}}