{"host":"49c2zf0lajbcs427","time":1609835641,"event":{"mods":["AchievementEnabler","BaseMod","Colored Map","Colored Powertips","Highlight Path","Key Reminder","Minty Spire (QoL Compilation)","Relic Stats","StSLib"],"gold_per_floor":[118,218,233,246,246,246,273,273,296,3,18,18,48,13,13,118,118,130,130,146,162,178,178,190,217,240,240,165,177,193,50,50,154,154,174,174,192,192,207,207,129,159,159,193,193,193,13,83,83,83,83,83,16,42,42],"floor_reached":56,"playtime":3455,"items_purged":["Strike_G"],"score":1358,"play_id":"2b194dd1-c178-4426-8e63-a79c6e0de095","local_time":"20210105213401","is_ascension_mode":true,"campfire_choices":[{"data":"Neutralize","floor":6,"key":"SMITH"},{"data":"Catalyst","floor":8,"key":"SMITH"},{"data":"Bouncing Flask","floor":12,"key":"SMITH"},{"data":"Poisoned Stab","floor":15,"key":"SMITH"},{"data":"Malaise","floor":23,"key":"SMITH"},{"data":"Burst","floor":32,"key":"SMITH"},{"data":"Wraith Form v2","floor":40,"key":"SMITH"},{"floor":49,"key":"RECALL"},{"data":"Strike_G","floor":52,"key":"PURGE"}],"circlet_count":0,"master_deck":["Defend_G","Defend_G","Defend_G","Survivor","Neutralize+1","Catalyst+1","Backflip","Dagger Throw","Poisoned Stab+1","Bouncing Flask+1","Malaise+1","Dagger Throw","Corpse Explosion","Dagger Spray+1","Storm of Steel+1","Heel Hook+1","Skewer","Burst+1","Dodge and Roll+1","Deadly Poison","Footwork","Dodge and Roll+1","Catalyst","Wraith Form v2+1","Footwork","Burst","Footwork","Noxious Fumes","Dodge and Roll+1"],"relics":["Velvet Choker","Lantern","MawBank","Bag of Preparation","StrikeDummy","Astrolabe","Omamori","MealTicket","Peace Pipe","TwistedFunnel","Calling Bell","Pen Nib","Ornamental Fan","FossilizedHelix","Meat on the Bone","Boot","InkBottle","Oddly Smooth Stone"],"acts_visited":["Exordium","TheCity","TheBeyond","TheEnding"],"potions_floor_usage":[7,13,16,18,29,30,55,55,55,55,55,55,55,55],"damage_taken":[{"damage":0,"enemies":"Small Slimes","floor":1,"turns":4},{"damage":2,"enemies":"Cultist","floor":3,"turns":5},{"damage":0,"enemies":"2 Louse","floor":4,"turns":3},{"damage":23,"enemies":"Lagavulin","floor":7,"turns":8},{"damage":0,"enemies":"2 Fungi Beasts","floor":11,"turns":3},{"damage":13,"enemies":"3 Sentries","floor":13,"turns":7},{"damage":0,"enemies":"Slime Boss","floor":16,"turns":7},{"damage":5,"enemies":"3 Byrds","floor":18,"turns":2},{"damage":11,"enemies":"2 Thieves","floor":20,"turns":3},{"damage":0,"enemies":"3 Cultists","floor":21,"turns":2},{"damage":4,"enemies":"Chosen and Byrds","floor":22,"turns":6},{"damage":0,"enemies":"Snake Plant","floor":24,"turns":2},{"damage":7,"enemies":"Book of Stabbing","floor":25,"turns":4},{"damage":4,"enemies":"Centurion and Healer","floor":29,"turns":2},{"damage":6,"enemies":"3 Cultists","floor":30,"turns":3},{"damage":30,"enemies":"Automaton","floor":33,"turns":7},{"damage":0,"enemies":"3 Shapes","floor":35,"turns":4},{"damage":15,"enemies":"3 Darklings","floor":37,"turns":4},{"damage":5,"enemies":"Maw","floor":39,"turns":5},{"damage":0,"enemies":"Giant Head","floor":42,"turns":5},{"damage":14,"enemies":"Nemesis","floor":44,"turns":5},{"damage":49,"enemies":"Awakened One","floor":50,"turns":16},{"damage":10,"enemies":"Shield and Spear","floor":54,"turns":4},{"damage":30,"enemies":"The Heart","floor":55,"turns":5}],"seed_played":"5806909288841114978","potions_obtained":[{"floor":3,"key":"Swift Potion"},{"floor":4,"key":"LiquidBronze"},{"floor":11,"key":"Fire Potion"},{"floor":13,"key":"Fruit Juice"},{"floor":18,"key":"Swift Potion"},{"floor":20,"key":"LiquidBronze"},{"floor":22,"key":"Swift Potion"},{"floor":33,"key":"LiquidMemories"},{"floor":37,"key":"EntropicBrew"},{"floor":42,"key":"EntropicBrew"}],"is_trial":false,"path_per_floor":["M","?","M","M","?","R","E","R","T","$","M","R","E","?","R","B",null,"M","?","M","M","M","R","M","E","T","?","$","M","M","$","R","B",null,"M","?","M","?","M","R","$","E","T","E","?","?","$","T","R","B",null,"R","$","E","B",null],"character_chosen":"THE_SILENT","items_purchased":["Bouncing Flask","Bag of Preparation","Malaise","TwistedFunnel","Footwork","Burst","Footwork","Noxious Fumes"],"campfire_rested":0,"item_purchase_floors":[10,10,10,31,41,47,47,53],"current_hp_per_floor":[70,70,68,68,61,61,38,38,38,38,38,38,30,48,48,48,75,70,70,59,59,55,55,55,48,48,48,63,59,53,68,68,38,75,75,71,56,56,51,51,66,66,66,52,52,52,67,67,67,30,71,71,71,61,43],"gold":42,"neow_bonus":"BOSS_RELIC","is_daily":false,"chose_seed":false,"campfire_upgraded":7,"win_rate":0.0,"timestamp":1609835641,"path_taken":["M","?","?","M","?","R","E","R","T","$","M","R","E","?","R","BOSS","M","?","?","M","M","R","?","E","T","?","$","M","M","?","R","BOSS","M","?","M","?","?","R","$","E","T","E","?","?","?","?","R","BOSS","R","$","E","BOSS"],"items_purchased_type":["Card","Relic","Card","Relic","Card","Card","Card","Card"],"build_version":"2020-12-22","purchased_purges":1,"victory":true,"max_hp_per_floor":[70,70,70,70,70,70,70,70,70,70,70,70,75,75,75,75,75,75,75,75,75,75,75,75,75,75,75,75,75,75,75,75,75,75,75,71,71,71,71,71,71,71,71,71,71,71,71,71,71,71,71,71,71,71,71],"relic_stats":{"Peace Pipe":1,"counters":[24,116],"Ornamental Fan":[32],"Astrolabe":["Dagger Spray","Storm of Steel","Heel Hook"],"MealTicket":60,"Pen Nib":[5],"Bag of Preparation":[40],"MawBank":12,"Boot":[6],"obtain_stats":[{"TwistedFunnel":31,"Lantern":7,"Astrolabe":17,"Velvet Choker":0,"Oddly Smooth Stone":54,"Pen Nib":34,"Bag of Preparation":10,"Omamori":25,"MawBank":9,"Boot":44,"keyreminder:keyreminder":25,"Peace Pipe":27,"Calling Bell":34,"Ornamental Fan":34,"MealTicket":26,"StrikeDummy":13,"FossilizedHelix":34,"InkBottle":48,"Ring of the Snake":0,"Meat on the Bone":42},{"TwistedFunnel":15,"Lantern":4,"Astrolabe":7,"Velvet Choker":0,"Oddly Smooth Stone":23,"Pen Nib":16,"Bag of Preparation":4,"Omamori":13,"MawBank":4,"Boot":21,"keyreminder:keyreminder":13,"Peace Pipe":13,"Calling Bell":16,"Ornamental Fan":16,"MealTicket":13,"StrikeDummy":6,"FossilizedHelix":16,"InkBottle":21,"Ring of the Snake":0,"Meat on the Bone":20},{"TwistedFunnel":61,"Lantern":20,"Astrolabe":37,"Velvet Choker":0,"Oddly Smooth Stone":111,"Pen Nib":68,"Bag of Preparation":20,"Omamori":56,"MawBank":20,"Boot":91,"keyreminder:keyreminder":56,"Peace Pipe":56,"Calling Bell":68,"Ornamental Fan":68,"MealTicket":56,"StrikeDummy":30,"FossilizedHelix":68,"InkBottle":91,"Ring of the Snake":0,"Meat on the Bone":86}],"InkBottle":[9],"Meat on the Bone":24},"card_choices":[{"not_picked":["Dagger Throw","Acrobatics"],"picked":"Catalyst","floor":1},{"not_picked":["PiercingWail","Prepared"],"picked":"Backflip","floor":3},{"not_picked":["Caltrops","Bane"],"picked":"Dagger Throw","floor":4},{"not_picked":["Leg Sweep","Acrobatics"],"picked":"Poisoned Stab","floor":7},{"not_picked":["Endless Agony","Setup","Backflip"],"picked":"SKIP","floor":11},{"not_picked":["Acrobatics","Heel Hook"],"picked":"Dagger Throw","floor":13},{"not_picked":["A Thousand Cuts","Adrenaline"],"picked":"Corpse Explosion","floor":16},{"not_picked":["Dagger Spray","Blade Dance","Flying Knee"],"picked":"SKIP","floor":18},{"not_picked":["Sucker Punch","Dagger Spray"],"picked":"Skewer","floor":20},{"not_picked":["Deflect","Poisoned Stab"],"picked":"Burst","floor":21},{"not_picked":["Backflip+1","Dash"],"picked":"Dodge and Roll+1","floor":22},{"not_picked":["Tactician+1","Slice","Deflect"],"picked":"SKIP","floor":24},{"not_picked":["Cloak And Dagger","Endless Agony"],"picked":"Deadly Poison","floor":25},{"not_picked":["Choke","Finisher"],"picked":"Footwork","floor":29},{"not_picked":["Outmaneuver+1","Concentrate"],"picked":"Dodge and Roll+1","floor":30},{"not_picked":["Terror+1","Bane"],"picked":"Catalyst","floor":35},{"not_picked":["Flying Knee+1","Quick Slash+1","Escape Plan+1"],"picked":"SKIP","floor":37},{"not_picked":["Bouncing Flask","Underhanded Strike"],"picked":"Wraith Form v2","floor":39},{"not_picked":["PiercingWail+1","Acrobatics+1","Heel Hook+1"],"picked":"SKIP","floor":42},{"not_picked":["Sucker Punch","Heel Hook","Skewer+1"],"picked":"SKIP","floor":44},{"not_picked":["Prepared","Slice+1"],"picked":"Dodge and Roll+1","floor":54}],"player_experience":2239660,"relics_obtained":[{"floor":7,"key":"Lantern"},{"floor":9,"key":"MawBank"},{"floor":13,"key":"StrikeDummy"},{"floor":25,"key":"Omamori"},{"floor":26,"key":"MealTicket"},{"floor":34,"key":"Pen Nib"},{"floor":34,"key":"Ornamental Fan"},{"floor":34,"key":"FossilizedHelix"},{"floor":42,"key":"Meat on the Bone"},{"floor":44,"key":"Boot"},{"floor":48,"key":"InkBottle"},{"floor":54,"key":"Oddly Smooth Stone"}],"event_choices":[{"damage_healed":0,"gold_gain":100,"player_choice":"Pray","damage_taken":0,"max_hp_gain":0,"max_hp_loss":0,"event_name":"Golden Shrine","floor":2,"gold_loss":0},{"cards_removed":["Defend_G"],"damage_healed":0,"gold_gain":0,"player_choice":"Card Removal","damage_taken":7,"max_hp_gain":0,"max_hp_loss":0,"event_name":"Golden Wing","floor":5,"gold_loss":0},{"damage_healed":18,"gold_gain":0,"player_choice":"Healed","damage_taken":0,"max_hp_gain":0,"max_hp_loss":0,"event_name":"The Cleric","floor":14,"gold_loss":35},{"damage_healed":0,"gold_gain":0,"player_choice":"Ignored","damage_taken":0,"max_hp_gain":0,"max_hp_loss":0,"event_name":"N\u0027loth","floor":19,"gold_loss":0},{"damage_healed":0,"gold_gain":0,"player_choice":"Opened","damage_taken":0,"relics_obtained":["Peace Pipe"],"max_hp_gain":0,"max_hp_loss":0,"event_name":"The Mausoleum","floor":27,"gold_loss":0,"cards_obtained":["Writhe"]},{"damage_healed":0,"gold_gain":0,"player_choice":"Max HP","damage_taken":0,"max_hp_gain":0,"max_hp_loss":4,"event_name":"Winding Halls","floor":36,"gold_loss":0},{"cards_removed":["Strike_G"],"damage_healed":0,"gold_gain":0,"player_choice":"Card Removal","damage_taken":0,"max_hp_gain":0,"max_hp_loss":0,"event_name":"Wheel of Change","floor":38,"gold_loss":0},{"damage_healed":0,"gold_gain":0,"player_choice":"Ignored","damage_taken":0,"max_hp_gain":0,"max_hp_loss":0,"event_name":"Mysterious Sphere","floor":45,"gold_loss":0},{"damage_healed":0,"gold_gain":0,"player_choice":"Ignored","damage_taken":0,"max_hp_gain":0,"max_hp_loss":0,"event_name":"Tomb of Lord Red Mask","floor":46,"gold_loss":0}],"is_beta":false,"boss_relics":[{"not_picked":["Philosopher\u0027s Stone","Fusion Hammer"],"picked":"Astrolabe"},{"not_picked":["Cursed Key","Black Star"],"picked":"Calling Bell"}],"items_purged_floors":[28],"is_endless":false,"potions_floor_spawned":[3,4,11,13,18,20,22,33,37,42],"ascension_level":1}}