{"host":"3j2m8n0ywf988fwb","time":1609839187,"event":{"mods":["2.2 Compatiblity","Act Like it!","Aspiration","Astrologer","BaseMod","Beaked The Cultist","Better Altar","Better Match","Better Note","Better Sensory Stone","Better Skull","Better Third Choice","CCEM","Colored Map","Colored Powertips","Conspire","Energized Spire","Evolution","Fireblade Mod","GifTheSpireLib","Googly Eyes","Halation","Hallownest","Highlight Path","Hubris","Infinite Spire","Jedi Mod","Jorbs\u0027s Wanderer Trilogy","Marisa????????","Marked Mod","Mimic Mod","Minty Spire (QoL Compilation)","Random Character Button","Relic Stats","Replay The Spire","Robot Space Explorer","Shop Mod","Somnambulant","StSLib","Stuff the Spire","The Bug Knight","The Caster","The Hierophant","The Marked","The Runesmith","TheFirefly","Unceasing Turn Reminder","everything is the same but u backflip on backflip"],"gold_per_floor":[118,118,118,118,138,138,171,171,207,223,223,235,261,261,261,360,360,378,378,378,393,404,404,438,515,554,565,565,565],"floor_reached":28,"playtime":1380,"items_purged":[],"score":291,"play_id":"a49f67be-daaf-47fa-aea3-76f1d8903912","local_time":"20210105033307","is_ascension_mode":true,"campfire_choices":[{"data":"Perfected Strike","floor":6,"key":"SMITH"},{"data":"Havoc","floor":8,"key":"SMITH"},{"data":"Perfected Strike","floor":11,"key":"SMITH"},{"data":"Reaper","floor":15,"key":"SMITH"},{"data":"beaked:MimicWarrior","floor":23,"key":"SMITH"}],"circlet_count":0,"master_deck":["Strike_R","Strike_R","Strike_R","Strike_R","Strike_R","Defend_R","Defend_R","Defend_R","Defend_R","Bash","Disarm","Perfected Strike+1","Havoc+1","Perfected Strike+1","Reaper+1","Metallicize","Demon Form","Pummel","Hallownest:curseDreamersLament","beaked:MimicWarrior+1","beaked:BraceForImpact","Twin Strike"],"relics":["Burning Blood","EVO:Axolotl","aspiration:HiddenCompartment","jedi:shrinkray","jedi:crownofsimplicity","aspiration:BeakedSkillbook","Hallownest:WatcherSealRelic","aspiration:AnachronicSnailShell","infinitespire:Eraser","Eternal Feather"],"acts_visited":["Exordium","Exordium"],"potions_floor_usage":[7,27],"damage_taken":[{"damage":0,"enemies":"2 Louse","floor":1,"turns":3},{"damage":6,"enemies":"Jaw Worm","floor":5,"turns":6},{"damage":20,"enemies":"3 Sentries","floor":7,"turns":7},{"damage":6,"enemies":"Small Slimes","floor":9,"turns":4},{"damage":6,"enemies":"Small Slimes","floor":10,"turns":2},{"damage":9,"enemies":"Red Slaver","floor":12,"turns":2},{"damage":44,"enemies":"Lagavulin","floor":13,"turns":6},{"damage":42,"enemies":"Hexaghost","floor":16,"turns":11},{"damage":27,"enemies":"Hallownest:Guard_and_Sentry","floor":18,"turns":4},{"damage":60,"enemies":"Hallownest:3_Youths","floor":21,"turns":7},{"damage":18,"enemies":"Hallownest:monsterShrumalOgre","floor":22,"turns":5},{"damage":20,"enemies":"Hallownest:Nosk","floor":24,"turns":12},{"damage":7,"enemies":"Hallownest:Warrior_and_Youth","floor":26,"turns":4},{"damage":4,"enemies":"Hallownest:Warrior_and_Youth","floor":27,"turns":5},{"damage":29,"enemies":"Nightmare","floor":28,"turns":4}],"seed_played":"-384662301592391681","potions_obtained":[{"floor":5,"key":"jedi:StrikingPotion"},{"floor":10,"key":"jedi:wingpotion"},{"floor":16,"key":"Strength Potion"},{"floor":22,"key":"Flashbang"}],"is_trial":false,"path_per_floor":["M","?","?","?","M","R","E","R","MIM","M","R","M","E","?","R","B",null,"M","?","?","M","M","R","E","T","MIM","M","NM"],"character_chosen":"IRONCLAD","items_purchased":[],"campfire_rested":0,"item_purchase_floors":[],"current_hp_per_floor":[80,80,73,73,73,73,59,59,59,59,59,56,22,48,48,19,80,62,62,62,38,26,26,15,15,14,25,0,0],"gold":565,"neow_bonus":"RANDOM_EVENT","is_daily":false,"chose_seed":false,"campfire_upgraded":5,"win_rate":0.0,"timestamp":1609839187,"path_taken":["M","?","?","?","M","R","E","R","MIM","M","R","?","E","?","R","BOSS","M","?","?","M","M","R","E","?","MIM","M","NM"],"items_purchased_type":[],"build_version":"2020-12-22","purchased_purges":0,"victory":false,"max_hp_per_floor":[80,80,80,80,80,80,80,80,80,80,80,80,80,80,80,80,80,80,80,80,80,80,80,80,80,80,80,80,80],"relic_stats":{"counters":[15,82],"Eternal Feather":0,"obtain_stats":[{"Hallownest:WatcherSealRelic":19,"aspiration:AnachronicSnailShell":24,"Eternal Feather":26,"EVO:Axolotl":0,"jedi:crownofsimplicity":13,"infinitespire:Eraser":25,"aspiration:HiddenCompartment":3,"aspiration:BeakedSkillbook":17,"Burning Blood":0,"jedi:shrinkray":7},{"Hallownest:WatcherSealRelic":9,"aspiration:AnachronicSnailShell":12,"Eternal Feather":13,"EVO:Axolotl":0,"jedi:crownofsimplicity":7,"infinitespire:Eraser":12,"aspiration:HiddenCompartment":1,"aspiration:BeakedSkillbook":8,"Burning Blood":0,"jedi:shrinkray":3},{"Hallownest:WatcherSealRelic":45,"aspiration:AnachronicSnailShell":69,"Eternal Feather":73,"EVO:Axolotl":0,"jedi:crownofsimplicity":30,"infinitespire:Eraser":69,"aspiration:HiddenCompartment":3,"aspiration:BeakedSkillbook":41,"Burning Blood":0,"jedi:shrinkray":16}],"Burning Blood":78},"card_choices":[{"not_picked":["Run Through","Shrug It Off","Hemokinesis"],"picked":"SKIP","floor":1},{"not_picked":["Armaments","Uppercut"],"picked":"Perfected Strike","floor":5},{"not_picked":["Run Through","Clash"],"picked":"Havoc","floor":7},{"not_picked":["Abandon","Bloodletting"],"picked":"Perfected Strike","floor":10},{"not_picked":["Combust","Sword Boomerang"],"picked":"Reaper","floor":12},{"not_picked":["Abandon","Body Slam"],"picked":"Metallicize","floor":13},{"not_picked":["Barricade","Limit Break"],"picked":"Demon Form","floor":16},{"not_picked":["hubris:CleavingFinish","Clash","Replay:Undeath\u0027s Touch"],"picked":"Pummel","floor":18},{"not_picked":["beaked:SurvivalInstinct","beaked:TuckingFeathers","Pummel+1"],"picked":"beaked:MimicWarrior","floor":21},{"not_picked":["Run Through","beaked:FeelMyPain","Sever Soul"],"picked":"beaked:BraceForImpact","floor":22},{"not_picked":["beaked:Caw","Headbutt","beaked:Cower","beaked:Molting"],"picked":"SKIP","floor":24},{"not_picked":["beaked:SacrificialDive","Combust","Wild Strike+1"],"picked":"Twin Strike","floor":26},{"not_picked":["Hemokinesis","beaked:Daydream","hubris:SharpeningStone","beaked:FeelMyPain+1"],"picked":"SKIP","floor":27}],"player_experience":1106074,"relics_obtained":[{"floor":7,"key":"jedi:shrinkray"},{"floor":13,"key":"jedi:crownofsimplicity"},{"floor":24,"key":"aspiration:AnachronicSnailShell"},{"floor":25,"key":"infinitespire:Eraser"},{"floor":26,"key":"Eternal Feather"}],"event_choices":[{"damage_healed":0,"gold_gain":0,"player_choice":"Relic ","damage_taken":7,"max_hp_gain":0,"max_hp_loss":0,"event_name":"betterThird:BetterScrap","floor":3,"gold_loss":0,"cards_obtained":["ReplayTheSpireMod:GoodbyeWorld"]},{"damage_healed":26,"gold_gain":0,"player_choice":"Banana","damage_taken":0,"max_hp_gain":0,"max_hp_loss":0,"event_name":"Big Fish","floor":14,"gold_loss":0}],"is_beta":false,"boss_relics":[{"not_picked":["SlaversCollar","aspiration:FutureDiary"],"picked":"aspiration:BeakedSkillbook"}],"items_purged_floors":[],"is_endless":false,"potions_floor_spawned":[5,10,16,22],"killed_by":"Nightmare","ascension_level":4}}