{"host":"7xbu8gt067z192g2","time":1609890404,"event":{"mods":["BaseMod","Better Note","Colored Map","Colored Powertips","Googly Eyes","Highlight Path","Minty Spire (QoL Compilation)","Rare Cards Sparkle","Replay The Spire","StSLib","The Bladedancer","The Cursed","The Hierophant","The Valiant","The Wild Card"],"gold_per_floor":[112,112,24,24,37,71,83,114,195,195,221,27,27,45,45,142,142,154,36,0,0,16,44,56,56,56,56,69,69,69],"floor_reached":29,"playtime":1734,"items_purged":[],"score":342,"play_id":"e419f54b-d2ac-4555-9054-faa9ee820614","local_time":"20210105184644","is_ascension_mode":true,"campfire_choices":[{"data":"ReplayTheSpireMod:GoodbyeWorld","floor":13,"key":"SMITH"},{"floor":25,"key":"REST"}],"circlet_count":0,"master_deck":["Strike_B","Strike_B","Strike_B","Defend_B+1","Defend_B","Zap","Dualcast","White Noise","Go for the Eyes","Loop","Conserve Battery","BasicCrystalCard","Coolheaded+1","Sunder","Mirror Shield","ReplayTheSpireMod:GoodbyeWorld+1","Redo","Sickly","ReplayRNGCard","Sickly","Clumsy","Loop","Reboot","Compile Driver","BasicCrystalCard+1","Chill","Echo Form","Genetic Algorithm+1","Reboot","Glacier","Heatsinks","Barrage","Barrage"],"relics":["Cracked Core","NeowsBlessing","CaptainsWheel","Winged Necklace","The Courier","War Paint","Cables","Replay:Ancient Bell","Replay:Mystery Machine","Quantum Egg","Prayer Wheel","Orrery","Replay:Wax Seal","Blue Doll"],"acts_visited":["Exordium","TheCity"],"potions_floor_usage":[11,14,16,23,24],"damage_taken":[{"damage":0,"enemies":"Small Slimes","floor":1,"turns":1},{"damage":0,"enemies":"Cultist","floor":5,"turns":1},{"damage":0,"enemies":"Replay:BlueRogue","floor":6,"turns":1},{"damage":7,"enemies":"Jaw Worm","floor":7,"turns":2},{"damage":5,"enemies":"3 Sentries","floor":8,"turns":8},{"damage":0,"enemies":"Gremlin Nob","floor":11,"turns":4},{"damage":18,"enemies":"Exordium Thugs","floor":14,"turns":5},{"damage":42,"enemies":"Slime Boss","floor":16,"turns":13},{"damage":30,"enemies":"Spheric Guardian","floor":18,"turns":11},{"damage":15,"enemies":"Shell Parasite","floor":22,"turns":4},{"damage":13,"enemies":"Replay:Snechameleon","floor":23,"turns":8},{"damage":14,"enemies":"3 Cultists","floor":24,"turns":6},{"damage":22,"enemies":"Snake Plant","floor":28,"turns":7},{"damage":17,"enemies":"Book of Stabbing","floor":29,"turns":1}],"seed_played":"2433392277664569181","potions_obtained":[{"floor":1,"key":"Explosive Potion"},{"floor":7,"key":"EssenceOfDarkness"},{"floor":10,"key":"Regen Potion"},{"floor":14,"key":"Block Potion"},{"floor":22,"key":"FocusPotion"},{"floor":23,"key":"Strength Potion"},{"floor":28,"key":"PotionOfCapacity"}],"is_trial":false,"path_per_floor":["M","?","$","?","M","E","M","E","T","?","E","$","R","M","R_BF","B",null,"M","$","?","?","M","E","M","R","T","?","M","E"],"character_chosen":"DEFECT","items_purchased":["Loop","Conserve Battery","Cables","Orrery"],"campfire_rested":1,"item_purchase_floors":[3,3,12,19],"current_hp_per_floor":[75,75,75,75,75,75,68,63,63,63,63,63,63,45,45,15,75,45,45,45,45,30,17,3,25,25,25,3,0,0],"gold":69,"neow_bonus":"THREE_ENEMY_KILL","is_daily":false,"chose_seed":false,"campfire_upgraded":1,"win_rate":0.0,"timestamp":1609890404,"path_taken":["M","?","?","?","?","E","M","E","T","?","E","$","R","M","R_BF","BOSS","M","$","?","?","M","E","M","R","T","?","M","E"],"items_purchased_type":["Card","Card","Relic","Relic"],"build_version":"2020-12-22","purchased_purges":0,"victory":false,"max_hp_per_floor":[75,75,75,75,75,75,75,75,75,75,75,75,75,75,75,75,75,75,75,75,75,75,75,75,75,75,75,75,75,75],"card_choices":[{"not_picked":["Heatsinks","Turbo"],"picked":"White Noise","floor":1},{"not_picked":["Steam","Leap"],"picked":"BasicCrystalCard","floor":5},{"not_picked":["Barrage","Redo"],"picked":"Coolheaded","floor":6},{"not_picked":["Beam Cell","BasicCrystalCard"],"picked":"Sunder","floor":7},{"not_picked":["Aggregate","BootSequence"],"picked":"Mirror Shield","floor":8},{"not_picked":["Barrage","Defragment"],"picked":"ReplayTheSpireMod:GoodbyeWorld","floor":11},{"not_picked":["Steam","Coolheaded"],"picked":"Redo","floor":14},{"not_picked":["Fission","Amplify"],"picked":"ReplayRNGCard","floor":16},{"not_picked":["Normality","ReplayTheSpireMod:Restless Dread"],"picked":"Sickly","floor":17},{"not_picked":["ReplayTheSpireMod:Faulty Equipment","Voices"],"picked":"Clumsy","floor":17},{"not_picked":["Spreading Infection","AbeCurse"],"picked":"Amnesia","floor":17},{"not_picked":["ReplaySolidLightProjector","Hello World+1"],"picked":"Loop","floor":18},{"not_picked":["Crystallizer","Conserve Battery"],"picked":"Reboot","floor":18},{"not_picked":["Sweeping Beam","Sunder"],"picked":"Compile Driver","floor":19},{"not_picked":["Leap","Cold Snap+1"],"picked":"BasicCrystalCard+1","floor":19},{"not_picked":["Coolheaded","Recycle"],"picked":"Chill","floor":19},{"not_picked":["Doom and Gloom","Mirror Shield"],"picked":"Echo Form","floor":19},{"not_picked":["Sweeping Beam","Streamline"],"picked":"Genetic Algorithm+1","floor":22},{"not_picked":["Streamline","Conserve Battery","Hello World+1"],"picked":"SKIP","floor":22},{"not_picked":["Cold Snap","Glacier","Gash+1"],"picked":"SKIP","floor":23},{"not_picked":["Cold Snap","Steam Power"],"picked":"Reboot","floor":24},{"not_picked":["ReplayTheSpireMod:Repulse","Chill","Ball Lightning"],"picked":"SKIP","floor":24},{"not_picked":["Steam+1","ReplaySolidLightProjector"],"picked":"Barrage","floor":28},{"not_picked":["ReplayTheSpireMod:System Scan+1","Doom and Gloom+1"],"picked":"Barrage","floor":28}],"player_experience":144910,"relics_obtained":[{"floor":6,"key":"CaptainsWheel"},{"floor":8,"key":"Winged Necklace"},{"floor":9,"key":"The Courier"},{"floor":11,"key":"War Paint"},{"floor":23,"key":"Replay:Wax Seal"},{"floor":26,"key":"Blue Doll"}],"event_choices":[{"damage_healed":0,"gold_gain":0,"player_choice":"2 cards matched","damage_taken":0,"max_hp_gain":0,"max_hp_loss":0,"event_name":"Match and Keep!","floor":2,"gold_loss":0,"cards_obtained":["ReplayTheSpireMod:Restless Dread","Go for the Eyes"]},{"cards_removed":["Strike_B"],"damage_healed":0,"gold_gain":0,"player_choice":"Offered Basic","damage_taken":0,"max_hp_gain":0,"max_hp_loss":0,"event_name":"Bonfire Elementals","floor":4,"gold_loss":0},{"damage_healed":0,"gold_gain":0,"player_choice":"Got Potions","damage_taken":0,"max_hp_gain":0,"max_hp_loss":0,"event_name":"Lab","floor":10,"gold_loss":0},{"damage_healed":0,"gold_gain":0,"player_choice":"Paid Fearfully","damage_taken":0,"max_hp_gain":0,"max_hp_loss":0,"event_name":"Masked Bandits","floor":20,"gold_loss":36},{"cards_removed":["Amnesia"],"damage_healed":0,"gold_gain":0,"player_choice":"Elegance","damage_taken":0,"max_hp_gain":0,"max_hp_loss":0,"event_name":"Back to Basics","floor":21,"gold_loss":0},{"damage_healed":0,"gold_gain":0,"cards_transformed":["Defend_B","Defend_B"],"player_choice":"Became Test Subject","damage_taken":0,"max_hp_gain":0,"max_hp_loss":0,"event_name":"Drug Dealer","floor":27,"gold_loss":0,"cards_obtained":["Glacier","Heatsinks"]}],"is_beta":false,"boss_relics":[{"not_picked":["Replay:Grab Bag","Replay:Bronze Core"],"picked":"Replay:Ancient Bell"},{"not_picked":["Pet Ghost","Regal Pillow"],"picked":"Replay:Mystery Machine"},{"not_picked":["Replay:Bottled Eggs","Symbiotic Virus"],"picked":"Quantum Egg"},{"not_picked":["StoneCalendar","Ginger"],"picked":"Prayer Wheel"}],"items_purged_floors":[],"is_endless":false,"potions_floor_spawned":[1,7,14,22,23,28],"killed_by":"Book of Stabbing","ascension_level":2}}