{"host":"qxeepl7ydvsgmfdb","time":1609865999,"event":{"mods":["AchievementEnabler","BaseMod","Colored Powertips","Minty Spire (QoL Compilation)","Quick Restart","slay the spire mod where everything is the same but ironclad has a cowboy hat"],"gold_per_floor":[115,190,91,266,266,266,299,299,326,354,369,369,389,408,408,538,538,563,583,130,130,130,169,169,169,219,219,260,336,336,357,357,486,486,500,524,857,877,499,499,499],"floor_reached":40,"playtime":1086,"items_purged":["Doubt"],"score":578,"play_id":"ece53442-59ca-4305-81a4-2eb3b0630a46","local_time":"20210105115959","is_ascension_mode":true,"campfire_choices":[{"data":"White Noise","floor":6.0,"key":"SMITH"},{"data":"Zap","floor":8.0,"key":"SMITH"},{"floor":15.0,"key":"REST"},{"floor":25.0,"key":"REST"},{"floor":30.0,"key":"REST"},{"data":"Chaos","floor":32.0,"key":"SMITH"}],"circlet_count":0,"master_deck":["Defend_B","Defend_B","Zap+1","Dualcast+1","Lockon","White Noise+1","Sweeping Beam","Leap","Redo","Rainbow","Rainbow","Defragment","Darkness","Bite","Bite","Bite","Bite","Bite","Cold Snap","Chaos+1","Electrodynamics","Leap+1","White Noise+1"],"relics":["Cracked Core","NeowsBlessing","Letter Opener","Ancient Tea Set","Regal Pillow","SacredBark","Lee\u0027s Waffle","Smiling Mask","Orichalcum","MutagenicStrength","Mummified Hand","Kunai","Empty Cage","Membership Card","Lantern","Turnip"],"acts_visited":["Exordium","TheCity","TheBeyond"],"potions_floor_usage":[33],"damage_taken":[{"damage":0.0,"enemies":"2 Louse","floor":1.0,"turns":1.0},{"damage":0.0,"enemies":"Gremlin Nob","floor":7.0,"turns":1.0},{"damage":0.0,"enemies":"3 Sentries","floor":10.0,"turns":1.0},{"damage":7.0,"enemies":"Jaw Worm","floor":11.0,"turns":2.0},{"damage":0.0,"enemies":"Small Slimes","floor":13.0,"turns":2.0},{"damage":1.0,"enemies":"2 Fungi Beasts","floor":14.0,"turns":2.0},{"damage":39.0,"enemies":"Slime Boss","floor":16.0,"turns":11.0},{"damage":0.0,"enemies":"3 Byrds","floor":18.0,"turns":2.0},{"damage":5.0,"enemies":"Chosen","floor":19.0,"turns":4.0},{"damage":53.0,"enemies":"Book of Stabbing","floor":23.0,"turns":6.0},{"damage":94.0,"enemies":"Slavers","floor":28.0,"turns":9.0},{"damage":3.0,"enemies":"Snecko","floor":31.0,"turns":4.0},{"damage":89,"enemies":"Champ","floor":33,"turns":11},{"damage":3,"enemies":"3 Shapes","floor":35,"turns":3},{"damage":11,"enemies":"Orb Walker","floor":36,"turns":3},{"damage":35,"enemies":"Sphere and 2 Shapes","floor":38,"turns":4},{"damage":45,"enemies":"Nemesis","floor":40,"turns":5}],"seed_played":"-601102237984911259","potions_obtained":[{"floor":10.0,"key":"FocusPotion"},{"floor":11.0,"key":"EssenceOfSteel"},{"floor":14.0,"key":"Energy Potion"},{"floor":18.0,"key":"Strength Potion"},{"floor":23.0,"key":"FairyPotion"},{"floor":31.0,"key":"Regen Potion"}],"is_trial":false,"path_per_floor":["M","?","$","?","?","R","E","R","T","E","M","?","M","M","R","B",null,"M","M","$","?","$","E","?","R","T","?","E","T","R","M","R","B",null,"M","M","?","M","$","E"],"character_chosen":"DEFECT","items_purchased":["White Noise","Sweeping Beam","Blood Vial","Lee\u0027s Waffle","Darkness","Membership Card","Lantern","Turnip"],"campfire_rested":3,"item_purchase_floors":[3,3,20,20,20,39,39,39],"current_hp_per_floor":[75,64,64,64,49,49,49,49,49,49,42,24,24,23,60,21,75,75,70,82,82,82,37,37,76,76,76,44,44,82,79,79,29,82,79,70,70,39,39,0,0],"gold":499,"neow_bonus":"THREE_ENEMY_KILL","is_daily":false,"chose_seed":false,"campfire_upgraded":3,"win_rate":0.0,"timestamp":1609865999,"path_taken":["M","?","$","?","?","R","E","R","T","E","M","?","M","M","R","BOSS","M","M","$","?","$","E","?","R","T","?","E","?","R","?","R","BOSS","M","?","?","M","$","E"],"items_purchased_type":["Card","Card","Relic","Relic","Card","Relic","Relic","Relic"],"build_version":"2020-12-22","purchased_purges":1,"victory":false,"max_hp_per_floor":[75,75,75,75,75,75,75,75,75,75,75,75,75,75,75,75,75,75,75,82,82,82,82,82,82,82,82,82,82,82,82,82,82,82,82,82,82,82,82,82,82],"card_choices":[{"not_picked":["Gash","Doom and Gloom"],"picked":"Lockon","floor":1.0},{"not_picked":["Compile Driver","Tempest","Gash"],"picked":"SKIP","floor":7.0},{"not_picked":["Fission","Undo","Hologram"],"picked":"SKIP","floor":10.0},{"not_picked":["Turbo","Rebound"],"picked":"Leap","floor":11.0},{"not_picked":["Go for the Eyes","Hologram"],"picked":"Redo","floor":13.0},{"not_picked":["Cold Snap","Redo"],"picked":"Rainbow","floor":14.0},{"not_picked":["Machine Learning","Biased Cognition"],"picked":"Rainbow","floor":16.0},{"not_picked":["Cold Snap","Redo"],"picked":"Defragment","floor":18.0},{"not_picked":["Hello World","FTL","Genetic Algorithm"],"picked":"SKIP","floor":19.0},{"not_picked":["Compile Driver","Hologram+1"],"picked":"Cold Snap","floor":23.0},{"not_picked":["Beam Cell","Compile Driver+1","Sunder"],"picked":"SKIP","floor":28.0},{"not_picked":["Coolheaded","Stack+1"],"picked":"Chaos","floor":31.0},{"not_picked":["All For One","Meteor Strike"],"picked":"Electrodynamics","floor":33},{"not_picked":["Streamline","Gash+1"],"picked":"Leap+1","floor":35},{"not_picked":["Streamline+1","Leap","Loop"],"picked":"SKIP","floor":36},{"not_picked":["Streamline","Turbo"],"picked":"White Noise+1","floor":38}],"player_experience":373246,"relics_obtained":[{"floor":7.0,"key":"Letter Opener"},{"floor":9.0,"key":"Ancient Tea Set"},{"floor":10.0,"key":"Regal Pillow"},{"floor":23.0,"key":"Smiling Mask"},{"floor":26.0,"key":"Orichalcum"},{"floor":28.0,"key":"Mummified Hand"},{"floor":29.0,"key":"Kunai"}],"event_choices":[{"damage_healed":0.0,"max_hp_gain":0.0,"max_hp_loss":0.0,"gold_gain":75.0,"event_name":"World of Goop","player_choice":"Gather Gold","floor":2.0,"gold_loss":0.0,"damage_taken":11.0},{"damage_healed":0.0,"max_hp_gain":0.0,"max_hp_loss":0.0,"gold_gain":175.0,"event_name":"Liars Game","player_choice":"AGREE","floor":4.0,"gold_loss":0.0,"damage_taken":0.0,"cards_obtained":["Doubt"]},{"damage_healed":0.0,"max_hp_gain":0.0,"max_hp_loss":0.0,"gold_gain":0.0,"event_name":"Shining Light","player_choice":"Entered Light","floor":5.0,"gold_loss":0.0,"damage_taken":15.0,"cards_upgraded":["Dualcast","Strike_B"]},{"damage_healed":0.0,"max_hp_gain":0.0,"max_hp_loss":0.0,"gold_gain":0.0,"event_name":"Golden Idol","player_choice":"Take Damage","floor":12.0,"gold_loss":0.0,"damage_taken":18.0,"relics_obtained":["Golden Idol"]},{"damage_healed":0.0,"max_hp_gain":0.0,"max_hp_loss":0.0,"gold_gain":0.0,"event_name":"Vampires","player_choice":"Became a vampire (Vial)","floor":21.0,"relics_lost":["Blood Vial"],"gold_loss":0.0,"damage_taken":0.0,"cards_obtained":["Bite","Bite","Bite","Bite","Bite"]},{"damage_healed":0.0,"max_hp_gain":0.0,"max_hp_loss":0.0,"gold_gain":0.0,"event_name":"Ghosts","player_choice":"Ignored","floor":24.0,"gold_loss":0.0,"damage_taken":0.0},{"damage_healed":0.0,"max_hp_gain":0.0,"max_hp_loss":0.0,"gold_gain":0.0,"event_name":"Drug Dealer","player_choice":"Inject Mutagens","floor":27.0,"gold_loss":0.0,"damage_taken":0.0,"relics_obtained":["MutagenicStrength"]},{"damage_healed":0,"gold_gain":333,"player_choice":"Gave Idol","damage_taken":0,"max_hp_gain":0,"max_hp_loss":0,"event_name":"The Moai Head","floor":37,"relics_lost":["Golden Idol"],"gold_loss":0}],"is_beta":false,"boss_relics":[{"not_picked":["SlaversCollar","Philosopher\u0027s Stone"],"picked":"SacredBark"},{"not_picked":["Astrolabe","Velvet Choker"],"picked":"Empty Cage"}],"items_purged_floors":[20],"is_endless":false,"potions_floor_spawned":[10,11,14,18,23,31],"killed_by":"Nemesis","ascension_level":2}}